1600 2700
107 364 1310 411 rückkehren, wiederkehren, umkehren, ſich wenden), gehen, ſchleichen,
107 424 1310 471 bedeutet allgemein das Hauseinſchleichen der Gauner in der Ab-
106 483 1309 530 ſicht zu ſtehlen, ohne ſpecielle Rückſicht auf eine beſtimmte Weiſe
108 543 1306 591 wie der Maſſematten dabei gehandelt wird, und zu welcher Tages-
106 603 1309 651 zeit dies geſchieht.  Ein Kittenſchub kann daher zu jeder
106 664 1308 711 Tageszeit, mit und ohne Schränken und Makkenen gehalten werden,
105 723 1307 771 und Kittenſchieber  iſt daher allgemein der Hauseinſchleicher.
104 782 1306 831 Gleichbedeutend iſt der Hoſen (vom deutſchen Haus, Hauſer,
104 842 1306 890 hauſiren), Hauseinſchleicher, welches Thiele, a. a. O., I, 257,
102 902 1306 950 vom leiſen Tritt (?) ableitet und unrichtig auf den Küchenein-
102 962 1307 1010 ſchleicher beſchränkt. Endlich iſt noch gleicher allgemeiner Bedeu-
101 1022 1304 1070 tung mit Kittenſchieber und Hoſen der Ausdruck Zgocker, eigent-
101 1083 1304 1130 lich Zugucker, vom deutſchen Gucken, Sehen, Zuſehen, zu
100 1143 1072 1190 unterſcheiden von Zchocker, Spieler (vgl. Kap. 76).
404 1357 982 1401 β) Arten des Kittenſchiebens.
477 1449 904 1493 Dreiundfunfzigſtes Kapitel.
507 1532 879 1579 1) Die Zefirgänger.
180 1624 1301 1672 Nach der Zeit, zu welcher der Kittenſchub gehalten wird,
89 1685 1303 1732 unterſcheidet man verſchiedene Arten von Kittenſchiebern. Die
88 1745 1300 1793 Kaudemhalchener , Kaudemgänger, oder Zefirhalche-
87 1804 1302 1853 ner , Zefirgänger, ſind Diebe, welche beſonders zur Morgen-
85 1865 1301 1913 zeit ſich in die vom Geſinde offen gelaſſenen Hausthüren ſchleichen,
659 267 737 306 183
216 1986 1301 2026 Thiele bezeichnet Kittenſchieber als Diebe, welche zur frühen Mor-
85 2032 1301 2072 genzeit im Sommer als Einſchleicher ſtehlen, während Grolman das Kitten-
81 2079 1303 2120 ſchieben als Küchendiebſtahl mittels Einſchleichens bezeichnet, wofür Thiele
82 2126 1301 2168 wieder den Ausdruck Hohſen gebraucht. Beide Reſtrictionen ſind aber nicht
80 2173 1301 2214 richtig. Für beiderlei Art und Zeit des Einſchleichens exiſtiren beſtimmte tech-
78 2220 409 2262 niſche Terminologien.
217 2270 1254 2308 Synonym iſt der Ausdruck Scheinſpringer, Scheinſewecher.
212 2317 1301 2360 Vom hebräiſchen  (kedem), vorn, Oſten, Oſtwind, Sonnenauf-
74 2363 313 2402 gang, Morgen.
297 2413 1022 2453 Von  (Zefiro), Kopfſchmuck, frühe Morgenzeit.
