1600 2702
315 280 1520 327 jüdiſch-deutſch und kaum weiter als unter den jüdiſchen Gau-
314 339 1520 385 nern bekannt. Es iſt vielleicht von , im Hiphil , im Piel
314 398 1520 446 , Nacho, hikko, hakke herzuleiten, wovon auch Makko,
312 457 1520 506 (der Schlag) herſtammt, und bedeutet ſchlagen, hacken, klopfen,
312 515 1521 563 beſonders zu einer beſtimmten Form, prägen, was auch aus dem
310 575 1519 622 wahrſcheinlich davon abzuleitenden Haker (auch Chaker), der Du-
312 634 1519 681 katen , noch deutlicher wird , während makkeinen, mekaji-
311 694 1150 742 nen, ſchlagen, prügeln, mishandeln bedeutet.
405 752 1520 800 Daß nun in neueſter Zeit bei dem Hakeſen ein beſtimmtes
309 811 1520 859 alphabetiſches Syſtem vorhanden und ſogar ſchon von dem Gau-
311 869 1521 918 nerthum ausgebeutet iſt, das iſt ſeit der Einführung und ſeit der,
308 929 1521 977 durch die Unzahl von Eiſenbahnbeamten und Telegraphiſten bis
309 988 1522 1036 zur Popularität gediehenen Kenntniß und Verbreitung der Morſe’-
309 1048 1483 1096 ſchen elektromagnetiſchen Telegraphie eine unbeſtreitbare Thatſache.
308 1107 1522 1154 Für die ſinnliche Auffaſſung findet zwiſchen dem Hakeſen und der
879 184 955 221 100
435 1253 1520 1291 Leicht kann man verſucht werden, das Wort Haker (Dukaten) wel-
307 1300 1521 1339 ches gewöhnlich mit Hagri (ungariſche Münze, Dukaten), in Verbindung
306 1347 1521 1386 gebracht wird, von hikko oder hakke abzuleiten, zumal Rabbi Mair das
306 1390 1520 1432 ſchon ſehr früh gebrauchte Chaker als durchaus falſch verwirft, und Rabbi
306 1440 1520 1478 Abarbanel dies Wort ebenfalls nicht gebraucht, ſondern dafür ausdrücklich
306 1488 1520 1527 Dukote ſohof ſetzt. Die Bezeichnung der Münzen iſt überhaupt im Jüdiſch-
305 1534 1520 1573 Deutſchen äußerſt künſtlich und geſucht. Vgl. „Jüdiſcher Sprachſchatz von
306 1581 625 1618 1742“, S. 67—69.
431 1634 1521 1672 Die Wörter Hackfenne (Art) und Hackfenche (Beil) find unmit-
304 1674 1521 1719 telbar von dem deutſchen hacken hergeleitet, das aber doch wol auch mit dem
303 1728 770 1766 hebräiſchen in Beziehung ſteht.
427 1782 1519 1821 Vgl. Stern, „Medraſch Sepher“, S. 22; Selig, „Lehrbuch der jü-
302 1829 1520 1868 diſch-deutſchen Sprache“, S. 218; „Prager Handlexikon der jüdiſch-deutſchen
302 1876 589 1913 Sprache“, S. 98.
430 1929 1520 1968 Schon längſt iſt aber auch das Hakeſen zum volksthümlichſten Ge-
301 1976 1520 2015 brauch gediehen, wenn auch ein förmlich alphabetiſches Syſtem dabei nicht
301 2023 1520 2061 ausgebildet wurde. Bei vielen Handwerkern, namentlich Metallarbeitern, wird
299 2070 1521 2109 der im Hauſe entfernte Meiſter, Geſelle oder Lehrburſche durch beſtimmte
300 2117 1521 2155 Schläge mit dem Hammer auf den Amboß u. dgl. herbeigerufen. Auch mitten
300 2163 1519 2202 in der Arbeit werden mit dem Hammer Weiſungen gegeben. Jn Straßen,
301 2210 1520 2249 wo ſolche Arbeiter nahe zuſammen wohnen, wiſſen ſie auf eine raſche und ge-
300 2256 1520 2296 ſchickte Art durch Hämmern eine Nachricht raſch und allgemein unter ſich zu
302 2302 449 2330 verbreiten.
