1600 2703
94 305 1302 354 deutſchen Schmiro , Schmiruſſ (von , er hat bewacht,
91 363 1304 411 behütet), die Wache, Wacht, Wachthaus, Wachtpoſten, — hat nicht
92 424 1304 470 nur die falſche Schreibweiſe Schmiere, ſondern auch die dieſem
93 485 1305 533 ſinnverwandten Wörter Butter und Käs (auch ſogar Chäs)
96 545 1307 593 mit gleicher Bedeutung von Schmiro geſchaffen, ſodaß man für
95 605 1305 651 den Begriff Wache ſtehen und Wache ausſtellen ebenſo wol
98 664 1306 711 ſagen kann: Schmire ſtehen, Schmire ſtellen, als Butter
97 724 1306 771 oder Käs ſtehen oder ſtellen. Je nachdem Oertlichkeit und
97 782 1307 831 Gelegenheit es vorſchreibt, ſtellt ſich die Schmire offen in der
96 842 1307 892 Gegend des Einbruchs zur Beobachtung der etwa zu befürchten-
95 904 1307 953 den Störung auf, und hat dabei die Aufgabe, die Störung auf-
97 965 1308 1011 zuhalten und, wie z. B. durch das Meiſtern, wovon ſchon oben
96 1025 1307 1073 geſprochen iſt, zu paralyſiren, aber auch, wenn das nicht gelingen
96 1086 1309 1134 will, den verabredeten Zinken zum Rückzug zu geben. Sehr oft
97 1145 1309 1192 müſſen ſich aber die Schmiren verſteckt aufſtellen, namentlich wenn
96 1206 1310 1253 in der Nähe ein Militärpoſten ſteht, oder Nachtwächter und Pa-
98 1267 1312 1315 trouillen häufig paſſiren; dieſe verſteckten Schmiren werden mit dem
96 1326 1310 1374 Kunſtausdruck betuchte Schmiren  bezeichnet. Von den Zinken,
97 1387 1310 1434 welche gegeben werden, wenn ein Wächter oder der Beſtohlene,
100 1447 1311 1495 oder ein Dritter, ein Lampen  herzukommt, iſt ſchon oben im
100 1506 1311 1555 Abſchnitt vom Zinkenen geredet worden. Die Zinken werden,
99 1567 1313 1613 wenn ſie nicht ſchon in einer Chawruſſe ein für alle mal, oder
99 1626 1314 1675 für eine beſtimmte Zeit feſtgeſetzt ſind, vor Beginn des Unter-
100 1686 1312 1735 nehmens verabredet, ſodaß ein Zinken, gewöhnlich ein Schnalzen
99 1746 1313 1795 mit der Zunge, den von ferne nahenden Wächter oder Beſtohlenen
100 1806 1313 1853 als ſtillen Lampen, ein anderer Zinken den ſchon nahen und
100 1866 1316 1913 Unternehmen und Unternehmer ernſtlich bedrohenden Wächter
97 1926 1313 1973 u. ſ. w., den vollen Lampen, bezeichnet, bei welchem letztern
653 209 729 246 139
224 2065 868 2105 Davon Laileſchmir, der Nachtwächter.
307 2114 1316 2178 Von  (betach), Vertrauen, Sicherheit, wovon das jüdiſch-deutſche
99 2150 939 2201 Adjectiv  (betuach), ſicher, zuverläſſig, geborgen.
223 2206 1315 2248 Eigentlich Lamden, von , er hat ſich gewöhnt, gelernt, wo-
98 2234 1315 2294 von das jüdiſch-deutſche  (Lamdon), der Gelehrte, Geweckte, Aufpaſſer;
100 2303 1316 2342 aber auch der verfolgende Beſtohlene (Balhei) und jede andere verfolgende
101 2350 208 2385 Perſon.
