1600 1970
339 261 1438 308 den Noten vorzukommen pflegt, ſo haͤlt man den Vorſchlag gantz
338 308 1439 355 lang, und ſchnappt hernach gantz kurtz mit dieſem Triller ab, in-
333 354 1185 397 dem man den Finger von der Taſte entfernet. (c).
397 397 1439 442 §. 35. Man findet ihn oft auſſer den Cadentzen und Fer-
340 445 1438 488 maten, bey Paſſagien, wo drey oder auch mehrere Noten herunter
341 490 1440 533 ſteigen Fig. XLVIII. und, weil er die Natur eines Trillers ohne
340 535 1480 579 Nachſchlag hat, welcher ſich herunter neiget, ſo iſt er, wie die-
339 578 1439 625 ſer, in Faͤllen anzutreffen, wo auf lange Noten kurtze hinter-
343 625 1242 670 her folgen, wie wir Tab. V. bey Fig. XLIX. ſehen.
346 667 1438 713 §. 36. Bey Gelegenheit des Vortrags dieſes Trillers mer-
340 711 1438 756 cken wir noch an, daß ſich auf dem Forte piano, wenn dieſe
339 753 1439 801 Manier leiſe gemacht werden ſoll, eine bey nahe unuͤberſteigliche
339 800 1438 846 Schwierigkeit findet. Man weiß, daß alles Schnellen durch
338 847 1440 893 einen gewiſſen Grad der Gewalt geſchehen muß; dieſe Gewalt
337 894 1440 940 macht allezeit den Anſchlag auf dieſem Jnſtrumente ſtarck; unſer
338 939 1438 983 Triller kan gantz und gar nicht ohne Schnellen hervor gebracht
340 983 1436 1024 werden; alſo leidet ein Clavier-Spieler allezeit hierinnen, um ſo
341 1023 1437 1068 viel mehr, da dieſer Triller gar ſehr oft theils allein, theils in
341 1066 1437 1116 Geſellſchaft des Doppel-Schlags nach einem Vorſchlag, und folg-
341 1112 1438 1164 lich nach den Regeln des Vortrags aller Vorſchlaͤge, piano vor-
339 1156 1438 1212 koͤmmt. Dieſe Unbequemlichkeit ereignet ſich bey allem Schnel-
339 1202 1436 1256 len, beſonders aber hier bey der ſchaͤrfſten Art von Schnellen.
338 1248 1437 1301 Jch zweifle, ob man auch durch die groͤßte Uebung, die Staͤrcke des
337 1294 1436 1345 Anſchlags bey dieſem Triller auf benanntem Jnſtrumente allezeit
337 1340 957 1391 in ſeiner Gewalt wird haben koͤnnen.
414 189 1438 237 Das zweyte Hauptſt. dritte Abth. Von den Trillern.
335 199 384 240 74
1290 1600 1434 1645 Vierte
199 276 323 305 Tab. IV.
211 624 326 654 Tab. V.
