1600 1975
204 1604 891 1660 Bachs Verſuch. 2. Theil. A
585 743 924 833 Einleitung.
310 856 808 943 §. 1.
310 983 1303 1052 Die Orgel, der Flügel, das Fortepiano und das
401 1049 1329 1102 Clavicord ſind die gebräuchlichſten Clavierinſtru-
402 1100 900 1149 mente zum Accompagnement.
264 1140 1302 1198 §. 2. Es iſt Schade, daß die ſchöne Erfindung des Hol-
169 1183 1301 1241 feldiſchen Bogenclaviers noch nicht gemeinnützig geworden iſt;
171 1231 1301 1284 man kann dahero deſſen beſondere Vorzüge hierinnen noch nicht
169 1277 1299 1335 genau beſtimmen. Es iſt gewiß zu glauben, daß es ſich auch bey
170 1330 816 1377 der Begleitung gut ausnehmen werde.
262 1368 1297 1426 §. 3. Die Orgel iſt bey Kirchenſachen, wegen der Fugen,
171 1416 1298 1473 ſtarken Chöre, und überhaupt der Bindung wegen unentbehrlich.
172 1465 1102 1515 Sie befördert die Pracht und erhält die Ordnung.
206 1511 1332 1600 §. 4. So bald aber in der Kirche Recitative und Arien,
170 1556 1299 1607 beſonders ſolche, wo die Mittelſtimmen der Singſtimme, durch ein
1199 1606 1298 1651 ſimpel
