1600 2416
213 421 1430 460 finden, und sehen vielmehr aus wie kleine Klümpchen Eiweiſs. Eine vierte Art
213 464 1433 505 von Körpern ist rund, kleiner als die erste Art und enthält im Innern ein einzel-
214 506 1434 544 nes kleineres rundes Körnchen oder Bläschen. Diese vierte Art von Körpern finde
213 549 1435 589 ich meist nur in der Umgegend der Centralhöhle und auch da nicht in allen
214 598 343 633 Eiern .
329 654 1436 692 Im Innern des Dotters ist nämlich ein Raum, der nicht von gewöhnlicher
218 698 1434 738 Dottermasse ausgefüllt ist, sondern nur eine eiweiſshaltige Flüssigkeit mit einer
216 741 1433 783 geringen Quantität einer sehr weichen, weiſsen, kleinkörnigen Masse enthält.
217 784 1437 822 Von dieser Centralhöhle erhebt sieh ein hohler Gang nach dem Hahnentritte .
214 825 1438 865 Ich zweifle nicht, daſs in der Höhlung der Grund liegt, warum der Dotter sich
214 870 1436 909 stets so dreht, daſs der Hahnentritt nach oben sieht. Zuvörderst schien mir die
215 911 1437 953 Centralhöhle selbst, so unregelmäſsig auch ihre Form ist, ihren Mittelpunkt nicht
220 956 1438 997 im Mittelpunkte der Dotterkugel, sondern dem Hahnentritte etwas näher zu ha-
220 1000 1439 1037 ben. Ferner macht aber auch der hohle Gang das Uebergewicht der entgegen-
219 1042 1437 1083 gesetzten Seite entschieden. Diese also sinkt nach unten und der Gang ist nach
220 1085 1439 1127 oben gerichtet. Der Gang aber geht immer auf den Hahnentritt zu; sogar in dem
220 1128 1439 1169 oben (§. 2. e.) erwähnten Ei, wo der Hahnentritt so nahe an der einen Hagel-
220 1171 1440 1209 schnur sich befand, endete der Gang unter jenem, und dem entsprach die Stellung
221 1215 1440 1254 des Dotters. Die Bildungsgeschichte des Eies macht es überdies wahrscheinlich,
221 1258 1442 1295 daſs die Centralhöhle und der Hahnentritt in ihrer Entwickelung sich gegenseitig
221 1301 1443 1342 bedingen, und schon hierdurch wird es einleuchtender, daſs sie auch in der
222 1344 1442 1385 Stellung zunächst einander bestimmen . — Die Centralhöhle und der Kanal
221 1387 1443 1427 sind von einer Lage kleinerer und weiſserer Körnchen ausgekleidet, als die übrige
225 1434 517 1461 Dottermasse enthält.
335 1493 1441 1534 Die Hauptbestandtheile des Dotters sind Eiweiſsstoff 0,17, Wasser 0,54,
225 1535 1443 1577 und Oel oder flüssiges Fett 0,29. Wenn man ihn verbrennt, so bleibt etwas
799 357 838 383 20
56 664 194 682 Centralhöh-
56 688 203 713 le. Fig. 2. d.
283 1658 1441 1684 Die verschiedenen Arten der Dotterkörnchen sind sehr gut abgebildet in Gruithuisen’s
277 1689 1444 1716 Beiträgen zur Physiognosie Tab. III. Die dritte Art von Körnchen, welche weiſslich und un-
277 1722 608 1749 regelmäſsig ist, fehlt aber.
302 1759 893 1794 Häufig erreicht er den Hahnentritt nicht ganz.
313 1794 1441 1819 Es ist auffallend, daſs Purkinje, der zuerst die Centralhöhle in seiner Gratulations-
277 1825 1442 1849 schrift an Blumenbach ausführlich beschrieben hat, nachdem man sie seit dem Bellini-
277 1857 1443 1885 schen Problem (Comment. Bononienses. Vol. II.) ziemlich vergessen hatte, dennoch die Stellung
279 1888 1444 1914 der Dotterkugel von den Hagelschnüren ableitet. Ich habe diesen Punkt so ausführlich be-
278 1918 1443 1946 handelt, weil er fast der einzige ist, in welchem ich von Purkinje abweiche, obgleich ich
279 1949 1444 1976 auch in diesem Abschnitte das Vorgetragene nur nach eigener Untersuchung gebe, mit Aus-
279 1981 667 2003 nahme der chemischen Notizen.
