1600 2416
1399 722 1536 741 l. Erste Bil-
1386 746 1521 771 dungsstätte.
150 412 1371 453 Man hätte beim Anblicke eines langgestielten Nabelbläschens gar nicht auf den Ge-
150 456 1371 495 danken kommen können, daſs an und auf ihm der Embryo sich bildet, und hat
149 499 1371 535 deshalb in der That an Eiern, wo der Embryo vom Nabelbläschen noch nicht ent-
151 542 720 579 fernt ist, dieses nothwendig verkannt.
242 586 1369 625 Eine vollständige Kenntniſs der Ausbildung der Blutgefäſse an der mensch-
147 628 1371 669 lichen Frucht selbst zu erlangen ist ohnehin fast unmöglich, da wir nur in sehr
147 672 1110 709 günstigen Fällen noch in den gröſsern Gefäſsen rothes Blut finden.
242 715 1370 755 Sie kennen die Bildungsgeschichte des Eies der Säugethiere und werden leicht
146 757 1371 792 vermuthen, daſs die Geschichte des Eies vom Menschen nur eine Besonderheit der
146 801 1370 838 allgemeinen Geschichte des Säugethier-Eies ist. Sie werden daher erwarten, daſs
148 843 1372 882 auch im Eierstocke des menschlichen Weibes Dotterkugeln in den Graaf’schen Bläs-
147 886 1371 926 chen liegen. Ich füge noch hinzu, daſs ich diese Dotterkugeln, deren Daseyn
146 930 1369 967 Seiler bestätigt, ungemein klein fand. Daſs das Ei nach einem fruchtbaren
146 972 1371 1011 Beischlafe von dem benachbarten Eileiter aufgenommen werde, ist eben so wenig
146 1016 1369 1056 zu bezweifeln. Aber schon in Hinsicht der Zeit hat man wenig oder gar kein
145 1058 237 1085 Maaſs.
236 1101 1368 1142 Nachdem die Kapsel sich geöffnet hat, wobei häufiger Blut in die Höhlung
144 1144 1368 1183 ergossen wird, als bei Thieren, bleibt diese über 8 Tage offen. Die Höhlung wird
144 1187 1367 1227 nur durch die Verdickung der Kapsel, die zugleich sich lebhaft gelb färbt, ge-
144 1230 1367 1268 schlossen. Eine solche, ihre Höhlung ausfüllende Kapsel heiſst nun ein gelber
144 1273 1367 1312 Körper und bildet eine feste Masse, die erst nach beendeter Schwangerschaft sich
144 1316 1365 1355 merklich verkleinert. Bis hierher ist noch völlige Uebereinstimmung mit allen
146 1359 467 1396 übrigen Säugethieren.
237 1402 1364 1440 Allein der Ueberzug des Fruchthälters bildet sich viel früher als in andern
144 1446 1365 1483 Thieren. In denjenigen Familien der Vierfüſser (denn von den Affen wissen wir
144 1489 1363 1527 nichts Bestimmtes), in welchen ein solcher Ueberzug des Fruchthälters deutlich
143 1532 1363 1568 ist, wird er, so weit ich beobachten konnte, doch nie bemerkt, bevor die Eier
143 1575 1363 1613 im Fruchthälter angekommen sind. Beim Menschen aber zeigt sich derselbe, be-
144 1619 1363 1657 vor das Ei im Fruchthälter gefunden wird, und man hat ihn gewöhnlich auch in
144 1661 1362 1699 solchen Fällen gefunden, wo das Ei im Eierstocke, in der Bauchhöhle oder im
144 1705 1362 1744 Eileiter sich weiter entwickelte, indem irgend eine Störung seinen Uebergang in
144 1748 1361 1786 den Fruchthälter hinderte. Es scheint also offenbar, daſs nicht der unmittel-
144 1791 1361 1829 bare Reiz des Eies die Erzeugung dieser Substanz bedingt, sondern eine allgemeine
143 1835 533 1870 Reizung des Fruchthälters.
741 347 795 373 265
144 2009 986 2034 II. L l
1389 1421 1532 1446 m. Ueberzug
1379 1445 1518 1465 des Frucht-
1379 1471 1464 1490 hälters.
207 1944 1314 1970 Ich kann freilich nicht behaupten, daſs die von mir untersuchten Eier der Reife nahe waren.
220 1976 1294 1996 Ich sah so eben einen neuen Fall von einer Decidua bei einer Graviditas tubaria..
