1600 2416
180 437 1398 477 den. Auch macht die groſse Ungeschicklichkeit, die aus der ganzen Darstellung
179 480 1399 523 hervorgeht, auf jeden Fall diese Erfahrung sehr unzuverlässig, und man muſs be-
178 524 1399 563 dauern, daſs der Zufall nicht umsichtigern Beobachtern einen so seltenen Fall zu-
178 566 1399 609 geführt hat. So erzählt Home, daſs Bauer das Eichen, um es aufzuheben,
179 610 1400 651 auf einer Glasplatte habe trocknen lassen. Er hätte es eben so gut braten
180 653 1400 691 oder kochen können. Die Gebrüder Weber in Leipzig glaubten ebenfalls ein Ei
180 696 1401 736 von Einer Woche gesehen zu haben, sind aber selbst darüber im Zweifel. Die
179 738 1402 779 frühesten Eier, welche Velpeau untersucht hat, waren von 10—12 Tagen .
180 781 1402 822 Sie waren zottig und noch ohne Embryo. Ich habe ein Ei von 14 Tagen gesehen,
179 824 1402 864 in welchem der Embryo schon kenntlich war, doch noch so wenig entwickelt,
179 867 1401 909 daſs er nach Analogie der übrigen Säugethiere etwa zwei Tage alt seyn mochte.
179 911 1403 951 Pockels beschreibt ein Ei von 13 Tagen, dessen Embryo um einen halben oder
182 956 1097 996 ganzen Tag älter seyn mochte, obgleich das Ei jünger war.
272 998 1404 1038 Nach diesen Erfahrungen muſs man annehmen, daſs die Zeit, in welcher
181 1041 1403 1081 der Embryo sich bildet, etwas schwankt, wenigstens vom Schlusse des 7ten bis
181 1085 1310 1123 zum 12ten Tage, wenn das, was Home sah, ein werdender Embryo war.
277 1127 1403 1163 Auffallend bleibt es immer, daſs die Vergröſserung des Eies so früh be-
183 1169 1402 1210 ginnt, früher als bei Säugethieren, deren Embryonenleben sehr viel kürzer ist.
183 1213 1402 1250 Man hätte das Gegentheil erwarten sollen, doch sind der Erfahrungen zu viele,
184 1257 835 1286 um sie alle für seltene Ausnahmen zu halten.
279 1299 1403 1336 Die Frage über die Beschaffenheit des menschlichen Eies zu der Zeit, wo
188 1342 1403 1379 es in den Fruchthälter tritt, würde noch viel mehr Zweifeln unterworfen seyn,
186 1386 1404 1424 als die Zeit des Eintrittes, wenn man nicht die Analogie der Säugethiere zu Hülfe
186 1429 417 1458 nehmen könnte.
279 1472 1403 1511 Ueber das Aussehen des Eies in den Eileitern haben wir keine zuverlässige
188 1515 1402 1554 Beobachtung . Das von Home beschriebene Ei früherer Zeit ist das einzige,
187 1559 1403 1596 welches keine zottige Oberfläche zeigte. Wir haben so eben schon bemerkt, daſs
760 373 816 399 270
28 1306 168 1325 o. Aeuſsere
15 1331 99 1350 Eihant.
251 1667 1403 1698 Bei einem dieser Eier wenigstens scheint das Alter zuverlässig. Velpeau: Embryologie et
240 1699 630 1723 ovologie humaine. Fol. 1833.
262 1735 1289 1762 Der Harnsack ist nämlich bedeutend länger in dem von Pockels beschriebenen Eie.
278 1773 1403 1804 Ganz neuerlich hat J. Müller (Archiv für Anatomie, Physiologie u. s. w. Bd. I. S. 8.) eine
241 1804 1404 1833 Frucht beschrieben, die entweder 9 oder 34 Tage alt seyn sollte. Müller, der das erste Maaſs
243 1836 1404 1864 für wahrscheinlicher hält, fand den Embryo 2½ Linien lang, den Durchmesser des Eies 7 — 8
244 1867 1404 1897 Linien. Ein solches Ei kann ich nicht für 9tägig halten. Vielmehr vermuthe ich, daſs der
242 1898 1402 1929 zweite Beischlaf das Ei gelöst hat und daſs es mithin 25 Tage alt war, vom 2ten bis zum 27sten
244 1929 1077 1959 Dec. Dieses Zeitmaaſs stimmt sehr gut mit der Ausbildung der Eier.
254 1965 1403 1996 Seiler sah hier ein kleines Ei, aus zwei in einander liegenden Säcken bestehend, hält es aber
242 1996 613 2023 selbst für ein zurückgehaltenes.
