1600 2676
1281 134 1346 169 189
70 224 1344 270 man aufzufahren hat, richtet ſich nach der Beſchaffenheit der Ackerkrume und des
71 261 1344 309 Lehms und Thones ſelbſt. Nach Block (Mittheil. I. 270.) ſind bei großem Mangel
72 298 1346 344 an Bindung 60 bis 80 Fuhren, jede zu 20 bis 25 Cub. Fuß, nicht zu viel für
77 337 1347 382 1 preuß. Morgen. Bei einer Lockerung der Ackerkrume von 7–8 Zoll bringen
75 375 1303 421 40 Fuhren Lehm zu 25 Cub. Fuß derſelben ungefähr 8–9%, aber 70–80
77 412 1349 458 ſolche Fuhren 16–18% mehr Bindung und Lehmgehalt, und es nimmt die
76 449 1351 493 Ackerkrume um ⅔ bis 1⅓ Zoll an Tiefe zu. Wenn man täglich im Winter 12
75 486 1354 533 Fuhren verſchaffen könne, dann bleibe dieſe Verbeſſerung immer vortheilhaft.
75 523 1391 568 Burger (Lehrb. I. 196.) rechnet auf den Thaer'ſchen Sandboden (= 0,09 an-
76 559 1357 607 geſchwemmten feinen thonartigen Theilen + 0,90 Sand + 0,01 Humus) im
77 600 1074 649 Ganzen 0,0331 Thonerde, wenn der Boden 0,07 voll haben ſoll.
214 643 1360 686 Auch hier richtet ſich die Menge des aufzubringenden Kalkes nach der Be-
78 681 1359 728 ſchaffenheit des Bodens. Auf ſehr bindigen, viele verwesliche Stoffe verſchließenden,
80 717 1359 764 oder ſauren, und viel ſauren Humus haltenden Aeckern iſt nach Block (Mittheil.
76 755 1359 802 I. 259.) ein ſtarkes Kalken zu empfehlen. Ein ſtarkes Kalken iſt nach ihm pr.
79 792 1360 840 Morgen 30–40 Cub. Fuß, ein mittleres 18–24 Cub. Fuß, ein ſchwaches
84 830 1360 875 6–10 Cub. Fuß gebrannter Kalk. Thaer (rat. Landw. II. 243.) gibt als ge-
83 867 1361 915 ringſte Quantität 16 preuß. Scheffel pr. Morgen an, ſagt aber zugleich, er habe
86 904 1361 950 auch beſonders in England 150 Scheffel pr. Morgen angewendet gefunden. (Nach
88 943 1362 990 ſeiner engl. Landw. I. 168. gibt man auf ſchwerem Klay für einen engl. Acre
91 977 1363 1025 = 1,584 preuß. Morgen, 400–500 Bushel = 264 icefrac{3}{20} bis 330 icefrac{3}{16} preuß. Scheffel.)
87 1017 1364 1066 Young (The farmers Calender. p. 44.) rechnet auf 1 Acre 60, auch 100 La-
87 1053 1364 1102 dungen, wovon jede 18 Bahren voll (Barrowfuls) enthält. Burger (Lehr-
86 1088 1365 1136 buch. I. 189.) rechnet 400 bis 800 Metzen auf 1 öſtreich. Joch, alſo auf 1 preuß.
86 1136 694 1176 Morgen ungefähr 190 bis 380 Scheffel.
226 1174 1367 1218 Nach Koppe (Unterricht. II. 47.) muß man dort den Sand 6–12 Zoll
88 1213 1368 1261 hoch auffahren und nach Burger (Lehrbuch. I. 187.) ſind 800 einſpännige Fuder
89 1249 1369 1295 à 6 Cub. Fuß nöthig, um 1 Joch 1 Zoll hoch zu bedecken, oder 351 ſolche Fuder
91 1302 423 1335 auf 1 preuß. Morgen.
230 1333 1371 1375 Block (Mittheilungen. I. 267.) rechnet bei ſtarkem bindendem Boden 30
94 1370 1373 1415 bis 40 Fuhren Sandmergel oder 20 Fuhren Kalkmergel, und auf leichtem ſandigem
95 1406 1373 1453 Boden 40 bis 50 Fuhren Thonmergel, jede Fuhr zu 25 Cub. Fuß. Thaer (rat.
95 1446 1372 1491 Landw. II. 253.) gibt als eine ſchon gute Mergelung 20 bis 25 Ladungen zu
98 1483 1373 1529 18 Cub. Fuß pr. Morgen auf lehmigem oder thonigem Boden an, wenn der Mer-
97 1517 1374 1568 gel 60% Kalk und darüber hält; er rechnet auf ſandigem Boden 120 ſolche
97 1556 1357 1603 Ladungen mergeligen Lehm, doch nehme man von Mergel, der 25% Kalk halte,
97 1593 1375 1640 dazu auch nur 60 ſolche Ladungen. (Thaer's lehmiger Sandboden enthält 80 bis
99 1631 1376 1677 85%, der ſandige Lehmboden aber 70–75% Sand, ration. Landw. II. 141.
98 1667 1376 1715 No. 14–17.) Jenes iſt eine zöllige, dies eine halbzöllige Mergelung, welche
99 1705 1376 1753 leztere Koppe (Unterricht. II. 26.) für die mittlere erklärt, und mit 108 einſpänn.
101 1741 1378 1789 Ladungen zu 10 Cub. Fuß pr. preuß. Morgen bewirken will. Young (The far-
100 1780 1376 1826 mers Calender. p. 39.) rechnet auf sand-, Mergel- oder Klayboden 50 oder 60
101 1816 1379 1865 Cub. Yards pr. Acre, bei loſem feuchtem Lehmboden aber 100 Cub. Yards, oder
226 1857 1011 1897 58,7-68,2-129,4 preuß. Cub. Fuß pr. preuß. Morgen.
231 1900 1382 1945 Der Kalk bildet eine Ausnahme bei den §. 146. Note 2. genannten Pflanzen,
109 1937 1384 1985 auf deren Blätter und Wurzeln ſein Staub wie Gips wirkt, wenn die Pflänzchen
110 1990 382 2022 nicht zu jung ſind.
248 2021 1386 2065 Block (Mittheilungen. I. 261.) rechnet pr. Morgen 1½ bis 2 Centner
112 2056 1386 2107 gemahlenen Gips für hinreichend, und 1 Centner Gips mit 2 Scheffel roher Aſche
110 2095 1385 2140 vermiſcht für ſo wirkſam als 2 Centner Gips; aber 3 bis 4 Centner Gips pr.
111 2131 1386 2179 Morgen hat nach ihm weit vortheilhaftere Wirkung; in günſtigen Jahren ſteigt
110 2169 1384 2215 durch das Gipſen die Kleeernte um 40–50%, im Durchſchnitte aber ſicher um
111 2208 1384 2253 25%, daſſelbe ſoll auf die folgende Frucht mit einer Erhöhung der Ernte um
214 2243 1383 2289 6–8% noch wirken. Thaer (rat. Landw. II. 263.) rechnet zwiſchen 1 und 2
112 2281 1384 2331 Scheffel pr. Morgen. Koppe (Unterricht. II. 117.) gibt das Maaß pr. Morgen
112 2319 1384 2364 auch auf 1½-3–4 Centner, insbeſondere wo der Gips theuer iſt, zu 2 Centner
113 2356 1383 2401 an. Der April und Anfang vom Mai iſt die beſte Zeit zum Gipſen, bei windſtillem
114 2394 1030 2440 Wetter, wenn die Pflänzchen ſchon etwas vorgeſchritten ſind.
