1600 2676
261 224 1502 278 und die zweite und dritte Schur heißt Grummet (Grummaht,
261 285 515 333 Ohmaht)7).
522 1863 1279 1909 III. Von dem Weidebaue.
829 1953 970 1994 §. 183.
356 2018 1525 2067 Dem Weidebaue widmet man mit Unrecht öfters nur geringe
272 2068 1522 2125 Sorgfalt; und doch ſind bei ihm dieſelben Fragen wichtig, wie
268 2124 1341 2177 bei dem Wieſenbaue. Sie ſind folgende, und betreffen:
361 2173 1522 2226 1) Den Begriff, das Weſen und die Arten der Wei-
269 2229 1523 2280 den. Weiden ſind die zur Abgraſung durch das Vieh beſtimmten
269 2280 1525 2335 Grasplätze. Man unterſcheidet die Anger- (Raſen-), Wald-,
269 2331 1534 2384 Wieſen-, Saat-, Brach- und Stoppelweiden, welche
269 2379 1532 2439 ſämmtlich ſchon dem Namen nach erkenntlich ſind, — und die
261 147 326 181 224
405 360 1507 401 Die giftigen Wieſenpflanzen ſind: das Bilſenkraut (Hioscyamus niger),
259 399 1503 438 der Stechapfel (Datura stramonium), Waſſerſchierling (Cicuta aquatica), Pferde-
261 435 1505 478 ſaamenkraut (Phellandrium aquaticum), die Zeitloſe (Colchicum autumnale),
261 470 1505 513 die Küchenſchellen (Anemone nemorum, bulbosa, u. ſ. w.), die giftige Laktuke
262 510 1509 552 (Lactuca virosa), die Euphorbien (Euphorbia), die Hundspeterſilie (Aethusa ci-
262 553 937 595 napium) und der Eppich (sium latifolium).
399 597 1506 634 Sie werden entweder mit der Handhacke oder mit Pferdeinſtrumenten hin-
263 634 1485 675 weggeſchafft und die Maulwürfe gefangen. S. Thaer Ackergeräthe. II. Taf. 7.
388 681 1509 717 S. Schnee Landw. Zeitung. III. 573. Kniphof Phyſical. Unterſuchung
262 724 830 760 des Pelzes auf Wieſen. Erfurt 1753.
400 764 1511 802 S. Gottſchald, Der Nutzen bei Abſchaffung der Frühhütung auf den
262 802 1502 843 naſſen Wieſen. Wittenberg 1782. und andere Schriften über die Hutgerechtigkeit.
395 848 1524 885 S. Steeb, Von den Maikäferarten, wie ſie vorzüglich auf den Wieſen
259 892 865 926 vertilgt werden können. München 1789.
399 932 1516 969 Dieſe Arbeiten dauern zwei bis drei Tage. Eine ſolche Maſchine zum
260 969 1514 1007 Wenden und Luften des Heues, nämlich eine Egge, iſt, wie Thaer (rat. Landw.
258 1005 1515 1045 III. 265.) erwähnt, beſchrieben von Bloys v. Treslong in den Schriften der
260 1044 1517 1082 Rotterdamer Societät. II. 88. Ferner die Maſchine hierzu von dem Engländer
262 1082 1517 1118 Middleton in Leonhardi Abbildung und Beſchreibung einer neuen engliſchen
261 1120 1516 1156 Maſchine zur ſchnellen Abführung des Heues. Aus dem Engl. überſ. Leipzig 1797.
262 1156 1517 1194 (Auch in Geißler Auszüge aus den engl. Transactionen. III. 244.) S. Cancrin
261 1195 1517 1231 Abhandlung von einer Fruchttriege zum Trocknen des Heues bei naſſem Wetter,
262 1230 1517 1267 in dem Anhange. 2te Aufl. Marburg 1799. Ein Schwadenzieher ſoll auch
262 1269 1519 1304 beſchrieben ſein in Mehlers böhm. Landw. III. Bd. I. Abthl. S. 123. Tab. 2.
264 1305 1518 1344 Fig. 4. Ein Mann kann im Durchſchnitte täglich 1,8 preuß. Morgen Gras und
265 1342 1518 1380 2 Morgen Klee mähen. Eine Frau kann ohne beſondere beſchwerende Umſtände
264 1381 1518 1418 täglich 6 bis 6¼ Centner Grasheu wenden und heuen. Zur Ladung eines Fu-
264 1418 1447 1458 ders Heu von 2200 Pfund ſind 2 Männer und 3 Frauen erforderlich, und dieſe
263 1455 1459 1489 laden bei Wechſelwagen Stund für Stund ein Fuder, wenn ſie von den Abladern
263 1494 1519 1528 nicht aufgehalten ſind, bei der ſchon mehrmals angenommenen Normalentfernung
263 1529 1519 1566 der Wieſe. Beim Abladen und Banſen rechnet man auf 1 Abſtaker 1 männlichen
261 1563 1521 1601 und 2 weibliche Banſer, um alle Stunden ein obiges Fuder abzuladen und zu
261 1612 367 1640 banſen.
393 1649 1521 1684 Die beſten Wieſen geben 18–24 Centner Heu und drüber; die IIter Klaſſe
307 1687 1521 1721 15–18 Centner, IIIter Klaſſe 12–15 Centner, in 2 Schnitten, die IVter Klaſſe
264 1725 1533 1760 9–12 Centner, die Vter Klaſſe 6–9, und die VIter Klaſſe nicht über 6 Centner
262 1767 637 1803 Heu, in einem Schnitte.
