<?xml version="1.0" encoding="UTF-8"?>
<PcGts xmlns="http://schema.primaresearch.org/PAGE/gts/pagecontent/2019-07-15" xmlns:xsi="http://www.w3.org/2001/XMLSchema-instance" xsi:schemaLocation="http://schema.primaresearch.org/PAGE/gts/pagecontent/2019-07-15 http://schema.primaresearch.org/PAGE/gts/pagecontent/2019-07-15/pagecontent.xsd">
<Metadata>
<Creator>regJS2PAGE.py</Creator>
<Created>2021-01-17T09:39:45.602478</Created>
<LastChange>2021-01-17T09:39:45.602478</LastChange>
</Metadata>
<Page imageFilename="Samples-fig-sel/beck_eisen01_1884_0501.png" imageWidth="1600" imageHeight="2431">
<TextRegion id="block_0" custom="structure {type:body;}">
<Coords points="102,156 102,194 102,204 102,245 102,248 102,294 101,303 101,344 101,354 101,396 101,404 101,445 100,453 100,494 100,504 598,504 598,543 600,554 600,593 597,603 597,633 596,653 596,691 597,702 597,739 597,750 597,788 597,800 597,838 598,848 598,886 596,897 596,934 597,946 597,984 596,996 596,1032 596,1045 99,1045 99,1085 99,1094 99,1133 98,1143 98,1182 98,1191 98,1229 99,1241 99,1283 98,1293 98,1332 98,1340 98,1375 98,1394 175,1394 175,1432 175,1443 97,1443 97,1474 99,1489 99,1532 98,1543 98,1582 98,1588 98,1632 97,1638 97,1675 97,1687 97,1732 98,1735 98,1783 97,1787 97,1832 96,1835 96,1882 97,1890 97,1929 96,1934 96,1981 1296,1981 1296,1934 1294,1929 1294,1890 1294,1882 1294,1835 1296,1832 1296,1787 1296,1783 1296,1735 1296,1732 1296,1687 1297,1675 1297,1638 1297,1632 1297,1588 1296,1582 1296,1543 1297,1532 1297,1489 1297,1474 1297,1443 1297,1432 1297,1394 218,1394 218,1375 218,1340 1298,1340 1298,1332 1298,1293 1297,1283 1297,1241 1298,1229 1298,1191 1299,1182 1299,1143 1299,1133 1299,1094 1298,1085 1298,1045 1299,1032 1299,996 1299,984 1299,946 1299,934 1299,897 1298,886 1298,848 1297,838 1297,800 1298,788 1298,750 1299,739 1299,702 1298,691 1298,653 1302,633 1302,603 1299,593 1299,554 1298,543 1298,504 1301,494 1301,453 1299,445 1299,404 1300,396 1300,354 1300,344 1300,303 1300,294 1300,248 1300,245 1300,204 1302,194 1302,156 102,156"/>
<TextLine id="line_0">
<Coords points="102,157 157,157 170,158 218,158 235,159 317,159 335,159 383,159 400,158 543,158 566,158 628,158 645,158 742,158 758,157 844,157 862,157 919,157 942,156 990,156 1009,156 1232,156 1249,168 1302,168 1302,186 1249,186 1232,194 1009,194 990,185 942,185 919,193 862,193 844,185 758,185 742,186 645,186 628,187 566,187 543,194 400,194 383,187 335,187 317,187 235,187 218,187 170,187 157,186 102,186 102,157"/>
<Baseline points="102,186 157,186 170,187 218,187 235,187 317,187 335,187 383,187 400,194 543,194 566,187 628,187 645,186 742,186 758,185 844,185 862,193 919,193 942,185 990,185 1009,194 1232,194 1249,186 1302,186"/>
<TextEquiv><Unicode>auf ein Grab bei Corneto, und dieser Fund gab die Veranlassung zur</Unicode></TextEquiv>
</TextLine>

<TextLine id="line_1">
<Coords points="102,205 300,205 317,208 369,208 389,208 614,208 633,206 825,206 848,215 896,215 916,204 1110,204 1131,205 1183,205 1205,207 1300,207 1300,243 1205,243 1183,234 1131,234 1110,240 916,240 896,234 848,234 825,236 633,236 614,244 389,244 369,236 317,236 300,245 102,245 102,205"/>
<Baseline points="102,245 300,245 317,236 369,236 389,244 614,244 633,236 825,236 848,234 896,234 916,240 1110,240 1131,234 1183,234 1205,243 1300,243"/>
<TextEquiv><Unicode>Entdeckung des ausgedehnten Totenfeldes am Montarrozi, des groſs-</Unicode></TextEquiv>
</TextLine>

<TextLine id="line_2">
<Coords points="102,257 220,257 233,257 406,257 419,257 471,257 484,257 567,257 580,256 744,256 777,254 902,254 914,254 1031,254 1045,254 1111,254 1125,248 1254,248 1269,256 1300,256 1300,284 1269,284 1254,292 1125,292 1111,283 1045,283 1031,282 914,282 902,284 777,284 744,293 580,293 567,286 484,286 471,286 419,286 406,286 233,286 220,294 102,294 102,257"/>
<Baseline points="102,294 220,294 233,286 406,286 419,286 471,286 484,286 567,286 580,293 744,293 777,284 902,284 914,282 1031,282 1045,283 1111,283 1125,292 1254,292 1269,284 1300,284"/>
<TextEquiv><Unicode>artigen Friedhofes des alten Tarquinii. Avvolta machte eine Öffnung in</Unicode></TextEquiv>
</TextLine>

<TextLine id="line_3">
<Coords points="101,305 148,305 165,307 273,307 289,307 400,307 417,307 470,307 487,307 570,307 586,306 756,306 773,305 835,305 852,305 974,305 989,304 1100,304 1133,303 1204,303 1220,305 1300,305 1300,341 1220,341 1204,341 1133,341 1100,333 989,333 974,334 852,334 835,335 773,335 756,341 586,341 570,337 487,337 470,337 417,337 400,337 289,337 273,344 165,344 148,336 101,336 101,305"/>
<Baseline points="101,336 148,336 165,344 273,344 289,337 400,337 417,337 470,337 487,337 570,337 586,341 756,341 773,335 835,335 852,334 974,334 989,333 1100,333 1133,341 1204,341 1220,341 1300,341"/>
<TextEquiv><Unicode>die Platte, welche das Grab verschloſs, und schaute hinein. „Ich sah“,</Unicode></TextEquiv>
</TextLine>

<TextLine id="line_4">
<Coords points="101,365 133,365 147,357 262,357 275,361 344,361 358,358 463,358 473,357 598,357 611,357 665,357 679,357 775,357 784,356 975,356 985,354 1191,354 1201,355 1300,355 1300,392 1201,392 1191,392 985,392 975,393 784,393 775,386 679,386 665,386 611,386 598,394 473,394 463,396 358,396 344,394 275,394 262,387 147,387 133,386 101,386 101,365"/>
<Baseline points="101,386 133,386 147,387 262,387 275,394 344,394 358,396 463,396 473,394 598,394 611,386 665,386 679,386 775,386 784,393 975,393 985,392 1191,392 1201,392 1300,392"/>
<TextEquiv><Unicode>so erzählt er, „einen Krieger auf einem Felsenlager ausgestreckt liegen</Unicode></TextEquiv>
</TextLine>

<TextLine id="line_5">
<Coords points="101,407 163,407 174,408 287,408 302,408 437,408 455,407 565,407 579,407 633,407 649,407 698,407 714,407 766,407 782,406 945,406 961,407 1050,407 1066,404 1183,404 1196,405 1299,405 1299,441 1196,441 1183,433 1066,433 1050,434 961,434 945,443 782,443 766,435 714,435 698,435 649,435 633,435 579,435 565,435 455,435 437,436 302,436 287,445 174,445 163,435 101,435 101,407"/>
<Baseline points="101,435 163,435 174,445 287,445 302,436 437,436 455,435 565,435 579,435 633,435 649,435 698,435 714,435 766,435 782,443 945,443 961,434 1050,434 1066,433 1183,433 1196,441 1299,441"/>
<TextEquiv><Unicode>und wenige Minuten darauf sah ich ihn gleichsam unter meinen Augen</Unicode></TextEquiv>
</TextLine>

<TextLine id="line_6">
<Coords points="100,457 335,457 358,457 437,457 460,457 547,457 565,457 612,457 629,456 701,456 717,456 873,456 896,454 995,454 1013,454 1061,454 1078,463 1152,463 1169,453 1230,453 1246,464 1301,464 1301,491 1246,491 1230,482 1169,482 1152,491 1078,491 1061,483 1013,483 995,485 896,485 873,494 717,494 701,485 629,485 612,486 565,486 547,486 460,486 437,487 358,487 335,494 100,494 100,457"/>
<Baseline points="100,494 335,494 358,487 437,487 460,486 547,486 565,486 612,486 629,485 701,485 717,494 873,494 896,485 995,485 1013,483 1061,483 1078,491 1152,491 1169,482 1230,482 1246,491 1301,491"/>
<TextEquiv><Unicode>verschwinden; denn sowie die Luft eindrang, zerfiel die ganz und gar</Unicode></TextEquiv>
</TextLine>

<TextLine id="line_7">
<Coords points="598,507 752,507 758,506 896,506 904,506 934,506 944,515 1018,515 1027,505 1126,505 1132,504 1241,504 1249,505 1298,505 1298,542 1249,542 1241,533 1132,533 1126,534 1027,534 1018,542 944,542 934,534 904,534 896,542 758,542 752,543 598,543 598,507"/>
<Baseline points="598,543 752,543 758,542 896,542 904,534 934,534 944,542 1018,542 1027,534 1126,534 1132,533 1241,533 1249,542 1298,542"/>
<TextEquiv><Unicode>oxydierte Rüstung in ganz kleine Stücke .“</Unicode></TextEquiv>
</TextLine>

<TextLine id="line_8">
<Coords points="600,556 703,556 720,555 873,555 886,555 1035,555 1047,555 1100,555 1111,554 1248,554 1260,563 1299,563 1299,581 1260,581 1248,590 1111,590 1100,584 1047,584 1035,584 886,584 873,593 720,593 703,585 600,585 600,556"/>
<Baseline points="600,585 703,585 720,593 873,593 886,584 1035,584 1047,584 1100,584 1111,590 1248,590 1260,581 1299,581"/>
<TextEquiv><Unicode>Dieses gänzliche Zerfallen der Rüstung an</Unicode></TextEquiv>
</TextLine>

<TextLine id="line_9">
<Coords points="597,605 651,605 675,605 747,605 770,604 843,604 867,605 923,605 944,604 1166,604 1191,603 1302,603 1302,631 1191,631 1166,633 944,633 923,633 867,633 843,633 770,633 747,633 675,633 651,633 597,633 597,605"/>
<Baseline points="597,633 651,633 675,633 747,633 770,633 843,633 867,633 923,633 944,633 1166,633 1191,631 1302,631"/>
<TextEquiv><Unicode>der Luft läſst mit Bestimmtheit darauf</Unicode></TextEquiv>
</TextLine>

<TextLine id="line_10">
<Coords points="596,655 755,655 763,678 770,678 793,655 859,655 879,654 1009,654 1034,663 1091,663 1116,653 1206,653 1230,662 1298,662 1298,687 1230,687 1206,682 1116,682 1091,683 1034,683 1009,683 879,683 859,683 793,683 770,691 763,691 755,684 596,684 596,655"/>
<Baseline points="596,684 755,684 763,691 770,691 793,683 859,683 879,683 1009,683 1034,683 1091,683 1116,682 1206,682 1230,687 1298,687"/>
<TextEquiv><Unicode>schlieſsen, daſs dieselbe von Eisen war,</Unicode></TextEquiv>
</TextLine>

<TextLine id="line_11">
<Coords points="597,704 659,704 675,704 738,704 755,713 806,713 827,713 860,713 876,704 968,704 989,703 1034,703 1051,703 1177,703 1197,702 1299,702 1299,730 1197,730 1177,731 1051,731 1034,731 989,731 968,739 876,739 860,732 827,732 806,732 755,732 738,733 675,733 659,733 597,733 597,704"/>
<Baseline points="597,733 659,733 675,733 738,733 755,732 806,732 827,732 860,732 876,739 968,739 989,731 1034,731 1051,731 1177,731 1197,730 1299,730"/>
<TextEquiv><Unicode>und dies um so mehr, als Avvolta weiter</Unicode></TextEquiv>
</TextLine>

<TextLine id="line_12">
<Coords points="597,754 759,754 782,753 848,753 872,753 937,753 958,752 1056,752 1079,752 1141,752 1164,754 1181,754 1198,750 1298,750 1298,779 1198,779 1181,780 1164,780 1141,780 1079,780 1056,781 958,781 937,781 872,781 848,781 782,781 759,788 597,788 597,754"/>
<Baseline points="597,788 759,788 782,781 848,781 872,781 937,781 958,781 1056,781 1079,780 1141,780 1164,780 1181,780 1198,779 1298,779"/>
<TextEquiv><Unicode>berichtet, daſs eine Lanze und 8 Wurf-</Unicode></TextEquiv>
</TextLine>

<TextLine id="line_13">
<Coords points="597,801 706,801 720,801 774,801 784,801 851,801 860,801 956,801 968,801 1016,801 1028,801 1094,801 1103,800 1297,800 1297,829 1103,829 1094,829 1028,829 1016,829 968,829 956,837 860,837 851,829 784,829 774,829 720,829 706,838 597,838 597,801"/>
<Baseline points="597,838 706,838 720,829 774,829 784,829 851,829 860,837 956,837 968,829 1016,829 1028,829 1094,829 1103,829 1297,829"/>
<TextEquiv><Unicode>spieſse auf dem Lager bei dem bewaffneten</Unicode></TextEquiv>
</TextLine>

<TextLine id="line_14">
<Coords points="598,850 707,850 720,850 844,850 856,850 971,850 984,849 1043,849 1056,859 1092,859 1107,849 1194,849 1201,848 1298,848 1298,876 1201,876 1194,877 1107,877 1092,877 1056,877 1043,878 984,878 971,884 856,884 844,886 720,886 707,878 598,878 598,850"/>
<Baseline points="598,878 707,878 720,886 844,886 856,884 971,884 984,878 1043,878 1056,877 1092,877 1107,877 1194,877 1201,876 1298,876"/>
<TextEquiv><Unicode>Manne gelegen hätten, alle zu einer Masse</Unicode></TextEquiv>
</TextLine>

<TextLine id="line_15">
<Coords points="596,901 751,901 757,898 874,898 883,897 928,897 936,907 1006,907 1019,898 1061,898 1070,897 1299,897 1299,934 1070,934 1061,926 1019,926 1006,926 936,926 928,926 883,926 874,933 757,933 751,934 596,934 596,901"/>
<Baseline points="596,934 751,934 757,933 874,933 883,926 928,926 936,926 1006,926 1019,926 1061,926 1070,934 1299,934"/>
<TextEquiv><Unicode>verrostet, welche, als man sie wegzunehmen</Unicode></TextEquiv>
</TextLine>

<TextLine id="line_16">
<Coords points="597,947 766,947 793,947 824,947 852,946 987,946 1010,946 1120,946 1131,947 1256,947 1269,948 1299,948 1299,984 1269,984 1256,983 1131,983 1120,975 1010,975 987,975 852,975 824,975 793,975 766,983 597,983 597,947"/>
<Baseline points="597,983 766,983 793,975 824,975 852,975 987,975 1010,975 1120,975 1131,983 1256,983 1269,984 1299,984"/>
<TextEquiv><Unicode>versuchte, in mehrere Stücke gingen .</Unicode></TextEquiv>
</TextLine>

<TextLine id="line_17">
<Coords points="596,996 670,996 700,997 781,997 806,996 938,996 966,996 1013,996 1042,997 1158,997 1189,997 1299,997 1299,1025 1189,1025 1158,1025 1042,1025 1013,1025 966,1025 938,1032 806,1032 781,1025 700,1025 670,1025 596,1025 596,996"/>
<Baseline points="596,1025 670,1025 700,1025 781,1025 806,1032 938,1032 966,1025 1013,1025 1042,1025 1158,1025 1189,1025 1299,1025"/>
<TextEquiv><Unicode>Daſs diese Waffen, die nahezu ebenso</Unicode></TextEquiv>
</TextLine>

<TextLine id="line_18">
<Coords points="99,1047 236,1047 251,1057 365,1057 386,1048 440,1048 458,1047 506,1047 522,1047 660,1047 677,1045 785,1045 801,1055 855,1055 872,1046 961,1046 977,1055 1090,1055 1114,1046 1186,1046 1207,1046 1298,1046 1298,1074 1207,1074 1186,1082 1114,1082 1090,1082 977,1082 961,1075 872,1075 855,1074 801,1074 785,1081 677,1081 660,1082 522,1082 506,1077 458,1077 440,1077 386,1077 365,1084 251,1084 236,1085 99,1085 99,1047"/>
<Baseline points="99,1085 236,1085 251,1084 365,1084 386,1077 440,1077 458,1077 506,1077 522,1082 660,1082 677,1081 785,1081 801,1074 855,1074 872,1075 961,1075 977,1082 1090,1082 1114,1082 1186,1082 1207,1074 1298,1074"/>
<TextEquiv><Unicode>oxydiert waren, wie die Rüstung selbst, aus Eisen waren, geht schon</Unicode></TextEquiv>
</TextLine>

<TextLine id="line_19">
<Coords points="99,1094 209,1094 226,1098 343,1098 360,1098 427,1098 443,1097 570,1097 586,1096 635,1096 652,1095 733,1095 749,1095 1100,1095 1118,1096 1166,1096 1183,1106 1216,1106 1232,1096 1299,1096 1299,1124 1232,1124 1216,1124 1183,1124 1166,1124 1118,1124 1100,1132 749,1132 733,1124 652,1124 635,1125 586,1125 570,1126 443,1126 427,1126 360,1126 343,1133 226,1133 209,1126 99,1126 99,1094"/>
<Baseline points="99,1126 209,1126 226,1133 343,1133 360,1126 427,1126 443,1126 570,1126 586,1125 635,1125 652,1124 733,1124 749,1132 1100,1132 1118,1124 1166,1124 1183,1124 1216,1124 1232,1124 1299,1124"/>
<TextEquiv><Unicode>daraus hervor, daſs Avvolta bei allen Bronzegegenständen, die er dem</Unicode></TextEquiv>
</TextLine>

<TextLine id="line_20">
<Coords points="98,1143 197,1143 214,1147 357,1147 366,1169 373,1169 398,1147 446,1147 463,1147 520,1147 537,1145 589,1145 606,1144 744,1144 767,1146 841,1146 858,1144 1039,1144 1082,1144 1299,1144 1299,1172 1082,1172 1039,1172 858,1172 841,1172 767,1172 744,1173 606,1173 589,1174 537,1174 520,1175 463,1175 446,1175 398,1175 373,1182 366,1182 357,1176 214,1176 197,1175 98,1175 98,1143"/>
<Baseline points="98,1175 197,1175 214,1176 357,1176 366,1182 373,1182 398,1175 446,1175 463,1175 520,1175 537,1174 589,1174 606,1173 744,1173 767,1172 841,1172 858,1172 1039,1172 1082,1172 1299,1172"/>
<TextEquiv><Unicode>Grabe entnahm, die Art des Metalles stets bezeichnet. Verschiedene</Unicode></TextEquiv>
</TextLine>

<TextLine id="line_21">
<Coords points="98,1191 245,1191 258,1196 357,1196 374,1195 435,1195 448,1195 578,1195 595,1194 735,1194 752,1202 790,1202 808,1193 866,1193 883,1193 1019,1193 1037,1192 1220,1192 1237,1193 1298,1193 1298,1221 1237,1221 1220,1229 1037,1229 1019,1222 883,1222 866,1221 808,1221 790,1222 752,1222 735,1223 595,1223 578,1224 448,1224 435,1224 374,1224 357,1225 258,1225 245,1225 98,1225 98,1191"/>
<Baseline points="98,1225 245,1225 258,1225 357,1225 374,1224 435,1224 448,1224 578,1224 595,1223 735,1223 752,1222 790,1222 808,1221 866,1221 883,1222 1019,1222 1037,1229 1220,1229 1237,1221 1298,1221"/>
<TextEquiv><Unicode>bronzene Vasen und Schalen schienen an den Wänden aufgehängt und</Unicode></TextEquiv>
</TextLine>

<TextLine id="line_22">
<Coords points="99,1241 323,1241 340,1256 376,1256 393,1246 464,1246 481,1254 582,1254 599,1244 651,1244 668,1243 846,1243 863,1242 916,1242 931,1242 1040,1242 1063,1242 1142,1242 1160,1242 1297,1242 1297,1279 1160,1279 1142,1271 1063,1271 1040,1279 931,1279 916,1271 863,1271 846,1273 668,1273 651,1273 599,1273 582,1282 481,1282 464,1282 393,1282 376,1275 340,1275 323,1283 99,1283 99,1241"/>
<Baseline points="99,1283 323,1283 340,1275 376,1275 393,1282 464,1282 481,1282 582,1282 599,1273 651,1273 668,1273 846,1273 863,1271 916,1271 931,1279 1040,1279 1063,1271 1142,1271 1160,1279 1297,1279"/>
<TextEquiv><Unicode>herabgefallen zu sein, wegen des Verrostens der Nägel, denn Stumpfe</Unicode></TextEquiv>
</TextLine>

<TextLine id="line_23">
<Coords points="98,1301 155,1301 177,1296 355,1296 372,1295 488,1295 505,1295 626,1295 649,1295 681,1295 698,1295 752,1295 770,1294 866,1294 888,1293 1018,1293 1040,1293 1224,1293 1248,1302 1298,1302 1298,1329 1248,1329 1224,1330 1040,1330 1018,1322 888,1322 866,1323 770,1323 752,1324 698,1324 681,1323 649,1323 626,1324 505,1324 488,1332 372,1332 355,1325 177,1325 155,1322 98,1322 98,1301"/>
<Baseline points="98,1322 155,1322 177,1325 355,1325 372,1332 488,1332 505,1324 626,1324 649,1323 681,1323 698,1324 752,1324 770,1323 866,1323 888,1322 1018,1322 1040,1330 1224,1330 1248,1329 1298,1329"/>
<TextEquiv><Unicode>von eisernen Nägeln wurden in der Wand darüber eingebettet ge-</Unicode></TextEquiv>
</TextLine>

<TextLine id="line_24">
<Coords points="98,1340 218,1340 218,1375 98,1375 98,1340"/>
<Baseline points="98,1375 218,1375"/>
<TextEquiv><Unicode>funden.</Unicode></TextEquiv>
</TextLine>

<TextLine id="line_25">
<Coords points="175,1395 250,1395 267,1404 342,1404 358,1395 496,1395 514,1395 714,1395 731,1394 830,1394 850,1394 899,1394 915,1394 1003,1394 1020,1394 1158,1394 1168,1395 1200,1395 1241,1394 1297,1394 1297,1422 1241,1422 1200,1431 1168,1431 1158,1430 1020,1430 1003,1423 915,1423 899,1423 850,1423 830,1423 731,1423 714,1432 514,1432 496,1424 358,1424 342,1432 267,1432 250,1424 175,1424 175,1395"/>
<Baseline points="175,1424 250,1424 267,1432 342,1432 358,1424 496,1424 514,1432 714,1432 731,1423 830,1423 850,1423 899,1423 915,1423 1003,1423 1020,1430 1158,1430 1168,1431 1200,1431 1241,1422 1297,1422"/>
<TextEquiv><Unicode>Eine ganz ähnliche Ausgrabung wurde bei Vulci gemacht . Am</Unicode></TextEquiv>
</TextLine>

<TextLine id="line_26">
<Coords points="97,1443 220,1443 243,1445 317,1445 339,1445 392,1445 415,1445 504,1445 523,1444 623,1444 645,1445 686,1445 702,1444 794,1444 820,1447 894,1447 918,1444 984,1444 1001,1443 1218,1443 1240,1453 1297,1453 1297,1472 1240,1472 1218,1472 1001,1472 984,1472 918,1472 894,1474 820,1474 794,1473 702,1473 686,1473 645,1473 623,1474 523,1474 504,1474 415,1474 392,1474 339,1474 317,1474 243,1474 220,1474 97,1474 97,1443"/>
<Baseline points="97,1474 220,1474 243,1474 317,1474 339,1474 392,1474 415,1474 504,1474 523,1474 623,1474 645,1473 686,1473 702,1473 794,1473 820,1474 894,1474 918,1472 984,1472 1001,1472 1218,1472 1240,1472 1297,1472"/>
<TextEquiv><Unicode>rechten Ufer der Fiora wurde im Jahre 1835 eine Grabkammer von</Unicode></TextEquiv>
</TextLine>

<TextLine id="line_27">
<Coords points="99,1489 276,1489 301,1495 438,1495 478,1495 512,1495 536,1495 589,1495 606,1495 692,1495 715,1494 767,1494 783,1494 927,1494 949,1493 1004,1493 1022,1494 1088,1494 1105,1493 1208,1493 1230,1494 1297,1494 1297,1522 1230,1522 1208,1522 1105,1522 1088,1522 1022,1522 1004,1522 949,1522 927,1523 783,1523 767,1523 715,1523 692,1523 606,1523 589,1523 536,1523 512,1523 478,1523 438,1532 301,1532 276,1531 99,1531 99,1489"/>
<Baseline points="99,1531 276,1531 301,1532 438,1532 478,1523 512,1523 536,1523 589,1523 606,1523 692,1523 715,1523 767,1523 783,1523 927,1523 949,1522 1004,1522 1022,1522 1088,1522 1105,1522 1208,1522 1230,1522 1297,1522"/>
<TextEquiv><Unicode>Campanari geöffnet. In der Mitte des Zimmers auf dem Boden hin-</Unicode></TextEquiv>
</TextLine>

<TextLine id="line_28">
<Coords points="98,1545 249,1545 273,1545 324,1545 349,1545 402,1545 431,1545 548,1545 572,1544 654,1544 679,1544 830,1544 860,1544 916,1544 943,1543 1010,1543 1042,1543 1128,1543 1153,1543 1208,1543 1229,1543 1296,1543 1296,1572 1229,1572 1208,1572 1153,1572 1128,1572 1042,1572 1010,1572 943,1572 916,1572 860,1572 830,1580 679,1580 654,1572 572,1572 548,1574 431,1574 402,1574 349,1574 324,1582 273,1582 249,1576 98,1576 98,1545"/>
<Baseline points="98,1576 249,1576 273,1582 324,1582 349,1574 402,1574 431,1574 548,1574 572,1572 654,1572 679,1580 830,1580 860,1572 916,1572 943,1572 1010,1572 1042,1572 1128,1572 1153,1572 1208,1572 1229,1572 1296,1572"/>
<TextEquiv><Unicode>gestreckt lag das Skelett eines Kriegers, mit dem Helm auf dem</Unicode></TextEquiv>
</TextLine>

<TextLine id="line_29">
<Coords points="98,1588 206,1588 228,1595 315,1595 332,1595 410,1595 431,1605 478,1605 499,1595 609,1595 629,1593 691,1593 715,1594 798,1594 818,1603 1023,1603 1041,1593 1138,1593 1155,1603 1211,1603 1234,1602 1297,1602 1297,1620 1234,1620 1211,1621 1155,1621 1138,1622 1041,1622 1023,1623 818,1623 798,1622 715,1622 691,1622 629,1622 609,1631 499,1631 478,1624 431,1624 410,1632 332,1632 315,1624 228,1624 206,1630 98,1630 98,1588"/>
<Baseline points="98,1630 206,1630 228,1624 315,1624 332,1632 410,1632 431,1624 478,1624 499,1631 609,1631 629,1622 691,1622 715,1622 798,1622 818,1623 1023,1623 1041,1622 1138,1622 1155,1621 1211,1621 1234,1620 1297,1620"/>
<TextEquiv><Unicode>Kopfe, einen Ring am Finger und einer verworrenen Masse von zer-</Unicode></TextEquiv>
</TextLine>

<TextLine id="line_30">
<Coords points="97,1638 266,1638 289,1646 350,1646 367,1647 551,1647 569,1644 685,1644 707,1654 743,1654 765,1644 867,1644 890,1643 1008,1643 1049,1643 1095,1643 1118,1642 1171,1642 1193,1641 1297,1641 1297,1670 1193,1670 1171,1671 1118,1671 1095,1671 1049,1671 1008,1673 890,1673 867,1673 765,1673 743,1672 707,1672 685,1673 569,1673 551,1674 367,1674 350,1675 289,1675 266,1674 97,1674 97,1638"/>
<Baseline points="97,1674 266,1674 289,1675 350,1675 367,1674 551,1674 569,1673 685,1673 707,1672 743,1672 765,1673 867,1673 890,1673 1008,1673 1049,1671 1095,1671 1118,1671 1171,1671 1193,1670 1297,1670"/>
<TextEquiv><Unicode>brochenen und verrosteten Waffen zu seinen Füſsen. An der Mauer</Unicode></TextEquiv>
</TextLine>

<TextLine id="line_31">
<Coords points="97,1687 149,1687 165,1693 280,1693 300,1705 356,1705 380,1695 477,1695 493,1694 589,1694 605,1694 853,1694 876,1693 930,1693 945,1702 1046,1702 1068,1692 1120,1692 1136,1692 1242,1692 1265,1700 1296,1700 1296,1719 1265,1719 1242,1720 1136,1720 1120,1721 1068,1721 1046,1730 945,1730 930,1722 876,1722 853,1732 605,1732 589,1732 493,1732 477,1725 380,1725 356,1725 300,1725 280,1725 165,1725 149,1721 97,1721 97,1687"/>
<Baseline points="97,1721 149,1721 165,1725 280,1725 300,1725 356,1725 380,1725 477,1725 493,1732 589,1732 605,1732 853,1732 876,1722 930,1722 945,1730 1046,1730 1068,1721 1120,1721 1136,1720 1242,1720 1265,1719 1296,1719"/>
<TextEquiv><Unicode>des Grabes von einem Nagel herabhängend, der wegen des Rostes es</Unicode></TextEquiv>
</TextLine>

<TextLine id="line_32">
<Coords points="98,1737 186,1737 202,1748 309,1748 326,1746 451,1746 472,1745 545,1745 561,1745 609,1745 626,1744 755,1744 770,1735 943,1735 959,1743 1061,1743 1077,1742 1132,1742 1148,1741 1224,1741 1246,1751 1296,1751 1296,1777 1246,1777 1224,1770 1148,1770 1132,1770 1077,1770 1061,1772 959,1772 943,1773 770,1773 755,1781 626,1781 609,1773 561,1773 545,1782 472,1782 451,1781 326,1781 309,1783 202,1783 186,1772 98,1772 98,1737"/>
<Baseline points="98,1772 186,1772 202,1783 309,1783 326,1781 451,1781 472,1782 545,1782 561,1773 609,1773 626,1781 755,1781 770,1773 943,1773 959,1772 1061,1772 1077,1770 1132,1770 1148,1770 1224,1770 1246,1777 1296,1777"/>
<TextEquiv><Unicode>kaum tragen konnte, hing ein groſser, bronzener Schild mit Holz ge-</Unicode></TextEquiv>
</TextLine>

<TextLine id="line_33">
<Coords points="97,1787 211,1787 243,1795 356,1795 368,1796 439,1796 455,1796 555,1796 572,1794 678,1794 692,1794 928,1794 944,1793 1011,1793 1022,1792 1106,1792 1117,1791 1296,1791 1296,1827 1117,1827 1106,1820 1022,1820 1011,1821 944,1821 928,1830 692,1830 678,1832 572,1832 555,1824 455,1824 439,1832 368,1832 356,1824 243,1824 211,1823 97,1823 97,1787"/>
<Baseline points="97,1823 211,1823 243,1824 356,1824 368,1832 439,1832 455,1824 555,1824 572,1832 678,1832 692,1830 928,1830 944,1821 1011,1821 1022,1820 1106,1820 1117,1827 1296,1827"/>
<TextEquiv><Unicode>füttert. Dennis fügt hinzu: „Diese Kriegergräber sind nicht ungewöhn-</Unicode></TextEquiv>
</TextLine>

<TextLine id="line_34">
<Coords points="96,1835 157,1835 180,1845 324,1845 345,1846 437,1846 466,1845 519,1845 544,1845 638,1845 666,1844 719,1844 743,1843 886,1843 916,1843 1070,1843 1118,1841 1151,1841 1177,1840 1294,1840 1294,1876 1177,1876 1151,1869 1118,1869 1070,1870 916,1870 886,1872 743,1872 719,1872 666,1872 638,1873 544,1873 519,1874 466,1874 437,1882 345,1882 324,1874 180,1874 157,1870 96,1870 96,1835"/>
<Baseline points="96,1870 157,1870 180,1874 324,1874 345,1882 437,1882 466,1874 519,1874 544,1873 638,1873 666,1872 719,1872 743,1872 886,1872 916,1870 1070,1870 1118,1869 1151,1869 1177,1876 1294,1876"/>
<TextEquiv><Unicode>lich zwischen jenen der Leute des Friedens zerstreut. In einigen</Unicode></TextEquiv>
</TextLine>

<TextLine id="line_35">
<Coords points="97,1890 216,1890 233,1894 349,1894 366,1893 549,1893 567,1894 622,1894 639,1892 804,1892 825,1891 873,1891 890,1891 1068,1891 1086,1890 1294,1890 1294,1925 1086,1925 1068,1918 890,1918 873,1919 825,1919 804,1929 639,1929 622,1921 567,1921 549,1923 366,1923 349,1924 233,1924 216,1921 97,1921 97,1890"/>
<Baseline points="97,1921 216,1921 233,1924 349,1924 366,1923 549,1923 567,1921 622,1921 639,1929 804,1929 825,1919 873,1919 890,1918 1068,1918 1086,1925 1294,1925"/>
<TextEquiv><Unicode>wurden Waffen mancherlei Art gefunden, die eisernen gemeinig-</Unicode></TextEquiv>
</TextLine>

<TextLine id="line_36">
<Coords points="96,1934 172,1934 196,1943 283,1943 305,1944 497,1944 523,1942 570,1942 594,1941 699,1941 727,1940 772,1940 795,1940 843,1940 867,1940 984,1940 1005,1948 1061,1948 1087,1939 1296,1939 1296,1968 1087,1968 1061,1968 1005,1968 984,1977 867,1977 843,1969 795,1969 772,1969 727,1969 699,1970 594,1970 570,1971 523,1971 497,1981 305,1981 283,1972 196,1972 172,1970 96,1970 96,1934"/>
<Baseline points="96,1970 172,1970 196,1972 283,1972 305,1981 497,1981 523,1971 570,1971 594,1970 699,1970 727,1969 772,1969 795,1969 843,1969 867,1977 984,1977 1005,1968 1061,1968 1087,1968 1296,1968"/>
<TextEquiv><Unicode>lich sehr oxydiert, die Helme oft die Spuren von Schlachtver-</Unicode></TextEquiv>
</TextLine>

</TextRegion>
<TextRegion id="block_1" custom="structure {type:pageNum;}">
<Coords points="1243,99 1243,126 1301,126 1301,99 1243,99"/>
<TextLine id="line_37">
<Coords points="1243,99 1301,99 1301,126 1243,126 1243,99"/>
<Baseline points="1243,126 1301,126"/>
<TextEquiv><Unicode>479</Unicode></TextEquiv>
</TextLine>

</TextRegion>
<TextRegion id="block_2" custom="structure {type:header;}">
<Coords points="511,95 511,126 896,126 896,95 511,95"/>
<TextLine id="line_38">
<Coords points="511,96 620,96 637,96 698,96 715,95 763,95 780,95 896,95 896,124 780,124 763,125 715,125 698,125 637,125 620,126 511,126 511,96"/>
<Baseline points="511,126 620,126 637,125 698,125 715,125 763,125 780,124 896,124"/>
<TextEquiv><Unicode>Italien und die Römer.</Unicode></TextEquiv>
</TextLine>

</TextRegion>
<TextRegion id="block_3" custom="structure {type:figure;}">
<Coords points="293,545 293,575 402,575 402,545 293,545"/>
<TextLine id="line_39">
<Coords points="293,545 347,545 365,547 402,547 402,567 365,567 347,575 293,575 293,545"/>
<Baseline points="293,575 347,575 365,567 402,567"/>
<TextEquiv><Unicode>Fig. 89.</Unicode></TextEquiv>
</TextLine>

</TextRegion>
<TextRegion id="block_4" custom="structure {type:note;}">
<Coords points="195,2030 195,2059 195,2064 96,2064 96,2098 96,2108 397,2108 397,2132 910,2132 910,2108 1294,2108 1294,2098 1294,2064 1295,2059 1295,2030 195,2030"/>
<TextLine id="line_40">
<Coords points="195,2033 291,2033 307,2036 331,2036 349,2037 401,2037 502,2032 616,2032 634,2031 818,2031 829,2030 954,2030 970,2030 1015,2030 1025,2030 1087,2030 1103,2030 1165,2030 1184,2037 1233,2037 1249,2031 1295,2031 1295,2053 1249,2053 1233,2052 1184,2052 1165,2052 1103,2052 1087,2052 1025,2052 1015,2052 970,2052 954,2059 829,2059 818,2058 634,2058 616,2054 502,2054 401,2056 349,2056 331,2057 307,2057 291,2057 195,2057 195,2033"/>
<Baseline points="195,2057 291,2057 307,2057 331,2057 349,2056 401,2056 502,2054 616,2054 634,2058 818,2058 829,2059 954,2059 970,2052 1015,2052 1025,2052 1087,2052 1103,2052 1165,2052 1184,2052 1233,2052 1249,2053 1295,2053"/>
<TextEquiv><Unicode>Dennis S. 238.Dieselbe merkwürdige Wirkung der Luft wird von der</Unicode></TextEquiv>
</TextLine>

<TextLine id="line_41">
<Coords points="96,2064 186,2064 208,2072 328,2072 351,2073 390,2073 408,2071 521,2071 544,2070 642,2070 658,2080 688,2080 705,2069 831,2069 853,2069 957,2069 979,2070 1139,2070 1156,2069 1294,2069 1294,2098 1156,2098 1139,2091 979,2091 957,2090 853,2090 831,2095 705,2095 688,2084 658,2084 642,2092 544,2092 521,2094 408,2094 390,2095 351,2095 328,2095 208,2095 186,2092 96,2092 96,2064"/>
<Baseline points="96,2092 186,2092 208,2095 328,2095 351,2095 390,2095 408,2094 521,2094 544,2092 642,2092 658,2084 688,2084 705,2095 831,2095 853,2090 957,2090 979,2091 1139,2091 1156,2098 1294,2098"/>
<TextEquiv><Unicode>Grotta Torlonia bei Cervetri erzählt — Visconti, Antichi Monumenti Sepolcrali</Unicode></TextEquiv>
</TextLine>

<TextLine id="line_42">
<Coords points="397,2110 493,2110 509,2109 534,2109 551,2110 604,2110 705,2108 799,2108 817,2108 840,2108 858,2109 910,2109 910,2130 858,2130 840,2130 817,2130 799,2130 705,2130 604,2130 551,2130 534,2132 509,2132 493,2132 397,2132 397,2110"/>
<Baseline points="397,2132 493,2132 509,2132 534,2132 551,2130 604,2130 705,2130 799,2130 817,2130 840,2130 858,2130 910,2130"/>
<TextEquiv><Unicode>Dennis S. 249.Dennis S. 282.</Unicode></TextEquiv>
</TextLine>

</TextRegion>
<TextRegion id="block_5" custom="structure {type:graphic;}">
<Coords points="126,578 126,1026 561,1026 561,578"/>
</TextRegion>
</Page>
</PcGts>