1600 2474
683 72 1067 110 Von den Blasebälgen.
248 135 1503 176 den Weg zeigen können zu dem, was Ihr nötig habt, wenn meine
247 187 1187 229 Worte nicht genügend waren, um es auszudrücken.“
330 241 1504 279 Dieses Problem, mehrere Feuer und mehrere Bälgepaare von
247 292 1504 331 einem Wasserrad aus zu betreiben, welche Biringuccio so klar
867 344 1504 384 und lebendig beschrieben hat, ist
867 398 1504 436 eine Lieblingsaufgabe der späte-
866 448 1503 481 ren italienischen Mechaniker des
869 500 1504 538 16. Jahrhunderts geblieben, und wir
866 552 1504 590 können es uns nicht versagen, zum
868 604 1506 641 Schlusse eine Lösung derselben,
867 655 1505 694 welche Agostino Ramelli in
868 706 1505 745 seinem Werke: „Le diverse et
870 757 1505 794 artificiose machine“, Parizi 1588
870 808 1505 852 (Fig. CXXXVII, Fol. 213), in einem
871 859 1506 901 vorzüglichen Kupferstiche ausgeführt
870 911 1506 952 hat, hier in verkleinertem Bilde
871 964 1506 1005 zum Schlusse mitzuteilen (Fig. 48).
871 1016 1506 1056 Ramelli giebt dazu folgende Er-
871 1071 1052 1110 klärung:
931 1118 1506 1157 Mit Hilfe der hier abgebildeten
870 1169 1506 1207 Maschine kann man in einer und
870 1218 1506 1260 derselben Zeit das Eisen in zwei
250 1274 1506 1316 Feuern erhitzen mit Hilfe von nur einem Wassergerinne. Während
250 1328 1507 1366 dieses Gerinne durch die Kraft des Wasserlaufes das Rad umdreht,
250 1380 1506 1424 dreht er die Kurbel, welche an dem Ende der Radwelle befestigt ist,
249 1432 1506 1478 und an welche die Stange befestigt ist, die an ihrem andern Ende
249 75 306 103 142
492 362 605 392 Fig. 48.
353 1534 1506 1568 (Cap. CXXXVII): Per opera della presente machina di puo in uno istesso
251 1571 1506 1607 tempo fare scaldare il ferro a due fuocne con l’aiutu d’un canale, Perche il detto
251 1611 1507 1645 canale facendo tornare la ruota signata H con la forga del suo corso, fa uobtrare
249 1648 1506 1682 la manuella G, ch’ i fitta nell’ esstrimenta d’ell esse di quella, allaquale manuella
250 1688 1507 1722 essendo giunta la barra E che disopera piglia il braciullo, ilaqualè fitto nel sub-
249 1728 1506 1759 bio D, ella s’alza et s’abaffa perli riuot ginenti d’essa maniella et fa co’l suo
249 1762 1506 1796 alzaro et abbassarsi tornar’hora da’ un cant’, hora dall’ altro esso subbio per uia
250 1800 1507 1836 del bracciulo sudetto, nel qual subbio essendo fitt’ un’ altro bracciuolo, ch’a duoi
251 1840 1506 1874 anelli nella sua estensita, lo fa co’l suo moto andare innanzi et indietro et essendo
250 1876 1507 1914 a glianelli die questo bracciullo giunti per uia di duoi alquesti tai mouimenti
250 1918 1507 1951 andar’ auicenda innanzi et indietro esse subij, ciascuno de quali hauendo in se
249 1953 1506 1990 fitti duoi altri bracciuoli, che sestegnono le braccia de i mantici EV.AI, gli
250 1994 1507 2028 alzano, et li fanno per cotai mouimente soffiare auicenda nelle fucine sudette,
250 2035 1024 2067 come benissimo si puo comprendere per il disegne.
315 2070 1506 2104 Der vollständige Titel des berühmten Werkes lautet: Le diverse et artificiose
248 2111 1506 2144 machine nelle quali si contengono varii ed industriosi movimenti, degni di gran
249 2146 1505 2181 discimo speculationi, per caverne beneficio infinito in ogni sorte d’operatione in
248 2180 1507 2224 ligua Italiana et Francese. Paris 1588. Fol. (Deutsche Übersetzung. Leipzig 1620.)
