1600 2395
402 223 1494 260 Die Schwankungen in der Zusammensetzung der Gase zwischen
326 271 1493 309 Wand und Mitte, sowie die Schwierigkeit des Abfangens der Gase in
324 321 1495 359 gröſserer Tiefe beeinträchtigen den Wert der Gasuntersuchungen des
324 369 1422 408 aufsteigenden Gasstromes in verschiedenen Höhen für die Praxis.
399 428 1494 467 Infolgedessen hat diese Art der Untersuchungen der Hochofen-
324 476 1495 516 gase abgenommen, die der Gichtgase, besonders die Ermittelung des
324 526 1494 599 Wertes , aber zugenommen. Es gilt als genügend, die dem Hoch-
326 616 1494 655 ofen zugeführten und die abgeführten Stoffe genau zu kennen, um
324 664 1494 710 ein richtiges Bild des Schmelzganges zu bekommen. Diese Ergebnisse
324 712 1494 750 brachte man dann in Verbindung mit der Ermittelung der Wärme-
324 760 1455 798 erzeugung und des Wärmeverbrauchs, d. h. mit der Wärmebilanz.
400 820 1494 858 J. Lowthian Bells Abhandlung über die Wärme in Eisenhoch-
325 868 1495 908 öfen von 1869, welche 1870 von P. Tunner übersetzt wurde, regte,
324 918 1494 956 wie erwähnt, viele hervorragende Metallurgen zur Nacheiferung und
324 967 882 1004 zu ähnlichen Untersuchungen an.
399 1019 1495 1057 Richard Åkerman veröffentlichte 1871 im Jern-Kontoret
325 1076 1495 1113 Annaler seine „Studien über die Wärmeverhältnisse des Eisenhoch-
324 1125 1493 1163 ofenprozesses mit besonderer Berücksichtigung auf den hierbei geübten
323 1175 1494 1203 Einfluſs des erhitzten Windes“ und schwedischer Verhältnisse. Bald
322 1223 1494 1262 darauf erschienen M. L. Gruners analytische Studien , L. Bells
322 1272 1492 1309 Chemical phenomena of iron smelting , R. Kuppelwiesers und
321 1321 1493 1358 R. Schöffels Beiträge zum Studium des Hochofenprozesses durch
320 1371 1492 1408 direkte Bestimmungen , eine Fortsetzung von Tunners Versuchen
320 1420 1494 1457 von 1860/62, wobei aber nicht nur die Temperaturveränderungen,
320 1469 1494 1506 sondern auch die Veränderung der Gase beim Emporsteigen und der
321 1519 1493 1556 Beschickung beim Niedergang untersucht wurden. Eine vortreffliche
321 1568 1494 1606 Arbeit veröffentlichte F. Friderici  1882 über einen Holzkohlen-
320 1616 1494 1655 ofen zu Vordernberg, desgleichen Gordon  1887 über amerikanische
322 1660 1495 1702 Öfen, insbesondere über einen Hochofen zu Nord-Chicago. Ferner
322 1714 1493 1752 erwähnen wir die Arbeiten von Wolters (1876), Schellhammer
320 1761 1494 1802 (1882), C. Cochrane (1882), Fr. Dürre (1885), J. Gayley (1890),
323 1809 977 1851 Paul Gredt (1890), Wedding (1892).
326 166 380 192 502
830 163 986 192 Hochöfen.
432 1923 1492 1955 Etudes sur les hauts-fourneaux, deutsche Übersetzung von C. Steffen 1872.
435 1956 1275 1989 Siehe Journal of the Iron and Steel Institute 1872, I, p. 1.
432 1990 1494 2024 Jahrbuch der österreich. Bergakademieen 1872, XXI, S. 169, 367; Kerpely,
324 2025 781 2057 Fortschritte etc. 1871/73, S. 252.
433 2058 1367 2092 Siehe Österreich. Zeitschr. für Berg- und Hüttenwesen 1882, S. 2.
433 2092 1492 2127 Siehe Revue universelle des mines XXI, p. 442; Berg- und Hüttenmänn.
321 2126 572 2154 Ztg. 1887, S. 391.
