1600 2474
280 196 1536 236 für jede Stahlsorte kennt und dabei die Arbeit in Betracht zieht, die
281 249 1535 289 er machen will, und verstehe, den geeignetsten Stahl dafür zu finden,
280 301 1469 342 denn es ist durchaus nicht jeder Stahl für jede Arbeit geeignet.“
361 354 1535 396 Nun folgt das interessante Kapitel (67) über die Härtung des
280 407 1204 448 Stahls, welches wir bereits früher mitgeteilt haben.
360 460 1534 502 Im Eisenguſs leisteten die Franzosen Hervorragendes.
279 513 1536 553 Ihnen gebührt das Verdienst der Erfindung des Röhrengusses, wenig-
279 565 1535 606 stens des Gusses eiserner Flanschenröhren, mit eingegossenen
279 616 1535 658 Schraubenlöchern . Die Veranlassung zu dieser Erfindung gab
278 669 1536 709 Ludwig XIV. durch die Anlage der groſsartigen Wasserwerke bei
278 720 1535 761 Marly und der Wasserkünste in Versailles in den achtziger Jahren
278 773 1535 813 des 17. Jahrhunderts. Dieses groſsartige Unternehmen stellte ganz
279 824 1534 864 auſserordentliche Anforderungen an die mechanischen Künste und be-
279 875 1535 915 schäftigte viele Hände und Köpfe. Wir haben schon früher erwähnt,
279 925 1535 968 daſs Huyghens und Papin dabei beteiligt waren und die Pulver-
278 978 1535 1021 maschine, die Vorgängerin der Dampfmaschine, erfanden, um das
279 1032 1535 1073 Wasser zu heben. Die Aufgabe war, groſse Massen von Wasser aus
278 1084 1536 1125 der Seine auf einen Berg bei Marly zu leiten, um sie von da unter
277 1137 1535 1178 Druck den Gärten von Versailles zuzuführen. Huyghens’ Maschine
277 1190 1535 1232 kam nicht zur Anwendung, vielmehr konstruierte ein Ingenieur
276 1242 1533 1284 Rannequis aus Lüttich  ein groſsartiges Wasserwerk, welches durch
279 1295 1534 1337 14 groſse Schaufelräder getrieben wurde. Es wurde 1682 begonnen
276 1347 1082 1389 und soll 8 Millionen Franks gekostet haben.
358 1401 1533 1442 Eine ausführliche Schilderung der groſsen Wasserkünste von
275 1453 1534 1495 Marly-Versailles gab zuerst Leonhard Christoph Sturm in seiner
277 1507 559 1548 Civilbaukunst .
360 1559 1532 1602 „Es sind zu Lande von Paris nach Marly zwei gemeine deutsche
275 1612 1532 1652 Meilen, hingegen zu Wasser auf der Seine mehr als sieben. Diese
282 134 360 163 1232
626 132 1196 163 Frankreich im 17. Jahrhundert.
394 1710 1534 1743 Erwähnt muſs indes werden, daſs David Zeltner in Nürnberg (1638 bis
277 1750 1533 1783 1713) zu derselben Zeit bewegliche Wasserleitungen mit Flanschenröhren kon-
274 1791 833 1823 struiert hatte, siehe Doppelmeyer.
394 1828 1531 1862 Desaguilier nennt dagegen Deville du pays de Liége als den Erbauer.
396 1867 1533 1899 L. Chr. Sturm, der erneuerte Goldmann oder die ganze Civilbaukunst,
274 1907 1531 1937 letzter Teil: architektonische Reiseanmerkungen, Augsburg 1719, Brief XXII,
273 1945 1531 1976 S. 109. Eine ältere kurze Beschreibung, die aber auch von Sturm herrührt,
274 1981 1533 2015 findet sich in „Der eröffnete Ritterplatz“ II. Teil 1702, S. 37, eine spätere aus-
274 2020 1532 2054 führliche in Leupolds Theatrum mechan. hydraul. 1725, §. 79 u. s. w. Tabelle
273 2058 1530 2093 XXI und XXII giebt Grundriſs und Prospekt der ganzen Anlage; Tabelle XX,
273 2098 1531 2132 XXIII, XXIV und XXV die Abbildung einzelner Teile. Eine weitere ausführliche
273 2138 1531 2171 Beschreibung findet sich in J. Fr. Weidleri Tractatus de Machinis Hydraulicis
273 2176 1530 2208 toto terrarum orbe maximis 1728 und weitere in Desaguiliers, Cours de phy-
273 2217 1531 2249 sique experimentale 1751. Trad. franç. p. 517, sowie in Belidor, Architecture
272 2257 723 2288 Hydraulique, Cap. IV, p. 195.
