1600 2474
238 162 1495 217 zwei Schritte vor und zwei Schritte zurückgetrieben, so hebt sich bald
239 219 1496 274 der eine, bald der andere Blasebalg, wie Ihr aus der Zeichnung
243 287 528 333 (Fig. 44) erseht.
322 321 1497 373 In dieser und vielen andern Weisen kann man es auch noch
242 375 1497 427 machen: So macht man z. B. ein groſses doppeltes Rad, so daſs ein
1074 429 1498 470 Mensch darin gehen kann
1073 480 1499 527 (Tretrad) und welches
1076 532 1499 568 auf der einen Seite
1077 582 1500 624 stellenweise gezahnt sei.
1077 635 1501 671 Auch kann man statt
1077 686 1502 722 eines halben Zahnrades
1079 737 1501 773 ein Holz aufrecht stellen
1079 789 1502 834 (eine leiterartige Zahn-
1079 840 1503 883 stange), welches einen
1080 891 1504 928 Hebel in die Höhe hebt,
1081 942 1504 980 der eine in der Mitte in
250 996 1506 1054 Zapfen gelagerte Stange treibt, an welche die Ringe des Blasebalges
253 1047 1506 1105 angehängt sind. Wenn sich dann das groſse Rad dreht, so greifen die
253 1100 1507 1152 Zähne in das Sprossenwerk des Hebels, bewegen ihn (am gegenüber-
253 1150 1508 1207 liegenden Ende) aufwärts und treiben den Wagebalken, an dem die
254 1201 1508 1258 Blasebälge angehängt sind. Der eine bewegt sich durch diesen Antrieb
256 1256 1509 1307 nach oben, der andere durch sein Fallen nach unten. Und so be-
1086 1307 1510 1353 wegen sie sich, um das
1086 1360 1511 1400 zu thun, was erforder-
1087 1414 1422 1456 lich ist (Fig. 47) .
1139 1462 1512 1506 Es giebt unendlich
1090 1518 1513 1552 viele Arten aufzuheben,
1091 1570 1514 1604 niederzudrücken und zu
1090 1620 1515 1662 ziehen, welche man alle
1092 1677 1515 1713 anwenden könnte, um
1092 1729 1516 1771 derartige Wirkungen
1093 1776 1516 1821 hervorzubringen, und ich
1095 1829 1518 1871 erinnere mich, daſs, als
264 1880 1519 1933 ich über diese Maschine nachdachte, ich zu dem Schlusse kam, daſs
266 1938 1520 1992 alle jene Wirkungen, welche sich mit Wasser hervorbringen lassen,
266 1991 1520 2038 im Falle der Not auch durch Menschenkräfte erzeugt werden könnten,
267 2035 1521 2089 und daſs ebenso alles, was man mit Menschenkräften macht, viel
267 2094 1521 2142 leichter durch das Wasser gemacht werden könnte. Unter anderm
673 110 1056 148 Von den Blasebälgen.
238 126 296 154 140
601 462 714 491 Fig. 45.
614 1341 728 1370 Fig. 46.
374 2219 897 2255 Vergl. Th. Beck, a. a. O., Fig. 7.
