1600 2431
207 164 1329 207 Über weitere Details des Beschlags u. s. w. verweisen wir auf das
131 220 752 250 vortreffliche Buch von Lindenschmit.
212 268 1331 308 War das Schwert der Triumph der Schmiedekunst im Mittelalter,
131 318 1331 359 namentlich bezüglich der kunstvollen Verbindung von Eisen und Stahl,
130 368 1330 409 so boten die Verteidigungswaffen, Schild, Helm und Panzer, dem
133 418 1330 458 Schmied in anderer Richtung ebenfalls schwere Aufgaben zur Be-
132 468 702 509 thätigung seiner Geschicklichkeit.
209 518 1330 557 Der Schild der Germanen war rund, meist länglich rund und
133 568 1331 606 pflegte aus Lindenholz mit einem Lederüberzug zu bestehen. Der
132 617 1330 649 metallene Schildrand und Schildbuckel kamen erst allmählich in Ge-
131 665 1332 706 brauch, insbesondere durch die Einwirkung der römischen Bewaffnung.
132 712 1331 754 Durch die Überreichung des Schildes wurde der deutsche Jüngling
132 765 1333 802 wehrhaft gemacht. Der Schild war der stete Begleiter des Kriegers.
133 810 1336 852 Den Schild verlieren war die gröſste Schmach. Durch Erheben auf
132 855 1331 901 den Schild wurden die Fürsten gekürt, durch Zusammenschlagen der
133 908 1331 950 Schilde der Beifall ausgedrückt, auf seinem Schilde hauchte der Held
132 959 900 1001 seinen Geist aus, auf ihm wurde er begraben.
209 1010 1141 1050 Diese Sitten erhielten sich bis zur Zeit der Karolinger.
206 1060 1329 1099 Agathias erzählt von den Vorbereitungen des fränkisch-aleman-
130 1106 1331 1149 nischen Heeres in der Schlacht gegen Narses, daſs sie Axt und Ango
131 1156 1330 1198 schärfen, ihre zerbrochenen Schilde wieder instandsetzen, „welche
130 1204 1331 1248 leicht wieder von ihnen selbst hergestellt werden können, denn einfach
131 1249 1331 1297 und gering ist dieses Volkes Waffenrüstung, sie bedarf nicht ver-
628 1309 1331 1340 schiedener Werkmeister und kann leicht
626 1360 1332 1397 von denen, welche sie gebrauchen, wie-
627 1411 1331 1448 der ausgebessert werden. Panzer und
627 1461 1331 1498 Beinschienen kennen sie nicht; die meisten
628 1510 1331 1548 schützen ihr Haupt gar nicht und wenige
626 1560 1332 1598 kämpfen mit dem Helme bedeckt. Der
628 1608 1333 1648 Körper an Brust und Rücken ist nackt,
130 1658 1331 1694 umgürtet von da ab mit leinenen oder ledernen Hosen, welche die
129 1701 448 1750 Beine bedecken .“
207 1758 1333 1800 Den ersten Eisenbeschlag des Schildes bildete der Griff, der mit
129 1803 1332 1851 vier glänzenden Nägeln befestigt war. Diese vier Nägel der Schilder
129 1854 1332 1901 pflegten das Wurfziel des Speerschützen zu sein. Später kam bei den
130 1900 1332 1949 Wohlhabenderen der römische Umbo, der Schildbuckel, auf. Dieser
129 1950 1331 1996 hatte erst die Gestalt eines runden Hutes und war kunstvoll getrieben
132 2001 1331 2049 (Fig. 243), meist in Form eines Kugelsegments. Der Buckel war von
1272 110 1327 137 721
443 107 1014 146 Bewaffnung im frühen Mittelalter.
176 2153 1144 2190 Beck, Geschichte des Eisens. 46
319 1335 445 1365 Fig. 243.
229 2117 655 2142 Lindenschmit a. a. O. S. 241.
