1600 2431
121 152 1323 200 reichen Holzart angefertigt werden, fand Speke bei den Wanyamuesi,
120 202 1321 247 Livingstone bei den Batoka. Ein vierkantiger Klotz, meistens nur
119 254 1321 297 ein glatter Gneis oder Kieselstein, wird zugleich als Hammer oder
119 304 1319 349 Ambos gebraucht (Fig. 56) und „in jedem Falle ist die nervige Hand
119 354 1319 399 des Schmiedes der einzige Stiel dieses plumpen Werkzeuges“. Ab-
118 405 1319 445 gesehen von kleinen Meiſseln, die zum Zuschneiden des Randes und
100 456 1316 494 zur Erzeugung der feinen Stacheln und Widerhaken an den Lanzen
118 503 1317 549 benutzt wurden, fand Schweinfurth bei den Bongoschmieden keine
118 554 459 594 anderen Werkzeuge.
196 604 1318 646 In Wadai ist die Industrie relativ gering, doch wird Eisenerz
116 653 1318 696 verschmolzen und das Eisen zu Waffen und Ackergerät verarbeitet.
334 704 1318 747 Barth rühmt die Arbeiten der Feinschmiede in Agades.
333 747 1316 794 Überhaupt sollen die heidnischen Bewohner im Sudan, von
334 803 1186 838 Darfur und Wadai treffliche Eisenarbeiten liefern.
411 853 1316 894 In Kano , dieser berühmten Handelsstadt Zentral-
331 903 1315 944 afrikas  bildet die Eisenverarbeitung einen bedeutenden
331 954 1317 995 Industriezweig, indem es hier in groſser Menge zu Speeren,
332 1003 1315 1045 Lanzen, Dolchen, Ackergerätschaften, Steigbügeln und
331 1053 1314 1094 Zaumketten verarbeitet wird, obwohl es keineswegs von
331 1103 1314 1146 solcher Güte sein soll, wie das von Wándala (Mándara)
331 1154 668 1194 und Buban- Djídda.
408 1204 1314 1242 Aus dem Grenzlande der Marghi, zwischen Bornú und
330 1255 1313 1293 Adamana, berichtet Barth von einem Schmied, welchen er
114 1306 1313 1345 unter einem üppig aufgewachsenen Tamarindenbaume traf, unter dessen
106 1354 1314 1397 Schatten jener seine einfache Werkstätte aufgeschlagen hatte. Der
112 1406 1311 1446 Arbeiter waren drei. Der Meister hämmerte das im Feuer liegende
112 1456 1310 1497 Eisen, ein Knabe fachte das Feuer mittels eines kleinen Blasebalgs —
110 1507 1312 1547 húbutu — an und ein erwachsener Bursche befestigte das Eisen an
111 1557 1315 1599 einen Stiel. Nahe bei ihnen lag ein vollendeter Speer am Boden. Auf
48 1608 1312 1648 eine Anfrage nach dem Ursprunge des Eisens wurde Madégele in Buban-
110 1659 1314 1699 djídda angegeben. Es wird dort für das beste Eisen angesehen. Auf
110 1709 1310 1743 seiner Rückkehr von Adamana durch dasſelbe Land fand der Reisende
110 1758 1311 1799 seinen Wirt zu Issege reich mit Eisen geschmückt. Er trug um den Hals
109 1808 1307 1844 und bis auf die Brust herabreichend einen Schmuck von zwei Reihen
109 1857 1310 1903 Eisen- (oder Stahl-) Perlen, am linken Oberarm vier breite Eisenringe,
109 1906 1309 1951 am Ellbogen zwei andere schmale, sehr niedliche, wie aus Perlen zu-
107 1956 1309 2001 sammengesetzte und am Handgelenk drei Eisenringe. Auch am rechten
65 2006 1309 2048 Arm befanden sich vier und am Fuſsgelenk ein derartiger. Andere seiner
1264 101 1319 130 317
663 94 776 125 Afrika.
172 732 273 761 Fig. 56.
206 2119 1262 2155 Percy, Eisenhüttenkunde, I, 576.In Hausa, westlich vom Tsadsee.
