1600 2431
188 168 1383 207 werksmäſsig, wahrscheinlich aus Thon angefertigt gewesen, die Form
187 217 1383 258 war zweiteilig, also mit abhebbarem Kasten eingestampft, aber die
187 266 1383 306 Guſsnaht ganz versetzt. Herr Baurat Mothes, der ebenfalls bei der
186 316 1382 358 Besichtigung anwesend war, erwähnte, daſs sich in Leipzig ein oder
187 366 1382 406 zwei dieser eigentümlichen Löwen aus Eisen gefunden haben. Er hielt
184 415 1379 455 sie für eine heraldische Dekoration etwa an einem Thor, und wenn
182 465 1383 506 ich mich nicht irre, bemerkte er, daſs man ein Exemplar der Art auf
184 515 1379 554 einen Thorpfeiler gesetzt habe. Durch meinen Freund Dr. Hermann
183 564 1379 604 aus Hanau habe ich untenstehende Abbildung (Fig. 302) eines Tieres
184 613 1378 650 der Art erhalten, welches in der unmittelbaren Nähe von Hanau aus-
181 662 1377 700 gegraben worden ist. Ich kann der oben angeführten Ansicht von
182 711 1378 747 Mothes nicht beistimmen, schon der rohen, unkünstlerischen Ausfüh-
181 760 1377 798 rung wegen, vielmehr bin ich durch Vergleichung von Abbildungen u. s. w.
182 805 1376 846 zu der Überzeugung gelangt, daſs diese rätselhaften Tiere nichts
180 857 1376 895 anderes waren, als die Füſse groſser Kachelöfen mit eiserner Platten-
832 905 1375 942 bekleidung. Es wäre deshalb
830 954 1375 993 wohl möglich, daſs die angeführ-
830 1004 1375 1042 ten guſseisernen Löwen — wie die
830 1054 1375 1084 ältesten Plattenöfen selbst —
830 1103 1374 1134 dem Ende des 15. Jahrhunderts
829 1154 1050 1181 entstammten.
908 1200 1374 1231 Haben wir in dem Vorher-
829 1251 1373 1290 gehenden die Grenzen der Zeit
829 1301 1372 1339 zu bestimmen gesucht, bis zu
829 1351 1372 1390 der die Anwendung des Guſs-
829 1403 1372 1440 eisens hinaufreicht, so wenden
828 1453 1372 1492 wir uns jetzt zu der Frage, wie
827 1502 1372 1538 ist diese Erfindung gemacht, wo-
175 1549 1370 1591 durch ist dieser groſse Umschwung herbeigeführt worden und wie kam
175 1597 1370 1640 es, daſs eine scheinbar so naheliegende, einfache Erfindung erst so
174 1653 548 1688 spät in die Welt trat?
252 1696 1371 1742 Wie alle wichtigen Erfindungen im Gebiete der Technik nicht mit
173 1747 1370 1790 einem Male als fertige That eines genialen Kopfes zur Erscheinung traten,
172 1796 1370 1839 sondern aus kleinen Anfängen beginnend, Schritt vor Schritt, oft
172 1846 1368 1887 unbeachtet sich entwickelten, bis sie dann zu einer gewissen Reife
171 1895 1369 1939 gelangt als glänzender Fortschritt vor aller Welt erschienen, so war
171 1940 1367 1986 dies auch mit der Erfindung des Eisengusses der Fall. Keine Über-
170 1994 1368 2036 lieferung nennt uns den Mann, der hier als Erfinder zu bezeichnen
171 2043 1367 2085 wäre. Mit Recht, denn einen solchen hat es nicht gegeben. So all-
170 2092 1368 2134 mählich, schrittweise und von selbst entwickelte sich die Kunst des
1326 118 1380 145 951
703 108 870 144 Eisenguſs.
445 937 571 966 Fig. 302.
