1600 2431
167 204 1368 242 Schätze Indiens nach dem Westen brachten. Des Bergbaues am Sinai
165 248 1368 293 in arabischem Gebiet haben wir bereits bei der Geschichte der Ägypter
167 305 1368 345 gedacht, ebenso der Bergwerke und Goldwäschereien im Lande Madian,
167 355 1368 395 die Burton wieder aufgefunden hat. Das Eisen kannten sie unzweifel-
166 404 1367 445 haft früh. Die Eisenbergwerke am Sinai scheinen bis zur Zeit der
168 455 1365 495 dritten Dynastie zurückzureichen. Aus dem glücklichen Arabien, aus
167 503 1370 543 Usal, dem heutigen Sanaa kam feiner Stahl auf den Markt von Tyrus .
168 553 1371 591 Es ist nicht unwahrscheinlich, daſs dieser Stahl indischen Ursprungs
168 603 1370 635 war. Die Araber verarbeiteten den Stahl früh zu Schwertern. Waffen
168 653 1372 684 werden als Handelsartikel der alten Araber erwähnt und haben wir
169 701 1372 740 uns darunter gewiſs hauptsächlich Schwerter vorzustellen, denn das
171 749 1372 789 Schwert ist die Hauptwaffe des freien Arabers von jeher gewesen. Mit
171 798 1373 839 den guten Schwertklingen wurde später ein förmlicher Kultus getrieben.
171 846 1372 887 Sie erhielten Namen, erbten fort und der Ruhm eines Schwertes über-
170 897 1375 937 dauerte Generationen. Diese Gebräuche sind auch hauptsächlich erst
170 947 1374 989 durch die Araber bei der europäischen Ritterschaft in Gebrauch ge-
170 996 1373 1039 kommen. Als gröſster Reichtum des Propheten Mohammed werden von
170 1047 1374 1087 den arabischen Schriftstellern seine zehn Schwerter gepriesen. Das
169 1096 1376 1136 berühmteste derselben war Dsulfakar, d. h. der Durchbohrer. Albufeda
170 1147 1374 1188 erzählt, daſs er diesen von Mombas al Heyjahi, dem Sohne des Alsaha-
170 1197 1375 1232 mitam in der Schlacht von Bedr erbeutet hätte. Drei nahm er den Söhnen
171 1246 1374 1290 des Koinobas ab . Dschamabi führt die zehn Schwerter Mohammeds mit
170 1294 1375 1339 Namen auf, es waren: 1. Mabur, der Mandelspitzige; 2. Al-Adhb, der
345 1343 1376 1391 Gespitzte; 3. Dsulfakar, der Durchbohrer, den er in keinem
345 1398 1375 1440 Treffen ablegte und den Ali von ihm erbte; 4. Al Kola aus
344 1449 1377 1491 Kola in Assyrien, von trefflicher Klinge; 5. Al Battar, der
345 1500 1377 1541 Scharfschneidige; 6. Al-Half, der Tod; 7. Al-Medham, der
345 1550 1377 1590 Wohlschneidende; 8. Al Bosub, der Tiefeindringende; 9. Al-
347 1602 1377 1642 Kadib, der Zierlichschneidende und 10. das Schwert seines
346 1648 1377 1690 Vaters. Der Dsulfakar lief der Überlieferung nach sonder-
346 1701 1378 1742 barer Weise in zwei Spitzen aus (Fig. 35). Er wurde oft
345 1752 1376 1794 abgebildet und später ein gebräuchliches arabisches Schwert-
174 1814 1376 1888 zeichen ￼. Im Türkenzelt in Dresden befindet sich eine alte Klinge
163 1898 1376 1944 mit folgender arabischer Inschrift: „Es ist kein Heiliger als Ali und
172 1944 1375 1991 kein Schwert als der Dsulfakar, das von Mohammed geerbte, zweispitzige
175 1994 1378 2037 Schwert. Mein Vertrauen steht auf Gott.“ Auf einem persischen Schwert
175 2045 1377 2094 derselben Sammlung steht auf einer Seite die persische Inschrift: „So
1312 146 1365 173 197
708 144 819 182 Syrien.
208 1367 313 1398 Fig. 35.
274 2164 894 2196 Ezechiel 27, 29.Klemm a. a. O. 2, 47.
