1600 2474
223 192 1477 235 sagt, der Schmelzer müsse die Erze „in einem offenen Ofen rösten“
222 244 1478 290 (à forno aperto la ricuoca) und zwar wiederholt. „Wenn er sie dann
222 298 1478 342 röstet und wieder röstet und sie gut ausdampfen läſst, ehe er sie
222 350 1478 392 verschmilzt, erhält er ein gutes Eisen, das sich leicht bearbeiten
221 402 1478 448 läſst.“ Was hier unter forno aperto gemeint ist, läſst sich allerdings
221 455 1478 496 nicht bestimmt behaupten. Dem Wortlaut nach müſste man zumeist
223 506 1477 550 an die eigentümlichen, hohen Röststadeln oder Röstöfen denken, welche
221 558 1477 597 Agricola am Ende seines achten Buches erwähnt: Hae fornaces
905 616 1476 647 structuram habent similem struc-
904 667 1476 705 turam fornacum, in quibus venae
903 719 1476 758 excoquuntur, nisi quod ex priore
902 769 1476 808 parte pateant: altae vero sunt
903 821 1355 858 pedes sex: latae quatuor.
984 871 1475 907 Die Röstöfen, wenn solche
903 922 1475 965 überhaupt damals schon ange-
902 975 1475 1011 wendet wurden, waren Schacht-
903 1026 1475 1061 öfen. In ihrer einfachsten Ge-
903 1079 1475 1121 stalt waren es schachtförmige
902 1130 1475 1163 Gruben in trockenem Boden in
902 1182 1475 1223 steil abfallenden Hügeln, ähnlich
903 1235 1475 1275 den primitiven Kalköfen oder
901 1288 1473 1327 Kalkgruben. Besser sind die
902 1343 1473 1380 gemauerten Schachtöfen, die
902 1394 1473 1434 einen runden oder viereckigen
217 1443 1474 1485 Querschnitt und meistens die Gestalt eines umgekehrten Kegels oder
216 1495 626 1534 einer Pyramide hatten.
299 1547 1473 1591 Es ist möglich, daſs die Röstung in Schachtöfen in den Gegenden,
217 1599 1472 1644 wo Spateisensteine verschmolzen wurden, wie besonders im Sieger-
216 1652 1472 1695 lande und am Erzberge in Steiermark, ferner in der Dauphiné, Graf-
215 1703 1471 1745 schaft Foix, Roussillon und Navarra, schon sehr früh im Gebrauche
214 1756 1043 1802 war, doch fehlen darüber bestimmte Angaben.
297 1805 1471 1855 Möglich, daſs Biringuccios Forno aperto, den wir oben als
218 1861 1472 1903 Röststadel erklärt haben, ein unten offener Schachtofen bedeuten soll.
297 1913 1471 1952 Auch das Rösten von wertvolleren Erzen in einem backofen-
214 1965 1087 2010 artigen Flammofen beschreibt Agricola bereits.
296 2018 1471 2057 Eigentümlich war das Rösten der Erze in den Rennherden zu
213 2070 1469 2114 Corsica. Es geschah in denselben Herdöfen, in denen auch die Erze
211 2122 1471 2165 reduziert und eingeschmolzen wurden, und bildete den ersten Teil
211 2176 1470 2220 dieser Arbeit. Hierbei wurde die Röstung viel weiter getrieben, als
211 2229 1470 2270 dies sonst gebräuchlich war, so daſs die Erzmasse bereits zusammen-
223 130 261 159 92
699 131 1000 163 Rösten der Erze.
513 651 610 680 Fig. 9.
