1600 2474
217 192 1471 232 schlacken und dem andern Viertel gestoſsenem Bleierz und etwa ein
216 246 1472 286 Drittel von dem Ganzen gestoſsenen Marmor auf einem Estrich mischten
217 299 1472 338 und nachdem sie eine Schichte daraus geformt hatten, davon in einen
216 352 1474 386 Kasten faſsten und sie zum Schmelzen in den Schachtofen brachten.
217 403 1475 447 Von dieser Mischung (Möller, Beschickung) und den Kohlen wurde
218 457 1474 497 der Ofen immer voll gehalten, und sowie die Kohlen verzehrt wurden
218 508 1475 549 und die Erze schmolzen, gab man immer wieder davon auf. Wenn
218 559 1476 601 ich dies betrachte, halte ich es für gewiſs (ja ich bin dessen sehr
220 612 1475 653 sicher, weil ich mich selbst dessen bedient habe), daſs jedes andere
219 664 1474 703 Erz, welches seiner Natur nach nicht sehr weit von dem genannten
219 714 1476 756 entfernt ist, auf gleiche Weise sich reduzieren würde, wie dies bei
220 766 1475 808 der Reinigung durch die Schmelzung aus der Art und Weise,
220 817 1476 855 deren die andern sich bedienen, erscheint. Es ist dies die groſse Pforte,
220 868 1477 912 die man passieren muſs, um sicher auf andere Wege zu kommen, die
1051 920 1477 959 nach den gewünschten
1052 973 1299 1003 Zielen führen.
1096 1025 1478 1064 „Kap. III. Von den
1054 1077 1478 1108 Formen der Schacht-
1055 1129 1478 1169 öfen (maniche) und
1056 1181 1478 1220 der gewöhnlichen
1056 1228 1479 1275 Öfen (forni) zum
1056 1287 1478 1318 Schmelzen der Erze.“
1096 1339 1480 1381 (S. 114.) „Um Schacht-
1057 1390 1481 1428 öfen zu machen, muſs
1056 1444 1480 1480 man Steine haben, welche
224 1496 1480 1542 dem Feuer genügend widerstehen (verschiedene passende Steinsorten
223 1548 1481 1594 werden aufgeführt) “ ..... (S. 115.) „Ich werde die gewöhnliche
224 1601 1480 1648 Form (der Schachtöfen) angeben, denn die Abweichungen sind weiter
223 1654 1482 1697 keine, als daſs die Mauern doppelt gemacht werden, oder nochmals
224 1708 1482 1753 verdoppelt bei den Blasebälgen (auf der Formseite). Auch giebt es
224 1760 1481 1804 Meister, die sie (im Schmelzraum) in verschiedenen Formen zu machen
225 1814 1483 1858 pflegen, der eine lang und schmal, der andere unten etwas ge-
226 1865 1483 1904 krümmt. Wieder andere machen sie da, wo der Wind der Bälge ein-
224 1914 1485 1958 tritt, mehr oder weniger weit. Aber um zum Schlusse zu kommen,
226 1970 1484 2008 alle lassen sie den Ofen an eine Mauer anlehnen , welche für das
226 2021 1485 2061 Wasser zum Bau des Wasserrades, welches die Bälge bewegt, geeignet
227 2074 1485 2117 ist, und gewöhnlich giebt man ihnen die Form eines Mühlentrichters,
220 123 277 153 108
715 111 975 150 Von den Öfen.
575 927 689 957 Fig. 13.
333 2150 1486 2186 La silice negra a pizzicata di bianco, ò certa pietra morta faldosa che è
691 2192 1485 2224 Vergleiche Agricola, De re metallica, Lib. IX zu
228 2238 344 2268 Anfang.
