1600 2431
116 170 1328 215 des Achill bildete den Vorwurf für die Künstler, ebenso die bekannte
131 220 715 265 Stelle aus der Aeneis des Virgil :
270 293 1081 330 „Neben Sikanias Bord und von Äolus’ Lipare seitwärts,
222 338 1076 368 Hebet ein Eiland sich aufragend mit rauchenden Klippen:
221 371 1155 408 Über ihm donnert die Höhl’ und ätnäische Kluft der Cyklopen,
222 415 1271 446 Ganz durchbrannt von den Essen, und kräftige Schläg’ auf den Amboſs
222 454 1095 485 Führen dem Ohr das Getös zurück im Gewinde der Gänge,
224 489 1180 520 Zischen die Massen des Stahls, wild atmet die Glut in den Öfen:
222 531 1107 561 Dort nun stieg vom Himmel herab der Gebieter des Feuers.
221 569 1067 599 Allda schmiedeten Eisen in räumiger Kluft die Cyklopen,
219 606 1166 637 Brontes, Steropes auch und mit nackenden Gliedern Pyrakmon.“
204 665 1323 704 Die Arbeit eines Grobschmiedes ist lebendig dargestellt auf dem
125 709 1324 754 Flachrelief eines Sarkophags zu Rom (Fig. 114). Der Meister, der
126 760 1323 802 typisch als bärtig dargestellt ist, während die Gesellen glatte Gesichter
121 1253 1321 1306 haben, hält das Eisen in der Zange und schwingt den Handhammer,
121 1307 1319 1356 während die zwei starken Gesellen zu wuchtigen Streichen mit den
121 1352 1319 1405 Zuschlaghämmern ausfahren. Im Hintergrunde zieht der Lehrbub den
120 1401 1320 1451 Balg mit einem Handhebel und facht die Glut des Schmiedefeuers an.
120 1453 1271 1507 Auch dieses Bild ist in seiner Behandlung unverkennbar griechisch.
197 1509 1318 1549 Eine einfachere Schmiede stellt ein Grabstein im Museum des
120 1551 1318 1610 Lateran dar (Fig. 115). Liger  will hier ein transportables Schmiedefeuer,
120 1609 1317 1654 eine Feldschmiede erkennen, doch scheint mir auch hier der Hebel,
120 1652 1316 1705 den der Geselle hinter dem Feuer in der Hand hält, nach Analogie
118 1708 1316 1756 anderer Darstellungen den Hebel des Balges und nicht eine Tragstange
119 1760 361 1794 vorzustellen.
147 1809 1313 1855 Eine andere Darstellung, die sich öfter wiederholt, ist, wie Vulkan
119 1852 631 1896 dem Zeus den Blitz schmiedet.
193 1908 1315 1956 Fig. 116 (a. f. S.) stellt dies in den Abbildungen zu Virgil im
118 1949 1315 2002 Vatikan dar und zwar in dem Moment, wie der Gott sich ruht und
119 2000 1006 2055 den Zuschlaghammer (marcus) zur Seite gesetzt hat.
1271 123 1327 151 537
532 115 920 146 Italien und die Römer.
357 817 481 849 Fig. 114.
946 821 1070 849 Fig. 115.
214 2112 937 2148 Aeneis VIII, 416 etc.Liger a. a. O. II, 148.
