<?xml version="1.0" encoding="UTF-8"?>
<PcGts xmlns="http://schema.primaresearch.org/PAGE/gts/pagecontent/2019-07-15" xmlns:xsi="http://www.w3.org/2001/XMLSchema-instance" xsi:schemaLocation="http://schema.primaresearch.org/PAGE/gts/pagecontent/2019-07-15 http://schema.primaresearch.org/PAGE/gts/pagecontent/2019-07-15/pagecontent.xsd">
<Metadata>
<Creator>regJS2PAGE.py</Creator>
<Created>2021-01-17T09:39:36.335065</Created>
<LastChange>2021-01-17T09:39:36.335065</LastChange>
</Metadata>
<Page imageFilename="Samples-fig-sel/beck_eisen02_1895_0351.png" imageWidth="1600" imageHeight="2474">
<TextRegion id="block_0" custom="structure {type:body;}">
<Coords points="35,196 35,240 35,244 60,244 60,295 60,297 60,348 44,350 44,401 59,411 59,455 58,456 58,508 56,507 56,559 56,569 56,610 59,612 59,664 57,670 57,712 56,715 56,766 56,765 56,819 55,821 55,868 54,866 54,919 54,923 54,969 54,972 54,1027 54,1026 26,1026 26,1078 26,1078 54,1078 54,1129 53,1129 53,1182 54,1181 54,1235 54,1248 915,1248 915,1285 917,1300 917,1339 915,1353 915,1393 935,1405 935,1437 915,1457 915,1496 914,1510 914,1550 914,1562 914,1602 914,1615 914,1648 914,1668 940,1668 940,1700 940,1717 913,1717 913,1759 913,1774 913,1812 913,1803 16,1803 16,1862 16,1865 52,1865 52,1916 52,1906 52,1971 53,1958 53,2019 53,2011 53,2077 53,2064 53,2124 52,2121 52,2180 53,2167 53,2233 37,2216 37,2285 1297,2285 1297,2216 1299,2233 1299,2167 1300,2180 1300,2121 1300,2124 1300,2064 1301,2077 1301,2011 1301,2019 1301,1958 1302,1971 1302,1906 1302,1916 1302,1865 1303,1862 1303,1803 1303,1812 1303,1774 1303,1759 1303,1717 1277,1717 1277,1700 1277,1668 1306,1668 1306,1648 1306,1615 1304,1602 1304,1562 1306,1550 1306,1510 1306,1496 1306,1457 1285,1457 1285,1437 1285,1405 1308,1405 1308,1393 1308,1353 1307,1339 1307,1300 1308,1285 1308,1248 1307,1235 1307,1181 1307,1182 1307,1129 1308,1129 1308,1078 1308,1078 1308,1026 1310,1027 1310,972 1311,969 1311,923 1310,919 1310,866 1310,868 1310,821 1310,819 1310,765 1310,766 1310,715 1310,712 1310,670 1311,664 1311,612 1308,610 1308,569 1309,559 1309,507 1309,508 1309,456 1311,455 1311,411 1307,401 1307,350 1313,348 1313,297 1312,295 1312,244 1314,240 1314,196 35,196"/>
<TextLine id="line_0">
<Coords points="35,196 132,196 156,208 209,208 238,199 299,199 329,199 436,199 465,200 519,200 546,200 735,200 773,212 810,212 841,202 1013,202 1047,202 1111,202 1146,213 1196,213 1224,203 1314,203 1314,235 1224,235 1196,233 1146,233 1111,234 1047,234 1013,240 841,240 810,233 773,233 735,233 546,233 519,232 465,232 436,230 329,230 299,230 238,230 209,228 156,228 132,234 35,234 35,196"/>
<Baseline points="35,234 132,234 156,228 209,228 238,230 299,230 329,230 436,230 465,232 519,232 546,233 735,233 773,233 810,233 841,240 1013,240 1047,234 1111,234 1146,233 1196,233 1224,235 1314,235"/>
<TextEquiv><Unicode>war, um den Boden des Geschützes zu erreichen, und am Ende</Unicode></TextEquiv>
</TextLine>

<TextLine id="line_1">
<Coords points="60,244 220,244 241,252 321,252 347,253 398,253 420,254 471,254 491,254 701,254 724,256 820,256 842,256 931,256 957,256 1177,256 1200,257 1312,257 1312,295 1200,295 1177,287 957,287 931,287 842,287 820,287 724,287 701,294 491,294 471,285 420,285 398,284 347,284 321,284 241,284 220,283 60,283 60,244"/>
<Baseline points="60,283 220,283 241,284 321,284 347,284 398,284 420,285 471,285 491,294 701,294 724,287 820,287 842,287 931,287 957,287 1177,287 1200,295 1312,295"/>
<TextEquiv><Unicode>derselben habe ich ein vierkantiges Stück Stahl anschweiſsen lassen,</Unicode></TextEquiv>
</TextLine>

<TextLine id="line_2">
<Coords points="60,297 166,297 200,305 265,305 295,306 419,306 454,308 568,308 602,309 666,309 700,309 807,309 837,309 901,309 935,312 991,312 1024,309 1167,309 1201,320 1313,320 1313,347 1201,347 1167,348 1024,348 991,348 935,348 901,340 837,340 807,340 700,340 666,339 602,339 568,346 454,346 419,337 295,337 265,336 200,336 166,335 60,335 60,297"/>
<Baseline points="60,335 166,335 200,336 265,336 295,337 419,337 454,346 568,346 602,339 666,339 700,340 807,340 837,340 901,340 935,348 991,348 1024,348 1167,348 1201,347 1313,347"/>
<TextEquiv><Unicode>dessen vier Kanten gerade und scharf und gut gehärtet waren,</Unicode></TextEquiv>
</TextLine>

<TextLine id="line_3">
<Coords points="44,350 166,350 193,369 282,369 308,359 352,359 379,359 412,359 438,360 494,360 520,360 673,360 700,365 818,365 843,362 908,362 937,362 1068,362 1092,362 1232,362 1264,363 1307,363 1307,395 1264,395 1232,399 1092,399 1068,401 937,401 908,393 843,393 818,401 700,401 673,392 520,392 494,391 438,391 412,389 379,389 352,390 308,390 282,389 193,389 166,395 44,395 44,350"/>
<Baseline points="44,395 166,395 193,389 282,389 308,390 352,390 379,389 412,389 438,391 494,391 520,392 673,392 700,401 818,401 843,393 908,393 937,401 1068,401 1092,399 1232,399 1264,395 1307,395"/>
<TextEquiv><Unicode>damit, wenn sie in das Geschütz gesetzt und gedreht wurden, sie</Unicode></TextEquiv>
</TextLine>

<TextLine id="line_4">
<Coords points="59,414 158,414 194,411 244,411 278,412 436,412 472,417 637,417 673,415 771,415 799,415 854,415 876,415 903,415 934,416 997,416 1028,417 1107,417 1158,416 1231,416 1271,417 1311,417 1311,447 1271,447 1231,448 1158,448 1107,455 1028,455 997,454 934,454 903,453 876,453 854,446 799,446 771,455 673,455 637,453 472,453 436,452 278,452 244,443 194,443 158,443 59,443 59,414"/>
<Baseline points="59,443 158,443 194,443 244,443 278,452 436,452 472,453 637,453 673,455 771,455 799,446 854,446 876,453 903,453 934,454 997,454 1028,455 1107,455 1158,448 1231,448 1271,447 1311,447"/>
<TextEquiv><Unicode>genau die Rundung erzeugten (siehe Bd. I, Fig. 300). Dies ist</Unicode></TextEquiv>
</TextLine>

<TextLine id="line_5">
<Coords points="58,456 106,456 139,464 351,464 380,466 444,466 499,466 572,466 607,467 662,467 696,468 739,468 775,467 840,467 870,467 1003,467 1036,469 1111,469 1140,469 1220,469 1249,479 1309,479 1309,500 1249,500 1220,499 1140,499 1111,499 1036,499 1003,507 870,507 840,508 775,508 739,497 696,497 662,497 607,497 572,496 499,496 444,495 380,495 351,501 139,501 106,490 58,490 58,456"/>
<Baseline points="58,490 106,490 139,501 351,501 380,495 444,495 499,496 572,496 607,497 662,497 696,497 739,497 775,508 840,508 870,507 1003,507 1036,499 1111,499 1140,499 1220,499 1249,500 1309,500"/>
<TextEquiv><Unicode>die gewöhnliche Art. Man hat sie (die Bohrer) aber auch von</Unicode></TextEquiv>
</TextLine>

<TextLine id="line_6">
<Coords points="56,507 172,507 200,517 257,517 284,517 507,517 535,519 679,519 711,519 774,519 801,519 857,519 884,520 1099,520 1126,521 1217,521 1245,522 1309,522 1309,551 1245,551 1217,552 1126,552 1099,559 884,559 857,549 801,549 774,549 711,549 679,556 535,556 507,556 284,556 257,546 200,546 172,545 56,545 56,507"/>
<Baseline points="56,545 172,545 200,546 257,546 284,556 507,556 535,556 679,556 711,549 774,549 801,549 857,549 884,559 1099,559 1126,552 1217,552 1245,551 1309,551"/>
<TextEquiv><Unicode>Bronze mit Vertiefungen gemacht und hat vierkantigen Stahl ein-</Unicode></TextEquiv>
</TextLine>

<TextLine id="line_7">
<Coords points="56,569 177,569 198,579 250,579 269,569 342,569 364,569 678,569 700,581 737,581 758,571 943,571 965,572 1079,572 1102,572 1157,572 1180,573 1308,573 1308,610 1180,610 1157,603 1102,603 1079,602 965,602 943,608 758,608 737,601 700,601 678,608 364,608 342,608 269,608 250,598 198,598 177,604 56,604 56,569"/>
<Baseline points="56,604 177,604 198,598 250,598 269,608 342,608 364,608 678,608 700,601 737,601 758,608 943,608 965,602 1079,602 1102,603 1157,603 1180,610 1308,610"/>
<TextEquiv><Unicode>gesetzt, um jene Unbequemlichkeit zu vermeiden, welche das Härten,</Unicode></TextEquiv>
</TextLine>

<TextLine id="line_8">
<Coords points="59,612 213,612 251,621 314,621 353,631 472,631 506,622 665,622 697,624 786,624 813,624 927,624 959,624 1023,624 1052,625 1311,625 1311,664 1052,664 1023,653 959,653 927,653 813,653 786,661 697,661 665,652 506,652 472,659 353,659 314,650 251,650 213,650 59,650 59,612"/>
<Baseline points="59,650 213,650 251,650 314,650 353,659 472,659 506,652 665,652 697,661 786,661 813,653 927,653 959,653 1023,653 1052,664 1311,664"/>
<TextEquiv><Unicode>Schleifen und genaue Justieren jenes Eisen- und Stahlklumpens</Unicode></TextEquiv>
</TextLine>

<TextLine id="line_9">
<Coords points="57,670 172,670 194,672 293,672 315,683 348,683 370,673 539,673 580,674 720,674 737,675 818,675 839,675 889,675 912,675 967,675 989,676 1159,676 1180,677 1310,677 1310,708 1180,708 1159,712 989,712 967,706 912,706 889,705 839,705 818,706 737,706 720,705 580,705 539,704 370,704 348,702 315,702 293,702 194,702 172,707 57,707 57,670"/>
<Baseline points="57,707 172,707 194,702 293,702 315,702 348,702 370,704 539,704 580,705 720,705 737,706 818,706 839,705 889,705 912,706 967,706 989,712 1159,712 1180,708 1310,708"/>
<TextEquiv><Unicode>macht, damit er schneidet. Alsdann habe ich das Geschütz, welches</Unicode></TextEquiv>
</TextLine>

<TextLine id="line_10">
<Coords points="56,715 104,715 131,722 249,722 275,724 391,724 424,726 480,726 507,726 556,726 579,726 694,726 722,727 813,727 844,727 913,727 944,728 1077,728 1104,729 1310,729 1310,766 1104,766 1077,765 944,765 913,756 844,756 813,765 722,765 694,756 579,756 556,755 507,755 480,754 424,754 391,760 275,760 249,753 131,753 104,748 56,748 56,715"/>
<Baseline points="56,748 104,748 131,753 249,753 275,760 391,760 424,754 480,754 507,755 556,755 579,756 694,756 722,765 813,765 844,756 913,756 944,765 1077,765 1104,766 1310,766"/>
<TextEquiv><Unicode>ich bohren wollte, auf ein Modell (d. h. eine passend ausgehöhlte</Unicode></TextEquiv>
</TextLine>

<TextLine id="line_11">
<Coords points="56,765 238,765 267,785 339,785 353,776 499,776 528,777 718,777 747,778 822,778 852,778 980,778 1002,779 1098,779 1126,780 1310,780 1310,819 1126,819 1098,809 1002,809 980,809 852,809 822,808 747,808 718,808 528,808 499,812 353,812 339,805 267,805 238,814 56,814 56,765"/>
<Baseline points="56,814 238,814 267,805 339,805 353,812 499,812 528,808 718,808 747,808 822,808 852,809 980,809 1002,809 1098,809 1126,819 1310,819"/>
<TextEquiv><Unicode>Unterlage) von Ulmen-, Nuſsbaum- oder anderm Holze aufgepaſst,</Unicode></TextEquiv>
</TextLine>

<TextLine id="line_12">
<Coords points="55,821 184,821 206,829 302,829 325,827 403,827 424,828 489,828 510,829 566,829 588,829 638,829 665,829 787,829 809,830 962,830 989,831 1134,831 1154,841 1216,841 1245,832 1310,832 1310,862 1245,862 1216,861 1154,861 1134,868 989,868 962,860 809,860 787,860 665,860 638,858 588,858 566,858 510,858 489,857 424,857 403,856 325,856 302,856 206,856 184,854 55,854 55,821"/>
<Baseline points="55,854 184,854 206,856 302,856 325,856 403,856 424,857 489,857 510,858 566,858 588,858 638,858 665,860 787,860 809,860 962,860 989,868 1134,868 1154,861 1216,861 1245,862 1310,862"/>
<TextEquiv><Unicode>welches unten eben und wie ein kleiner Schlitten gemacht war und</Unicode></TextEquiv>
</TextLine>

<TextLine id="line_13">
<Coords points="54,866 133,866 161,887 194,887 222,878 280,878 307,878 449,878 472,880 620,880 642,884 697,884 724,881 882,881 908,881 984,881 1010,881 1068,881 1090,882 1209,882 1235,883 1310,883 1310,913 1235,913 1209,918 1090,918 1068,912 1010,912 984,912 908,912 882,919 724,919 697,919 642,919 620,910 472,910 449,909 307,909 280,908 222,908 194,907 161,907 133,904 54,904 54,866"/>
<Baseline points="54,904 133,904 161,907 194,907 222,908 280,908 307,909 449,909 472,910 620,910 642,919 697,919 724,919 882,919 908,912 984,912 1010,912 1068,912 1090,918 1209,918 1235,913 1310,913"/>
<TextEquiv><Unicode>habe es mit eisernen Bändern gut befestigt, oder mit Seilen, oder</Unicode></TextEquiv>
</TextLine>

<TextLine id="line_14">
<Coords points="54,923 109,923 130,938 163,938 190,930 251,930 277,932 333,932 359,931 480,931 510,931 608,931 634,933 689,933 709,933 828,933 856,944 888,944 914,934 996,934 1019,934 1193,934 1222,935 1311,935 1311,966 1222,966 1193,965 1019,965 996,964 914,964 888,964 856,964 828,964 709,964 689,964 634,964 608,963 510,963 480,968 359,968 333,969 277,969 251,960 190,960 163,959 130,959 109,955 54,955 54,923"/>
<Baseline points="54,955 109,955 130,959 163,959 190,960 251,960 277,969 333,969 359,968 480,968 510,963 608,963 634,964 689,964 709,964 828,964 856,964 888,964 914,964 996,964 1019,965 1193,965 1222,966 1311,966"/>
<TextEquiv><Unicode>wie es mir gut schien, damit der Bohrer es beim Schneiden nicht</Unicode></TextEquiv>
</TextLine>

<TextLine id="line_15">
<Coords points="54,972 139,972 182,982 254,982 276,983 360,983 382,984 462,984 484,984 535,984 556,985 663,985 684,986 867,986 888,986 945,986 963,987 1012,987 1035,987 1169,987 1191,991 1310,991 1310,1026 1191,1026 1169,1018 1035,1018 1012,1016 963,1016 945,1017 888,1017 867,1027 684,1027 663,1016 556,1016 535,1014 484,1014 462,1014 382,1014 360,1013 276,1013 254,1013 182,1013 139,1010 54,1010 54,972"/>
<Baseline points="54,1010 139,1010 182,1013 254,1013 276,1013 360,1013 382,1014 462,1014 484,1014 535,1014 556,1016 663,1016 684,1027 867,1027 888,1017 945,1017 963,1016 1012,1016 1035,1018 1169,1018 1191,1026 1310,1026"/>
<TextEquiv><Unicode>hebe. Und dann habe ich diesen (Schlitten) auf ein Gerüste gesetzt</Unicode></TextEquiv>
</TextLine>

<TextLine id="line_16">
<Coords points="26,1026 128,1026 153,1036 226,1036 253,1035 309,1035 330,1035 372,1035 399,1036 529,1036 556,1038 741,1038 768,1039 898,1039 927,1049 961,1049 989,1039 1064,1039 1086,1050 1149,1050 1178,1040 1225,1040 1252,1040 1308,1040 1308,1072 1252,1072 1225,1071 1178,1071 1149,1070 1086,1070 1064,1078 989,1078 961,1070 927,1070 898,1078 768,1078 741,1077 556,1077 529,1067 399,1067 372,1076 330,1076 309,1065 253,1065 226,1072 153,1072 128,1070 26,1070 26,1026"/>
<Baseline points="26,1070 128,1070 153,1072 226,1072 253,1065 309,1065 330,1076 372,1076 399,1067 529,1067 556,1077 741,1077 768,1078 898,1078 927,1070 961,1070 989,1078 1064,1078 1086,1070 1149,1070 1178,1071 1225,1071 1252,1072 1308,1072"/>
<TextEquiv><Unicode>(Fig. 300, Bd. I), welches wenigstens doppelt so lang war als das</Unicode></TextEquiv>
</TextLine>

<TextLine id="line_17">
<Coords points="54,1078 205,1078 226,1087 291,1087 318,1088 399,1088 428,1099 461,1099 490,1090 577,1090 602,1091 667,1091 694,1091 754,1091 781,1092 933,1092 975,1091 1047,1091 1074,1092 1224,1092 1253,1093 1308,1093 1308,1123 1253,1123 1224,1122 1074,1122 1047,1121 975,1121 933,1129 781,1129 754,1121 694,1121 667,1120 602,1120 577,1119 490,1119 461,1119 428,1119 399,1118 318,1118 291,1117 226,1117 205,1116 54,1116 54,1078"/>
<Baseline points="54,1116 205,1116 226,1117 291,1117 318,1118 399,1118 428,1119 461,1119 490,1119 577,1119 602,1120 667,1120 694,1121 754,1121 781,1129 933,1129 975,1121 1047,1121 1074,1122 1224,1122 1253,1123 1308,1123"/>
<TextEquiv><Unicode>Geschütz und habe es stark und fest gemacht. Und zwischen das</Unicode></TextEquiv>
</TextLine>

<TextLine id="line_18">
<Coords points="53,1129 137,1129 172,1140 292,1140 325,1140 381,1140 407,1140 562,1140 600,1142 686,1142 721,1144 786,1144 821,1144 870,1144 905,1146 1062,1146 1092,1144 1198,1144 1227,1144 1307,1144 1307,1175 1227,1175 1198,1174 1092,1174 1062,1182 905,1182 870,1174 821,1174 786,1173 721,1173 686,1179 600,1179 562,1171 407,1171 381,1170 325,1170 292,1169 172,1169 137,1173 53,1173 53,1129"/>
<Baseline points="53,1173 137,1173 172,1169 292,1169 325,1170 381,1170 407,1171 562,1171 600,1179 686,1179 721,1173 786,1173 821,1174 870,1174 905,1182 1062,1182 1092,1174 1198,1174 1227,1175 1307,1175"/>
<TextEquiv><Unicode>Bett, worauf das Geschütz ruht, und die genannte Ebene habe</Unicode></TextEquiv>
</TextLine>

<TextLine id="line_19">
<Coords points="54,1181 103,1181 124,1189 190,1189 212,1191 451,1191 472,1197 601,1197 624,1195 721,1195 743,1196 798,1196 820,1195 986,1195 1007,1206 1095,1206 1118,1206 1150,1206 1172,1206 1307,1206 1307,1235 1172,1235 1150,1227 1118,1227 1095,1226 1007,1226 986,1232 820,1232 798,1227 743,1227 721,1226 624,1226 601,1232 472,1232 451,1229 212,1229 190,1222 124,1222 103,1217 54,1217 54,1181"/>
<Baseline points="54,1217 103,1217 124,1222 190,1222 212,1229 451,1229 472,1232 601,1232 624,1226 721,1226 743,1227 798,1227 820,1232 986,1232 1007,1226 1095,1226 1118,1227 1150,1227 1172,1235 1307,1235"/>
<TextEquiv><Unicode>ich drei Querwälzchen gesetzt, damit das Geschütz, wenn es gezogen</Unicode></TextEquiv>
</TextLine>

<TextLine id="line_20">
<Coords points="915,1248 1026,1248 1048,1249 1144,1249 1161,1252 1308,1252 1308,1280 1161,1280 1144,1280 1048,1280 1026,1285 915,1285 915,1248"/>
<Baseline points="915,1285 1026,1285 1048,1280 1144,1280 1161,1280 1308,1280"/>
<TextEquiv><Unicode>würde, leicht vorwärts</Unicode></TextEquiv>
</TextLine>

<TextLine id="line_21">
<Coords points="917,1300 998,1300 1040,1300 1111,1300 1137,1312 1190,1312 1212,1312 1244,1312 1270,1312 1307,1312 1307,1332 1270,1332 1244,1332 1212,1332 1190,1331 1137,1331 1111,1331 1040,1331 998,1339 917,1339 917,1300"/>
<Baseline points="917,1339 998,1339 1040,1331 1111,1331 1137,1331 1190,1331 1212,1332 1244,1332 1270,1332 1307,1332"/>
<TextEquiv><Unicode>ging. Und um es zu</Unicode></TextEquiv>
</TextLine>

<TextLine id="line_22">
<Coords points="915,1353 1022,1353 1031,1376 1037,1376 1059,1354 1139,1354 1161,1354 1211,1354 1230,1365 1308,1365 1308,1393 1230,1393 1211,1384 1161,1384 1139,1384 1059,1384 1037,1389 1031,1389 1022,1383 915,1383 915,1353"/>
<Baseline points="915,1383 1022,1383 1031,1389 1037,1389 1059,1384 1139,1384 1161,1384 1211,1384 1230,1393 1308,1393"/>
<TextEquiv><Unicode>ziehen, habe ich quer</Unicode></TextEquiv>
</TextLine>

<TextLine id="line_23">
<Coords points="935,1405 1030,1405 1071,1406 1140,1406 1182,1406 1285,1406 1285,1437 1182,1437 1140,1436 1071,1436 1030,1435 935,1435 935,1405"/>
<Baseline points="935,1435 1030,1435 1071,1436 1140,1436 1182,1437 1285,1437"/>
<TextEquiv><Unicode>davor eine kleine</Unicode></TextEquiv>
</TextLine>

<TextLine id="line_24">
<Coords points="915,1457 1028,1457 1049,1458 1160,1458 1182,1469 1215,1469 1238,1459 1306,1459 1306,1489 1238,1489 1215,1489 1182,1489 1160,1496 1049,1496 1028,1488 915,1488 915,1457"/>
<Baseline points="915,1488 1028,1488 1049,1496 1160,1496 1182,1489 1215,1489 1238,1489 1306,1489"/>
<TextEquiv><Unicode>Winde gelegt, so daſs</Unicode></TextEquiv>
</TextLine>

<TextLine id="line_25">
<Coords points="914,1510 958,1510 973,1511 1044,1511 1055,1510 1175,1510 1190,1511 1306,1511 1306,1550 1190,1550 1175,1540 1055,1540 1044,1540 973,1540 958,1540 914,1540 914,1510"/>
<Baseline points="914,1540 958,1540 973,1540 1044,1540 1055,1540 1175,1540 1190,1550 1306,1550"/>
<TextEquiv><Unicode>sie zwei Stricke gleich-</Unicode></TextEquiv>
</TextLine>

<TextLine id="line_26">
<Coords points="914,1562 1024,1562 1049,1573 1160,1573 1189,1564 1304,1564 1304,1595 1189,1595 1160,1602 1049,1602 1024,1601 914,1601 914,1562"/>
<Baseline points="914,1601 1024,1601 1049,1602 1160,1602 1189,1595 1304,1595"/>
<TextEquiv><Unicode>mäſsig anzog, welche</Unicode></TextEquiv>
</TextLine>

<TextLine id="line_27">
<Coords points="914,1626 954,1626 969,1615 1025,1615 1034,1615 1118,1615 1132,1616 1186,1616 1199,1617 1306,1617 1306,1648 1199,1648 1186,1647 1132,1647 1118,1646 1034,1646 1025,1645 969,1645 954,1645 914,1645 914,1626"/>
<Baseline points="914,1645 954,1645 969,1645 1025,1645 1034,1646 1118,1646 1132,1647 1186,1647 1199,1648 1306,1648"/>
<TextEquiv><Unicode>an der Seite des Bettes</Unicode></TextEquiv>
</TextLine>

<TextLine id="line_28">
<Coords points="940,1668 1127,1668 1170,1670 1277,1670 1277,1700 1170,1700 1127,1699 940,1699 940,1668"/>
<Baseline points="940,1699 1127,1699 1170,1700 1277,1700"/>
<TextEquiv><Unicode>vermittelst zweier</Unicode></TextEquiv>
</TextLine>

<TextLine id="line_29">
<Coords points="913,1724 1003,1724 1044,1722 1181,1722 1223,1717 1303,1717 1303,1754 1223,1754 1181,1753 1044,1753 1003,1759 913,1759 913,1724"/>
<Baseline points="913,1759 1003,1759 1044,1753 1181,1753 1223,1754 1303,1754"/>
<TextEquiv><Unicode>guter eiserner Ösen</Unicode></TextEquiv>
</TextLine>

<TextLine id="line_30">
<Coords points="913,1774 1059,1774 1074,1785 1185,1785 1216,1776 1303,1776 1303,1807 1216,1807 1185,1804 1074,1804 1059,1812 913,1812 913,1774"/>
<Baseline points="913,1812 1059,1812 1074,1804 1185,1804 1216,1807 1303,1807"/>
<TextEquiv><Unicode>befestigt waren. Auch</Unicode></TextEquiv>
</TextLine>

<TextLine id="line_31">
<Coords points="16,1803 128,1803 149,1817 199,1817 223,1818 291,1818 313,1821 428,1821 450,1822 562,1822 589,1822 697,1822 720,1824 925,1824 950,1836 1002,1836 1024,1837 1056,1837 1078,1827 1303,1827 1303,1859 1078,1859 1056,1857 1024,1857 1002,1856 950,1856 925,1862 720,1862 697,1853 589,1853 562,1852 450,1852 428,1851 313,1851 291,1849 223,1849 199,1848 149,1848 128,1848 16,1848 16,1803"/>
<Baseline points="16,1848 128,1848 149,1848 199,1848 223,1849 291,1849 313,1851 428,1851 450,1852 562,1852 589,1853 697,1853 720,1862 925,1862 950,1856 1002,1856 1024,1857 1056,1857 1078,1859 1303,1859"/>
<TextEquiv><Unicode>habe ich eine andere Winde hinten angebracht, um es zurückziehen</Unicode></TextEquiv>
</TextLine>

<TextLine id="line_32">
<Coords points="52,1865 86,1865 106,1865 247,1865 275,1881 363,1881 392,1883 424,1883 452,1874 518,1874 539,1874 650,1874 677,1876 741,1876 769,1887 820,1887 855,1877 904,1877 934,1878 1114,1878 1149,1880 1213,1880 1243,1880 1302,1880 1302,1911 1243,1911 1213,1909 1149,1909 1114,1916 934,1916 904,1906 855,1906 820,1905 769,1905 741,1905 677,1905 650,1904 539,1904 518,1903 452,1903 424,1903 392,1903 363,1901 275,1901 247,1906 106,1906 86,1891 52,1891 52,1865"/>
<Baseline points="52,1891 86,1891 106,1906 247,1906 275,1901 363,1901 392,1903 424,1903 452,1903 518,1903 539,1904 650,1904 677,1905 741,1905 769,1905 820,1905 855,1906 904,1906 934,1916 1114,1916 1149,1909 1213,1909 1243,1911 1302,1911"/>
<TextEquiv><Unicode>zu können, wenn es sich verlief und um die Bohrspäne und den</Unicode></TextEquiv>
</TextLine>

<TextLine id="line_33">
<Coords points="52,1906 165,1906 192,1922 461,1922 508,1926 563,1926 592,1926 643,1926 668,1927 726,1927 752,1927 852,1927 873,1929 1084,1929 1114,1931 1207,1931 1232,1944 1302,1944 1302,1970 1232,1970 1207,1971 1114,1971 1084,1970 873,1970 852,1959 752,1959 726,1958 668,1958 643,1957 592,1957 563,1957 508,1957 461,1956 192,1956 165,1951 52,1951 52,1906"/>
<Baseline points="52,1951 165,1951 192,1956 461,1956 508,1957 563,1957 592,1957 643,1957 668,1958 726,1958 752,1959 852,1959 873,1970 1084,1970 1114,1971 1207,1971 1232,1970 1302,1970"/>
<TextEquiv><Unicode>Bohrer herauszuziehen. Als ich mit dieser Vorrichtung fertig war,</Unicode></TextEquiv>
</TextLine>

<TextLine id="line_34">
<Coords points="53,1958 116,1958 143,1973 194,1973 224,1975 322,1975 350,1977 416,1977 438,1978 512,1978 534,1979 598,1979 619,1980 714,1980 745,1981 800,1981 821,1981 889,1981 919,1983 1048,1983 1078,1987 1174,1987 1201,1990 1301,1990 1301,2016 1201,2016 1174,2014 1078,2014 1048,2019 919,2019 889,2011 821,2011 800,2010 745,2010 714,2010 619,2010 598,2009 534,2009 512,2008 438,2008 416,2007 350,2007 322,2005 224,2005 194,2004 143,2004 116,2000 53,2000 53,1958"/>
<Baseline points="53,2000 116,2000 143,2004 194,2004 224,2005 322,2005 350,2007 416,2007 438,2008 512,2008 534,2009 598,2009 619,2010 714,2010 745,2010 800,2010 821,2011 889,2011 919,2019 1048,2019 1078,2014 1174,2014 1201,2016 1301,2016"/>
<TextEquiv><Unicode>lieſs ich durch drei oder vier Mann das Rad drehen, setzte zuerst</Unicode></TextEquiv>
</TextLine>

<TextLine id="line_35">
<Coords points="53,2011 107,2011 127,2026 269,2026 291,2029 399,2029 419,2031 451,2031 473,2031 534,2031 551,2031 638,2031 656,2033 736,2033 758,2033 822,2033 844,2037 941,2037 964,2039 1020,2039 1041,2036 1091,2036 1110,2037 1173,2037 1192,2038 1301,2038 1301,2077 1192,2077 1173,2067 1110,2067 1091,2066 1041,2066 1020,2074 964,2074 941,2065 844,2065 822,2063 758,2063 736,2063 656,2063 638,2070 551,2070 534,2061 473,2061 451,2061 419,2061 399,2060 291,2060 269,2059 127,2059 107,2051 53,2051 53,2011"/>
<Baseline points="53,2051 107,2051 127,2059 269,2059 291,2060 399,2060 419,2061 451,2061 473,2061 534,2061 551,2070 638,2070 656,2063 736,2063 758,2063 822,2063 844,2065 941,2065 964,2074 1020,2074 1041,2066 1091,2066 1110,2067 1173,2067 1192,2077 1301,2077"/>
<TextEquiv><Unicode>den eisernen Schaft in den Kopf oben und unten gut ein und schlug</Unicode></TextEquiv>
</TextLine>

<TextLine id="line_36">
<Coords points="53,2064 143,2064 165,2080 216,2080 238,2080 335,2080 363,2082 494,2082 516,2094 593,2094 614,2084 801,2084 827,2086 917,2086 936,2087 1006,2087 1028,2088 1092,2088 1115,2089 1197,2089 1220,2090 1300,2090 1300,2121 1220,2121 1197,2120 1115,2120 1092,2119 1028,2119 1006,2118 936,2118 917,2117 827,2117 801,2124 614,2124 593,2122 516,2122 494,2113 363,2113 335,2117 238,2117 216,2109 165,2109 143,2107 53,2107 53,2064"/>
<Baseline points="53,2107 143,2107 165,2109 216,2109 238,2117 335,2117 363,2113 494,2113 516,2122 593,2122 614,2124 801,2124 827,2117 917,2117 936,2118 1006,2118 1028,2119 1092,2119 1115,2120 1197,2120 1220,2121 1300,2121"/>
<TextEquiv><Unicode>durch ein Loch, welches quer durchging, einen Keil und dann habe</Unicode></TextEquiv>
</TextLine>

<TextLine id="line_37">
<Coords points="52,2121 105,2121 116,2131 173,2131 197,2132 252,2132 275,2134 387,2134 408,2135 459,2135 481,2135 535,2135 559,2136 719,2136 745,2137 799,2137 820,2137 1008,2137 1030,2151 1207,2151 1235,2144 1300,2144 1300,2173 1235,2173 1207,2180 1030,2180 1008,2171 820,2171 799,2167 745,2167 719,2176 559,2176 535,2166 481,2166 459,2166 408,2166 387,2164 275,2164 252,2163 197,2163 173,2161 116,2161 105,2174 52,2174 52,2121"/>
<Baseline points="52,2174 105,2174 116,2161 173,2161 197,2163 252,2163 275,2164 387,2164 408,2166 459,2166 481,2166 535,2166 559,2176 719,2176 745,2167 799,2167 820,2171 1008,2171 1030,2180 1207,2180 1235,2173 1300,2173"/>
<TextEquiv><Unicode>ich mit der Winde bei der Mündung des Geschützes angezogen und</Unicode></TextEquiv>
</TextLine>

<TextLine id="line_38">
<Coords points="53,2167 107,2167 128,2182 250,2182 278,2186 419,2186 447,2198 487,2198 510,2187 565,2187 586,2189 697,2189 719,2190 868,2190 894,2192 941,2192 963,2203 1031,2203 1050,2193 1177,2193 1199,2195 1299,2195 1299,2233 1199,2233 1177,2225 1050,2225 1031,2223 963,2223 941,2222 894,2222 868,2227 719,2227 697,2220 586,2220 565,2218 510,2218 487,2218 447,2218 419,2224 278,2224 250,2221 128,2221 107,2211 53,2211 53,2167"/>
<Baseline points="53,2211 107,2211 128,2221 250,2221 278,2224 419,2224 447,2218 487,2218 510,2218 565,2218 586,2220 697,2220 719,2227 868,2227 894,2222 941,2222 963,2223 1031,2223 1050,2225 1177,2225 1199,2233 1299,2233"/>
<TextEquiv><Unicode>den Schaft, langsam an der Winde drehend, bis zum Grunde gehen</Unicode></TextEquiv>
</TextLine>

<TextLine id="line_39">
<Coords points="37,2216 146,2216 163,2237 227,2237 248,2248 281,2248 302,2237 382,2237 403,2239 454,2239 475,2239 507,2239 529,2240 601,2240 623,2242 698,2242 719,2242 784,2242 802,2243 1093,2243 1120,2247 1224,2247 1247,2247 1297,2247 1297,2277 1247,2277 1224,2277 1120,2277 1093,2285 802,2285 784,2273 719,2273 698,2272 623,2272 601,2272 529,2272 507,2270 475,2270 454,2270 403,2270 382,2269 302,2269 281,2269 248,2269 227,2267 163,2267 146,2285 37,2285 37,2216"/>
<Baseline points="37,2285 146,2285 163,2267 227,2267 248,2269 281,2269 302,2269 382,2269 403,2270 454,2270 475,2270 507,2270 529,2272 601,2272 623,2272 698,2272 719,2273 784,2273 802,2285 1093,2285 1120,2277 1224,2277 1247,2277 1297,2277"/>
<TextEquiv><Unicode>lassen und so habe ich in zwei oder drei Wiederholungen, indem ich</Unicode></TextEquiv>
</TextLine>

</TextRegion>
<TextRegion id="block_1" custom="structure {type:pageNum;}">
<Coords points="1255,140 1255,172 1312,172 1312,140 1255,140"/>
<TextLine id="line_40">
<Coords points="1255,140 1312,140 1312,172 1255,172 1255,140"/>
<Baseline points="1255,172 1312,172"/>
<TextEquiv><Unicode>331</Unicode></TextEquiv>
</TextLine>

</TextRegion>
<TextRegion id="block_2" custom="structure {type:header;}">
<Coords points="354,133 354,169 1018,169 1018,133 354,133"/>
<TextLine id="line_41">
<Coords points="354,133 423,133 433,134 640,134 662,135 709,135 729,139 783,139 796,136 1018,136 1018,169 796,169 783,168 729,168 709,167 662,167 640,166 433,166 423,165 354,165 354,133"/>
<Baseline points="354,165 423,165 433,166 640,166 662,167 709,167 729,168 783,168 796,169 1018,169"/>
<TextEquiv><Unicode>Die Feuerwaffen im 16. Jahrhundert.</Unicode></TextEquiv>
</TextLine>

</TextRegion>
<TextRegion id="block_3" custom="structure {type:figure;}">
<Coords points="425,1261 425,1290 539,1290 539,1261 425,1261"/>
<TextLine id="line_42">
<Coords points="425,1261 482,1261 501,1263 539,1263 539,1284 501,1284 482,1290 425,1290 425,1261"/>
<Baseline points="425,1290 482,1290 501,1284 539,1284"/>
<TextEquiv><Unicode>Fig. 91.</Unicode></TextEquiv>
</TextLine>

</TextRegion>
<TextRegion id="block_4" custom="structure {type:graphic;}">
<Coords points="38,1305 38,1795 908,1795 908,1305"/>
</TextRegion>
</Page>
</PcGts>