1600 2474
227 161 1528 220 welche neben der gröſseren Dauerhaftigkeit und der Unverbrennlich-
227 219 1488 272 keit noch viele andere Vorteile haben; besonders wenn man, was er
228 268 1488 325 für sehr wichtig hält, die Formen scharf trocknet. Er beschreibt die
228 321 1488 377 Einrichtung der eisernen Formkasten genau, ihre Führung in Zapfen
228 368 1488 435 und Löcher und ihre Verbindung mit Klammern und Schrauben .
228 423 1478 481 Er erwähnt, daſs manche ihre groſsen Kasten, um Geld und Gewicht
228 480 1488 536 zu sparen, aus Rahmen von Holz herstellten und nur die Traversen
229 538 1490 586 aus Eisen machten. Diese Formkasten dienten für Sand- und Massen-
229 579 1490 640 formerei, sowie für Lehmguſs. Letzterer war zu Reaumurs Zeit
229 638 1490 694 für Poterieguſs in Frankreich noch ausschlieſslich im Gebrauch. Aber
229 693 1490 748 Reaumur war durchaus vertraut mit der Herstellung der Formen in
238 1459 1497 1550 feuchtem Sand . Er erwähnt, daſs manche Hütten dieselben Gegenstände
238 1521 1534 1587 in Lehm oder in Sand formten, je nachdem ihnen das eine oder andere
238 1575 1550 1638 Material mehr zur Verfügung stände. In Paris beziehe man den Form-
240 1622 1496 1689 sand von Fontenoy-aux-Roses, und es stelle sich die einspännige Fuhre
239 1675 1497 1739 auf 40 bis 60 Sous. Habe man keinen guten Formsand, so könne man
239 1721 1556 1794 sich denselben künstlich bereiten. Am besten poche man den Sand naſs,
240 1779 1497 1859 und setze ihm, wenn er zu mager sei, geschlämmten Thon zu . Man
239 1848 1557 1900 prüfe die Bindekraft des Formsandes, indem man einen gegebenen,
241 1890 1472 1978 damit ausgeschlagenen Kasten mit Gewichten belaste. Der Guſs
241 1956 1423 2006 werde weicher, wenn man die Form aus trockenem Kalk, Kreide oder
231 119 290 147 174
643 116 1103 148 Eisen- und Stahlfrischen.
813 791 927 819 Fig. 29.
365 2048 1266 2082 Reaumur, Nouvelle art d’adoucir le fer fondu. Mem. V.
364 2087 1497 2136 Da Reaumurs Kenntnis hiervon schwerlich aus England stammte, so
240 2124 1461 2158 bleibt es zweifelhaft, ob nicht das Formen in nassem Sande schon vor Darbys
240 2154 1469 2197 Patent von 1708 auf dem Kontinent, wenn auch in beschränktem Maſse, in
242 2203 503 2231 Anwendung war.
368 2239 885 2271 Siehe a. a. O., Mém. VII, p. 242.
