1600 2474
121 182 1377 229 auſsen entstanden sind, mit zartem, feinem Lehm ausgestrichen sind,
126 239 1375 283 und so erhaltet Ihr die Hauptform, welche die Auſsenseite des fertigen
127 288 1377 336 Geschützes giebt; jedoch ist sie noch nicht in allen Teilen voll-
127 338 1377 386 ständig, denn es fehlt noch das einzusetzende Halseisen (die Führung),
126 396 1377 431 welches in der Mittellinie die Seele unterstützt und noch andere
127 445 1378 487 Teile, sowie es auch nochmals zu erwärmen und mit Wachs zu be-
127 500 889 544 streichen ist, wie Ihr später hören werdet.
204 553 1378 592 Aber ich will nicht unterlassen, Euch über alle Arten von Mo-
126 600 1377 646 dellen zu unterrichten, also auch über diejenigen, welche nicht von
111 650 1378 695 Holz sind, weil man keine so starke Tanne hat oder kein so langes
126 702 1378 749 Holz, als nötig wäre. Wenn man das Modell dann doch rund machen
126 756 1378 800 will mit geringeren Kosten und als ein richtiges Meisterstück, so
126 810 1378 852 macht man es von Lehm (di terra). Zuerst, wenn Ihr kein Tannenholz
125 861 1376 903 von der richtigen Dicke und Länge habt, so könnt Ihr so viele Stücke
125 912 1379 954 zusammenfügen, daſs durch Verbindung mit Bolzen, Leim und eisernen
126 958 1379 1004 Ringen das Ganze so stark wird, als ob es aus einem Stücke be-
128 1638 1382 1683 stünde. Oder, und das geht leichter, wenn man nur Holz von der
128 1688 1383 1737 richtigen Länge hat, so lagert man auf zwei Böcken c c (Fig. 75),
129 1743 1381 1788 wie Ihr es bei der andern Form gemacht habt, eine möglichst dicke
129 1791 1383 1842 Spindel d d, im Rauhen spindelförmig bearbeitet, und diese umwickelt
130 1852 1382 1893 man mit einem Seil E, überall dicht aneinanderliegend bis an das
132 1894 1384 1947 Ende, und trägt dann eine Schicht Thon darauf, oder zwei und drei,
132 1947 1383 2005 bis man schlieſslich gerade zu der gewünschten Dicke gelangt. Man
131 2002 1384 2052 gleicht dann gut ab mit der Kante eines Brettes (tavola, hier
131 2052 1383 2107 Schablone), wobei man auch, wo es nötig ist, die Verstärkungen
131 2107 1383 2157 macht oder die Fasungen und Gewinde, die man leicht anbringen
131 2156 1383 2214 kann, indem man mit dem Zirkel die Zwischenräume einteilt und
132 2218 1381 2259 von dem Runden den Lehm wegnimmt, wo es nötig ist, indem man
1314 125 1376 152 273
404 123 1092 165 Die Eisengieſserei im 16. Jahrhundert.
178 2271 1171 2300 Beck, Geschichte des Eisens. 18
