1600 2431
295 129 1496 168 ist ein altes deutsches oder römisches Schwert aus dem Museum zu
296 187 1496 225 Wiesbaden, welches dies deutlich illustriert, ebenso Fig. 240 eine Klinge
842 237 1211 268 im Museum zu Mainz.
918 289 1497 326 Longobarden und Vandalen wer-
838 338 1497 376 den als treffliche Waffenschmiede ge-
838 388 1496 426 priesen , wohl deshalb, weil sie die
840 439 1494 469 Sitze der alten Kunst in Norditalien
839 488 1497 526 und Spanien in Besitz genommen und
840 537 1498 575 die dortige Industrie weitergepflegt
839 586 1497 625 hatten. Ebenso werden in späterer
841 635 1496 674 Zeit die Bayern als vorzügliche Waffen-
842 685 1497 723 schmiede gerühmt, indem auf diese
841 733 1498 765 teilweise der Ruhm der alten Noriker
842 782 996 820 überging.
376 860 1130 900 So singt das Annolied (im 11. Jahrhundert):
639 952 1164 976 Dü sich Beireland wider in vermaz.
641 990 1171 1021 Die merin Reginsburch her se besaz
641 1029 879 1053 Da vant er inne
639 1068 925 1096 Helm unti brunigen
639 1104 930 1135 Manigin helit güdin
639 1144 958 1173 Die dere burg huhdin
639 1180 1026 1206 Wiliche Knechti die werin
639 1219 1119 1244 Deist in heidnischin büchin meri
639 1259 1028 1282 Da lisit man Noricus ensis
638 1328 1072 1350 Daz diutit ein svert Beierisch
639 1364 987 1389 Wanti si woldin wizzen
641 1403 1019 1432 Daz nigeini baz ni bizzen
640 1441 1217 1473 Die man dikke durch den Helm slug .
374 1517 1498 1557 Als die Städte eine gröſsere Bedeutung erlangten, zogen sich auch
296 1569 1499 1609 die Gewerbe dahin und so war es im Bayernland Regensburg zuerst,
295 1620 1498 1650 welches durch seine Waffenschmiede berühmt wurde. Wie es schon
296 1670 1498 1709 das Annolied in der oben angeführten Stelle nennt, so heiſst es im
295 1720 1499 1759 Rolandsliede, daſs Ganelon der Held „das beste Sahs“ führte, das Werk
296 1770 1050 1809 Madelgers, eines Schmiedes von Regensburg.
375 1820 1497 1858 Gute Schwerter standen natürlich auch in hohem Preise, denn
296 1870 1498 1910 welche Zahl glücklicher Umstände war erforderlich, um gute Schwert-
296 1921 1500 1959 klingen zu fabrizieren. Guter Stahl war keine Marktware wie heute,
296 1971 1499 2011 der erfahrene Schmied muſste ihn ausfindig machen aus vielen Luppen,
297 76 354 106 718
769 74 1019 105 Die Germanen.
383 248 509 278 Fig. 239.
648 248 772 279 Fig. 240.
396 2098 1214 2125 Paul Diaconus I, 27.Annolied XX, v. 293 bis 305.
