1600 2474
194 204 1370 241 Die andere Art macht man ähnlich, wie die eben beschriebene.
114 254 1368 294 Auch sie besteht aus einem Wasserrad, am Ende von dessen Welle
114 304 1369 349 sich ein ähnlicher Krummzapfen befinde. Über den Blasebälgen sei
114 359 1369 401 ein Querhebel in Zapfen ruhend, welcher an einem Ende ein Gegen-
114 414 1368 455 gewicht hat, am andern den Griff, auf der Seite des Krummzapfens,
113 465 1368 504 welche, indem er sich dreht, den Hebel hinunterzieht und hinauf-
114 516 1369 558 schiebt und dieser, an geeigneter Stelle mit den Bälgen verbunden,
112 567 1369 611 wird den einen davon niederdrücken, während das Gegengewicht
113 620 1368 659 gehoben wird, und der andere hebt sich, wenn dieses wieder herunter-
114 670 1368 712 sinkt. Biringuccio giebt hierzu die nebenstehenden Abbildungen
114 718 1368 764 (s. Fig. 42), die übrigens, wie viele seiner Zeichnungen, recht mangel-
943 776 1368 812 haft sind, namentlich
942 827 1368 865 ist die Anordnung des
942 878 1368 917 Krummzapfens durch-
944 930 1127 960 aus falsch.
1004 982 1368 1013 Viel verständlicher
942 1034 1368 1073 ist die Abbildung des
943 1087 1368 1125 Agricola, Fig. 43 a. f. S.
944 1138 1367 1169 Hier werden die Böden
943 1190 1368 1228 der Bälge durch Well-
941 1242 1368 1281 füſse niedergedrückt und
943 1295 1368 1334 sodann durch Gegen-
116 1345 1370 1386 gewichte aufgezogen. Jeder Balg hat hier seinen eigenen Balancier
114 1396 1368 1438 und Kontragewicht, wie dies in Deutschland wenigstens am gebräuch-
114 1442 1368 1490 lichsten war. Das Gegengewicht pflegte entweder ein dicker Stein zu
114 1499 1368 1542 sein, welcher an dem der Zugstange entgegengesetzten, breiten Ende
115 1548 1368 1595 des Querhebels oder Balanciers festgebunden war, oder besser war es
115 1601 1368 1648 ein viereckiger eiserner Kasten, der, in ähnlicher Weise auf dem
115 1651 1369 1701 Hebel befestigt, mit Steinen oder Eisenstücken gefüllt und beschwert
115 1712 1369 1754 wurde. Bei dieser Anordnung war es leicht, das Gegengewicht zu
114 1766 1369 1811 vermehren oder zu vermindern, je nachdem der Balg rascher oder
115 1807 530 1858 langsamer gehen sollte.
194 1870 1367 1911 Biringuccio wendet sich nun in seiner Beschreibung zu den
115 1912 1369 1963 durch Menschenkraft bewegten Bälgen, wie sie besonders bei Schmiede-
115 1964 1368 2016 feuern gebräuchlich waren, indem er folgendermaſsen fortfährt: Man
115 2023 1369 2060 macht auch für Menschenkraft durch verschiedene Hebel noch man-
117 2068 1368 2121 cherlei Bewegungsvorrichtungen für Blasebälge. Die gewöhnlichste
115 2125 1368 2174 und gebräuchlichste ist die mit einem aufrechten, in Zapfen gelagerten
117 2168 1369 2226 Kreuz mit einer Querstange, welche an dem oberen Arme befestigt
115 2227 1367 2277 ist und an dem Querarm vorbeigehend, herabläuft bis zu einer Höhe
1312 144 1366 171 137
546 140 930 180 Von den Blasebälgen.
469 795 582 824 Fig. 42.
