1600 2395
472 183 1273 221 Der Puddelprozeſs oder das Flammofenfrischen.
284 240 1465 280 Österreich führte sie die Innerberger Gewerkschaft auf ihrem Eisen-
285 296 663 324 werk zu Donawitz ein.
360 349 1464 386 Die alten Puddelwerke lieſsen sich leicht in Pernotofen-Anlagen
286 398 1466 429 umbauen. 20 Puddelöfen sollten durch 5 Pernotöfen ersetzt werden.
288 447 1465 483 Diese kosteten 102000 Mark und erzeugten soviel Eisen wie 10 Danks-
286 496 1040 534 öfen, die 231000 bis 277000 Mark kosteten.
361 552 1465 591 Mit gutem Erfolg wurden die Pernotöfen auch zur Fluſsstahl-
285 600 1467 636 fabrikation verwendet, worauf wir später noch zurückkommen werden.
363 655 1466 692 Ehrenwerth hatte zuerst die Ansicht ausgesprochen, man könne
286 703 1467 741 in dem Pernotofen in Verbindung mit Siemens’ Regenerativfeuerung
286 752 1467 790 den Prozeſs so führen, daſs man geschmolzenes Eisen (Fluſseisen)
289 802 926 832 bei kontinuierlichem Betriebe erhalte.
364 860 1466 897 Das anfängliche Lob der Pernotöfen war aber mindestens insofern
286 909 1467 945 übertrieben, als die Arbeitserleichterung dabei nur eine sehr geringe
287 957 1466 992 war. In Steiermark blieb auch die Qualität hinter der der alten
288 1007 1468 1044 Puddelöfen zurück. In den achtziger Jahren wendete man, wie es
287 1056 1259 1091 scheint, die Pernotöfen nur noch selten zum Puddeln an.
364 1113 1468 1150 Andere Konstruktionen von Telleröfen hatten keinen gröſseren
288 1162 1468 1201 Erfolg. Als solche sind zu nennen Riley und Henleys horizontal
286 1212 1469 1252 drehender Tellerofen  (1873), dessen Rührhaken wie ein Pflug ge-
286 1262 1469 1299 bildet war, der auf dem Boden hinstrich, und Hendersons horizon-
286 1311 1468 1350 taler Drehofen mit direkter Gasfeuerung (1884). Der Herd machte
287 1362 954 1400 drei bis vier Drehungen in der Minute.
364 1419 1468 1458 Ein Zwischending zwischen den Telleröfen und den rotierenden
287 1465 1468 1501 Öfen waren die Schaukelöfen. Solche hatte Ed. Daelen schon
290 1517 1470 1558 1874 vorgeschlagen; ausgeführt wurden sie 1875 von Menessier ,
287 1566 1469 1608 Direktor der Forge de l’Onzion bei St. Chammond in Frankreich.
288 1617 1469 1657 Der Herd war cylindrisch, von einem feststehenden Gewölbe überbaut.
289 1665 1469 1707 Durch zwei Bleuelstangen wurde der Herd in oszillierende Schwin-
289 1715 1470 1755 gungen bis zu 90 Grad versetzt. Gruner sprach sich günstig über
290 1762 555 1801 das System aus.
367 1815 1471 1857 Nessel erfand in Österreich einen Centrifugal-Puddelofen mit
291 1865 1469 1908 Wasserkühlung . Einen schwingenden Puddelofen mit aufgehängtem
293 1913 874 1957 Herd konstruierte Gidlow 1880 .
285 188 341 215 600
405 2029 1470 2063 The Engineering and Mining Journal XVI, Nr. 22. New York 1873. —
292 2063 848 2093 Berg- u. Hüttenmänn. Ztg. 1875, S. 32.
406 2097 1066 2131 Siehe Berg- u. Hüttenmänn. Ztg. 1876, S. 442.
404 2131 1353 2170 Siehe Österreich. Zeitschr. für Berg- und Hüttenwesen 1875, S. 40.
406 2164 1205 2197 Siehe Dinglers Polyt. Journ. 1881, I, S. 135; IV, S. 129.
