1600 2474
215 162 1469 203 befestigt sind, Fig. 40. Das obere Brett der Blasebälge, der Deckel,
215 214 1469 256 sei fest, während das untere, der Boden (gerade umgekehrt wie bei
214 268 1469 309 Agricola), durch nichts gehalten, herabfalle und den Blasebalg öffne.
216 320 1470 356 Dieser dehne sich aus, bis er über die Daumen des Wasserrades an-
214 372 1469 412 komme, worauf die von der Wasserkraft bewegten Daumen das Ende
214 424 1469 465 des Brettes unten am Blasebalge heben und gegen den oberen Teil
1046 478 1466 515 drücken, und wenn sie —
1043 529 1468 559 die Daumen — vorüber-
1044 581 1468 619 gegangen sind, fällt der
1042 632 1472 671 Balg wieder zurück; auf
1042 684 1468 713 diese Weise wird das
1043 735 1467 764 Ende des Brettes unten
1044 786 1468 824 am Balge immer wieder
1043 837 1467 867 von dem Ende des Dau-
1043 888 1466 926 mens mitgenommen, wie
1042 940 1467 978 Ihr aus der Zeichnung
1042 992 1153 1022 erseht.
296 1041 1467 1080 Auch richtet man die Blasebälge für Wasserkraft noch auf mehrere
215 1092 1467 1130 andere Arten ein, wovon ich zwei beschreiben will, damit Ihr Euch vor-
213 1143 1465 1178 kommenden Falles mit diesen oder mit Teilen derselben ausrüsten
213 1194 1467 1235 könnt. Man mache zuerst ein Kübelrad, wie das vorhin erwähnte und
1043 1253 1466 1291 am Ende seines Zapfens,
1041 1305 1466 1344 auf dem es ruht, bringe
1040 1358 1465 1396 man eine gekröpfte Achse
1040 1410 1466 1446 an, wie bei einem Schleif-
1040 1461 1465 1497 stein, welcher Krumm-
1040 1513 1465 1552 zapfen, indem er sich
1039 1566 1465 1606 hebt, eine Stange nie-
1040 1618 1464 1650 derdrückt und indem er
1039 1661 1464 1710 herabgeht, dieselbe in
1039 1725 1462 1766 die Höhe zieht (d. h. den
1040 1777 1463 1816 gegenüber liegenden Teil
211 1821 1463 1869 eines zweiarmigen Hebels). Diese Stange ist über den Blasebälgen
211 1872 1463 1917 quer gelagert und hat zwei Arme, wie ein Kreuz, an welchen die
209 1923 1463 1968 Deckel der Blasebälge angehängt sind, von denen das Rad bei seiner
209 1976 1462 2026 Umdrehung immer einen in die Höhe zieht (siehe Fig. 41, die un-
208 2028 926 2074 richtige Zeichnung des Biringuccio).
219 102 276 131 136
649 99 1034 137 Von den Blasebälgen.
573 493 685 523 Fig. 40.
571 1267 685 1297 Fig. 41.
314 2157 1460 2193 In den historischen Notizen von Th. Beck, „Zivilingenieur“, 1888, Taf. XVII,
208 2196 1252 2232 sind diese Balgsysteme nach der Beschreibung verbessert abgebildet.
