1600 2392
186 175 970 220 Anh. IV. Operationen bei Niṅ-po.
184 258 1373 315 der Spitzbuben liess Capitän Dew aufheben und den Consuln in
184 306 1372 368 Shang-hae ausliefern. Dem Schleichhandel mit Waffen setzte der-
182 354 1371 416 selbe in Niṅ-po energisch ein Ziel und organisirte ein anglo-chine-
182 402 1371 463 sisches Corps von 1000 Mann nach dem Muster des Ward’schen,
180 451 1369 509 welches durch Unterofficiere von den Kriegsschiffen eingeübt wurde.
179 498 1368 554 Ein franco-chinesisches erhielt seine Instructeure aus Shang-hae.
178 547 1368 601 Auch für Artillerie wurde gesorgt; in Kurzem befand sich Niṅ-po
177 594 1369 658 im besten Zustande der Abwehr. Die Kanonenboote fuhren häufig
177 641 1368 701 die beiden Flussarme hinauf und hatten Gefechte mit den Tae-piṅ,
176 689 1367 753 die von Yu-yao aus einen Angriff zu rüsten schienen. Sie begin-
173 739 1366 803 gen furchtbare Gräuel gegen das Landvolk, schleppten junge
173 786 1365 841 Burschen und Mädchen fort und pflegten älteren Personen, die sich
170 835 1364 895 nicht auslösen konnten, die Ohren abzuschneiden. — Capitän Dew
170 883 1365 945 erhielt die Weisung, die Umgegend von Niṅ-po im Dreissigmeilen-
168 931 740 968 radius von Rebellen zu säubern.
292 981 1362 1033 Der Krieg dauerte den ganzen Herbst und Winter hindurch.
167 1026 1360 1083 Noch im August nahm Capitän Dew Yu-yao und jagte den Feind
168 1074 1359 1127 landeinwärts. Im September rückten die Tae-piṅ in zwei starken
166 1122 1360 1176 Colonnen gegen Niṅ-po, nahmen zunächst die Stadt Tse-ki, und
166 1171 1360 1221 überschwemmten plündernd die Ebene; es war besonders auf die
163 1217 1358 1272 Reis-Ernte gemünzt. Am 18. September kam Ward nach Niṅ-po,
162 1267 1355 1319 rückte am 20. unterstützt von Capitän Dew gegen Tse-ki aus und
162 1315 1317 1371 nahm die Stadt am folgenden Tage, fiel aber, tödtlich getroffen.
161 1364 1354 1414 — Die zweite Tae-piṅ-Colonne hatte die Stadt Fuṅ-wa südlich
159 1413 1354 1468 von Niṅ-po genommen und wurde nach hartnäckigem Kampfe erst
159 1461 770 1499 am 10. October von da vertrieben.
281 1509 1352 1560 Es wurde nothwendig, die von europäischen Officieren com-
156 1558 1351 1608 mandirten Chinesen-Corps zu verstärken; die Ortsbehörden steuerten
156 1604 1351 1658 die Geldmittel. Die überall in Masse erbeutete Munition erleichterte
156 1654 1349 1709 die wirksame Fortsetzung des Krieges. Der französische Flotten-
154 1701 1349 1756 Lieutenant Le Brethon de Coligny übernahm das Commando des
152 1750 1348 1803 franco-chinesischen Corps. Capitän Dew und die in Niṅ-po com-
1307 199 1373 233 409
151 1831 1345 1877 brauch der Soldaten auf die Stadtmauern geschleppt. Die Canäle waren mit Leichen
152 1869 1345 1914 und stinkendem Unrath gefüllt. … Ich hatte das Glück, nachher noch manche
148 1906 1344 1953 andere Stadt den Tae-piṅ entwinden zu helfen, und in allen fand sich, dass die-
148 1943 954 1978 selben teuflischen Hände gehaust hatten wie in Niṅ-po.«
255 1982 1342 2031 Ward verfügte in Niṅ-po bei klarem Bewusstsein über sein im Kriege er-
146 2019 1340 2061 worbenes Vermögen, 15,000 Pfd. St.; er glaubte 60,000 zu besitzen. In Shang-hae
146 2056 1340 2100 wurden bei Ankunft seiner Leiche alle Läden geschlossen; die Bewohner erwiesen
145 2091 1003 2131 ihr durch Beisetzung im Confucius-Tempel die höchste Ehre.
