1600 2424
177 2309 1262 2355 Otto Fürſt von Bismarck, Gedanken und Erinnerungen. I. 22
210 98 1310 139 Geringſchätzung Preußens in Wien. Oeſtreichs Selbſtüberſchätzung.
104 194 1432 245 in den fortſchrittlichen Blättern bis zu den offnen Kundgebungen
106 258 1432 310 großer communaler Körperſchaften und dem Ausfall der Wahlen,
107 320 1434 376 bezeugen. Aber in unſre Regimenter und deren Feuergefecht auf
106 386 1433 440 den Schlachtfeldern reichten dieſe Strömungen nicht hinein, und
108 451 1435 506 auf den Schlachtfeldern lag ſchließlich die Entſcheidung. Auch die
108 516 1435 568 ſymptomatiſche Thatſache, daß in Berlin durch Vermittlung des
108 580 1436 633 frühern auswärtigen und damaligen Hausminiſters von Schleinitz
109 645 1437 695 noch während der erſten Gefechte in Böhmen diplomatiſche Zette¬
110 707 1439 758 lungen mit höfiſcher Beziehung ſtattfanden, blieb auf die militäriſche
110 773 986 821 Seite der Kriegführung ohne jeden Einfluß.
212 835 1440 884 Wenn das öſtreichiſche Cabinet die vertrauliche Eröffnung,
111 898 1438 949 die ich dem Grafen Karolyi 1862 gemacht hatte, ohne irrthüm¬
112 960 1440 1012 liche Schätzung der Realitäten richtig gewürdigt und ſeine Politik
112 1022 1439 1075 dahin modificirt hätte, die Verſtändigung mit Preußen anſtatt deſſen
112 1086 1439 1140 Vergewaltigung durch Majoritäten und andre Einflüſſe zu ſuchen,
112 1149 1440 1204 ſo hätten wir wahrſcheinlich eine Periode dualiſtiſcher Politik in
112 1214 1439 1266 Deutſchland erlebt oder doch verſucht. Es iſt freilich zweifelhaft,
113 1282 1440 1331 ob eine ſolche ohne die klärende Wirkung der Erfahrungen von
115 1339 1444 1394 1866 und 1870 ſich in einem für das deutſche Nationalgefühl an¬
112 1408 1441 1457 nehmbaren Sinne friedlich, unter dauernder Verhütung des innern
112 1468 1442 1522 Zwieſpalts, hätte entwickeln können. Der Glaube an die militäriſche
112 1531 1440 1585 Ueberlegenheit Oeſtreichs war in Wien und an den mittelſtaat¬
114 1594 1442 1649 lichen Höfen zu ſtark für einen modus vivendi auf dem Fuße der
114 1658 1441 1712 Gleichheit mit Preußen. Der Beweis für Wien lag in den Pro¬
114 1720 1442 1773 clamationen, die in den Torniſtern der öſtreichiſchen Soldaten
114 1784 1442 1837 neben den neuen, zum Einzuge in Berlin beſtimmten Uniformen
115 1847 1443 1905 gefunden wurden und deren Inhalt die Sicherheit verrieth, mit der
115 1913 1443 1969 man auf ſiegreiche Occupation der preußiſchen Provinzen gerechnet
115 1978 1443 2034 hatte. Auch die Ablehnung der letzten durch den Bruder des
1355 97 1426 132 337
290 2115 1443 2162 In den Berliner Bilderläden hing eine Lithographie aus, in der das
116 2164 1443 2210 Attentat ſo dargeſtellt war, daß der Teufel die für mich beſtimmten Kugeln
117 2210 1443 2259 auffing mit den Worten: Der gehört mir! (Vgl. Politiſche Reden X 123, Rede
117 2270 445 2303 vom 9. Mai 1884).
