1600 2416
227 209 1429 287 Nach der Schlacht von Königgrätz war die Situation der¬
130 273 1431 352 artig, daß ein Eingehn auf die erſte Annäherung Oeſtreichs zu
131 334 1432 416 Friedensunterhandlungen nicht nur möglich, ſondern durch die Ein¬
131 396 1434 475 miſchung Frankreichs geboten erſchien. Letztre datirte von dem in
133 463 1435 534 der Nacht vom 4. zum 5. Juli in Hořricz eingetroffenen, an
134 521 1437 593 Seine Majeſtät gerichteten Telegramm, in welchem Louis Napoleon
136 582 1439 656 dem Könige mittheilte, daß der Kaiſer Franz Joſeph ihm Venetien
137 642 1440 723 abgetreten und ſeine Vermittlung angerufen habe. Der glänzende
139 703 1441 786 Erfolg der Waffen des Königs nöthige Napoleon aus ſeiner bis¬
139 767 1442 851 herigen Zurückhaltung herauszutreten. Die Einmiſchung war her¬
141 828 1444 912 vorgerufen durch unſern Sieg, nachdem Napoleon bis dahin auf
142 895 1446 972 unſre Niederlage und Hülfsbedürftigkeit gerechnet hatte. Wenn
143 955 1447 1034 unſrerſeits der Sieg von Königgrätz durch Eingreifen des Generals
145 1017 1448 1096 v. Etzel und durch energiſche Verfolgung des geſchlagnen Feindes
145 1081 1450 1158 vermittelſt unſrer intacten Cavallerie vollſtändig ausgenutzt worden
147 1142 1451 1224 wäre, ſo würde wahrſcheinlich die Sendung des Generals von Gab¬
150 1206 1453 1288 lenz in das preußiſche Hauptquartier ſchon zu dem Abſchluß nicht
150 1272 1454 1342 nur eines Waffenſtillſtandes, ſondern auch der Baſen des künftigen
150 1332 1455 1410 Friedens geführt haben, bei der Mäßigung, welche unſrerſeits und
153 1397 1457 1465 damals auch noch bei dem Könige in Bezug auf die Bedingungen
154 1458 1457 1530 des Friedens vorwaltete, eine Mäßigung, die damals von Oeſtreich
155 1523 1460 1592 doch ſchon mehr als nützlich beanſpruchte, und uns als künftige
158 1587 1461 1652 Genoſſen alle bisherigen Bundesglieder, aber alle verkleinert und
157 1652 1464 1716 verletzt, gelaſſen hätte. Auf meinen Antrag antwortete Seine Majeſtät
160 1717 1465 1777 dem Kaiſer Napoleon dilatoriſch, aber doch mit Ablehnung jedes
161 1785 1021 1848 Waffenſtillſtandes ohne Friedensbürgſchaften.
260 1843 1468 1909 Ich fragte ſpäter in Nikolsburg den General von Moltke,
164 1905 1470 1973 was er thun würde, wenn Frankreich militäriſch eingriffe. Seine
167 1969 1470 2037 Antwort war: Eine defenſive Haltung gegen Oeſtreich, mit Be¬
234 2229 1298 2288 Otto Fürſt von Bismarck, Gedanken und Erinnerungen. II. 3
322 114 1219 177 Verſtimmung der Militärs. Franzöſiſche Einmiſchung.
1381 111 1428 148 33
340 2123 1259 2179 So ſchreibt der Generalſtab, geſprochen wird es Horſitz.
319 2174 1125 2227 S. den Text bei L. Schneider a. a. O. I 253 f.
