1600 2479
156 158 1267 205 Zehntes Capitel. II. Monarch. Statsformen. C. Das römische Kaiserthum.
159 260 1380 305 Gewalt von dem Volke übertragen.  Allein auf das Blut
157 318 1378 365 und die Familienverbindung wurde dennoch bei der Aner-
157 378 1378 424 kennung der Kaiser zwar nicht principiell, aber factisch in
160 436 1379 484 den meisten Fällen Rücksicht genommen, und der anerkannte
158 495 1379 542 Kaiser empfing jeder Zeit die kaiserliche Gewalt, welche an
158 553 1381 595 Umfang der Gewalt des römischen Volkes selbst zur Zeit der
158 613 1380 657 Republik gleichgeachtet wurde, zu persönlichem, vollem
158 671 1381 714 Rechte. Auch das Volk konnte dieselbe später nicht mehr
158 729 1379 765 beschränken noch entziehen. Sie war durch die Ueberliefe-
158 788 468 831 rung gesichert.
251 845 1379 892 In ihr war — abgesehen von den obigen Magistraturen,
161 893 1380 947 die regelmäszig mit der kaiserlichen verbunden waren, und
162 957 883 994 diese sehr verstärkten — enthalten:
256 1016 1381 1064 1. Die Disposition und der Befehl über die gesammte
160 1076 1381 1121 Kriegsmacht des States, zu Rom über die Garde der Prä-
160 1137 1382 1185 torianer. Die Einführung stehender Heere, für die spä-
161 1197 1384 1245 tere Grösze des Reiches ein Bedürfnisz, sicherte zugleich die
161 1253 1382 1301 Existenz des Kaiserthums, und diente dazu, demselben überall
160 1309 1381 1358 Gehorsam zu erzwingen.  In dieser Eigenschaft nahmen die
158 1367 1379 1415 Kaiser den Titel der „Imperatoren“ an, welcher vordem
160 1424 895 1469 eine andere Bedeutung gehabt hatte.
252 1481 1378 1535 2. Die unbeschränkte Regierung über eine Anzahl,
159 1540 1378 1587 und gerade die wichtigsten und reichsten Provinzen. Von
159 1601 1379 1647 daher zogen die Kaiser unermeszliche Reichthümer und Kräfte
158 1662 1380 1708 aller Art an sich. Im übrigen hatten die Provinzialen durch
158 1720 1381 1769 die Statsveränderung bedeutend gewonnen. Ihre Groszen
156 1781 1381 1822 wurden von dem Kaiser in den Senat berufen und mit
210 2244 1154 2277 Bluntschli, allgemeine Statslehre. 27
1307 177 1375 209 417
265 1874 1378 1926 Ulpianus in L. 1. pr. de constitut. princip.:„Quod principi placuit,
155 1926 1380 1969 legis habet vigorem, utpote, cum lege regia, quae de imperio ejus lata
155 1971 1378 2018 est, populus ei et in eum omne suum imperium et potestatem conferat.
155 2016 664 2052 Gaj. I. 5. §. 6. J. de jure nat.
261 2060 1379 2105 Mäcenas empfahl daher auch dem Kaiser Augustus eindring-
154 2103 1379 2149 lich, ein stehendes Heer (στϱατιώτας ἀϑανάτους) zu bilden, dagegen die
155 2148 1379 2185 Masse der Bevölkerung den friedlichen Gewerben zu überlassen. Dio
154 2191 374 2220 Cass. a. a. O.
