1600 2542
144 145 1433 197 des Venediger-Männleins, der alle verſunkenen Schätze der
143 209 1435 262 Tiefe ſpiegelt, ſcheint das Mikroſkop geworden zu ſein. Da
143 273 1436 325 drängen ſich ſilberne Kettenpanzer, runde Sarazenenſchilde mit
145 335 1434 388 Buckeln und ſcharfen Spitzen, Helme mit feinem Viſir und
143 400 1435 452 langen Bügeln, köſtliches Geſchmeide aller Art, Ringe und
146 461 1436 516 Spangen, Spielzeug in Edelmetall und von alter Goldſchmied¬
146 526 1436 577 arbeit, als ſei es für Königskinder geſchaffen, Kaiſerkronen und
145 589 1437 643 Papſtkronen, Szepter und altertümliche Schwerter, auch fromme
146 654 1437 708 Kreuze und Dornenkronen. Manches zerbrochen, wie es Schätzen
148 717 1438 769 aus verſchollenen Tagen zukommt. Aber noch jedes Bruchſtück
149 781 1438 832 ein Wunderwerk der Kunſt. Und doch jetzt das alles kein
147 846 1438 897 wirklicher Schatz von Menſchenhand. Dieſes Pröbchen Staub
146 909 1439 961 iſt eine Hekatombe winzigſten Lebens, das die ungeheure, meilen¬
146 973 1439 1026 lange Waſſerſäule durchwimmelt hat. Es ſind die harten
148 1036 1439 1090 Schalen einzelliger Urtiere, der ſogenannten Radiolarien, jede
149 1101 1439 1154 aufgebaut aus Kieſelerde, alſo demſelben Stoff, der den ſchönen
150 1163 1439 1217 Bergkriſtall bildet. Aufgebaut aber nach geheimisvollen Ge¬
149 1228 1440 1281 ſetzen rhythmiſcher Anordnung, die unſer Menſchenauge als
153 1291 1440 1344 „ſchön“ begrüßt. Aufgebaut vom formloſen Schleimleibe jener
150 1355 1440 1406 niedrigen Weſen in der ſchwarzen Waſſernacht. Zum tiefſten
150 1418 1441 1469 Abgrund hinabgeſunken bilden die Schalen heute dort den
152 1482 1441 1534 Schlamm, den Staub. In jeder Schnupftabakprieſe ſolchen
152 1546 1442 1598 Staubes hundert und aberhundert köſtlichſte Formen, — Formen,
153 1610 1443 1662 kriſtallartig vollkommen in ihrem Linienbau und doch ſchon
155 1674 1443 1726 vergeiſtigt, vom Organiſchen, dem unzweideutig „Lebendigen“,
140 1730 1138 1790 gleichſam in zweiter Inſtanz der Natur erzeugt.
268 2118 1447 2169 Und nun hebe den Blick wieder auf vom Mikroſkop und
161 2181 1449 2234 vergegenwärtige dir. Jeder dieſer entzückenden Radiolarien¬
159 2245 1448 2299 panzer, in die ſich dir der „Staub“ auflöſte, ſetzt ſich inner¬
782 2395 826 2432 31
