1600 2542
277 573 1455 638 Auf dem Lande! Das iſt wieder ein Leitwort. Wohl —
169 646 1456 699 wie du da im Graſe liegſt und Arme und Beine in die erſte
169 710 1455 768 heiße Frühlingsſonne ſtreckſt: Du biſt ein Wirbeltier oberhalb
170 774 1458 828 des Haifiſches, weil du Arme und Beine haſt. Aber oberhalb
170 838 1459 892 dieſes Menſchenhaies dehnen ſich neue Straßen. Es giebt einen
170 902 1461 956 purpurnen Dämmerraum, wo auch du als werdendes Menſchlein
173 966 1460 1020 einmal bloß ſolche vier knoſpenhaften Leibes-Floſſen trugſt wie
171 1030 1466 1083 der wirkliche Hai: als Embryo im Mutterleibe auf beſtimmter
174 1092 1464 1149 Stufe. Aber das haſt du als Individuum längſt hinter dir,
174 1155 1465 1212 wie die geſamte Menſchheit den Hai. Du biſt als vollendeter
174 1218 1466 1275 Menſch kein Hai mehr. Ja überhaupt nicht mehr ein Fiſch.
176 1283 1468 1339 Alles Fiſchechte geht aus vom Hai. Da kommen unzählige
177 1346 1467 1406 Geſtalten. Der Stör, der Aal, der Wels und der Hecht.
177 1411 1465 1464 Alles im Waſſer, alles dem Waſſer angepaßt, alles mit Floſſen
177 1474 1464 1530 bald dieſer, bald jener Form. Bei dir aber ſind die Floſſen
177 1539 1467 1596 ja wirklich Landgliedmaßen geworden. Wie geſchah das? Wo¬
179 1609 799 1662 her kam der Begriff „Land“?
287 1680 1473 1732 Dein weiſer Leib weiß es an einer anderen Stelle. Nur
180 1742 1470 1800 wenig im Syſtem oberhalb des Haies, dicht an der Grenze,
181 1808 1471 1862 wo der Hai zunächſt zum Stör vorſchreitet — da iſt ganz
181 1871 1095 1925 deutlich vorgezeichnet die neue Ecke für dich.
289 1944 1472 1998 Du liegſt am Lande hier. Goldene Frühlingsluft um¬
182 2006 1472 2061 ſtrömt dich wie ein Himmelsbad. Du nimmſt ſie auf mit dem
183 2069 1471 2124 Munde. An der gleichen Stelle, wo dein Darm nach oben
182 2132 1472 2189 ſich öffnet zum Schlunde — da, wo die uralte Schlauchpforte
184 2197 1471 2252 der Gaſträa, des Polypen, des Wurmes liegt — da ſaugſt du
186 2260 1473 2318 auch dieſe Luft in dich ein. Aber ſie ſinkt hier nicht bloß in
807 2403 851 2448 85
