1600 2552
89 135 1400 186 Achtbeiner hinter ihren ſtaubgrauen Seidenfähnchen jüngſte
89 201 1171 249 Kobolde, die nichts nach ehrwürdigem Alter fragen.
199 265 1400 313 Heute ginge es mir umgekehrt. Ob das Menſchenkind,
89 329 1404 378 das dieſen Schädel trug, auch thatſächlich vor achtzehnhundert
90 394 1401 443 Jahren ſchon geliebt haben mag — es liebte als Menſch, als
90 458 1400 506 Kulturmenſch. Die Spinne aber trägt ein wirkliches Greiſen¬
92 521 1402 572 antlitz, ihre Liebe iſt eisgrau wie von einem fremden Planeten.
92 587 1400 636 Eine uralte Verworrenheit ſteckt darin, die nie überwunden
91 653 315 699 worden iſt.
201 715 1403 764 Im Liebesleben der Spinne, das mit dieſer Spinne ſelbſt
93 780 1402 830 vielleicht bis auf die Steinkohlenzeit zurückreicht, iſt ein Problem
93 845 1403 895 noch nicht ordentlich gelöſt, das eigentlich ans Herz aller Liebe
93 909 1405 960 greift. Das Problem vom Unterſchied des Freſſens und des
91 977 253 1016 Liebens.
203 1232 1406 1283 Beſinne dich einen Augenblick zurück. Auf die Zwergen¬
94 1297 1403 1350 geſchichte. Du erinnerſt dich: wie die Liebe überhaupt anfing.
76 1361 1400 1411 Das Freſſen war eine Notwendigkeit ſchon für die Urzellen. Es
94 1426 1404 1478 erſetzte in der Zelle den ewigen Verbrauch, es ermöglichte einen
95 1490 1403 1540 Stoffwechſel, bei dem der Körper ſich gleich blieb. Dann er¬
96 1554 1408 1605 möglichte es aber über den einfachen Erſatz hinaus auch eine
93 1616 1408 1669 poſitive ZnnahmeZunahme: der Körper wuchs. Und dieſes Wachſen
95 1681 1407 1731 wieder führte zur Zerſpaltung des einen Individuums in zwei, —
95 1746 998 1798 zu der einfachſten Form der Fortpflanzung.
204 1810 1409 1861 In dieſem Sinne gilt das Wort, daß das Freſſen eine
96 1875 1410 1925 Urbedingung der Liebe war, — kein Gegenſatz, ſondern eine
96 1940 750 1989 reinliche logiſche Vorausſetzung.
206 2003 1408 2052 Dann kam aber die geſchlechtliche Liebe. Mit ihrer Ver¬
95 2067 1410 2119 ſchmelzung von Leben in Leben. Zelle zu Zelle. Eizelle zu
97 2131 1403 2183 Samenzelle. Aus dieſer Verſchmelzung erwuchs ein erhöhtes
96 2195 1412 2244 Wachstum. Und ſo war dieſe Geſchlechtsliebe mit ihrer
98 2259 1411 2309 Einigung gewiſſermaßen wirklich eine Art höheren Freſſens.
714 2409 794 2446 324
