1600 2460
532 1634 979 1657 Der Marimonda (Ateles Beelzebuth).
53 181 1471 219 eilen deshalb, auch wenn ſie nur wenig ſich anſtrengen, immerhin ſo ſchnell vorwärts, daß der Jäger
52 227 1469 265 durchaus keine Zeit zu verlieren hat, wenn er ihnen folgen will. Jn ihren Baumwipfeln benehmen
51 272 1470 311 ſie ſich geſchickt genug. Sie klettern ſicher und führen zuweilen kleine Sprünge aus. Doch werfen
52 318 1468 356 oder ſchleudern ſie ihre Glieder bei allen Bewegungen ſonderbar hin und her. Der Schwanz wird
52 363 1469 402 gewöhnlich vorausgeſchickt, einen Anhalt zu ſuchen, ehe der Aſſe ſich entſchließt, den Aſt, auf welchem
52 409 1468 447 er ſitzt, zu verlaſſen. Zuweilen findet man ganze Geſellſchaften, welche ſich an den Schwänzen auf-
52 453 1483 493 gehängt haben und die auffallendſten Gruppen bilden. Nicht ſelten ſitzt oder liegt auch die Familie
51 499 1468 538 in träger Ruhe auf Aeſten und Zweigen, behaglich ſich ſonnend, den Kopf oft nach hinten gebogen,
51 544 1468 583 die Arme auf dem Rücken verſchränkt, die Augen gen Himmel gehoben. Auf ebenem Boden arbeiten
51 589 1469 644 ſie ſich mühſelig fort. Man möchte ſelbſt ängſtlich werden, wenn man ſie gehen ſieht. Der Gang iſt
263 635 1467 678 ſchwankend und unſicher im allerhöchſten Grade, und der lange Schwanz, welcher in der Abſicht,
51 659 1468 721 das Gleichgewicht herzuſtellen, aus Verzweiflung hin und her bewegt wird, erhöht nur noch das
50 725 1469 763 Ungelenke der Bewegung. Uebrigens haben europäiſche Beobachter die Klammeraffen niemals auf
44 1719 1468 1756 dem Boden geſehen, und Prinz Max von Wied behauptet, daß ſie, ſo lange ſie geſund ſind, nur dann
44 1764 1466 1802 auf die Erde herabkommen, wenn es ihnen unmöglich wird, von tiefen Zweigen aus zu trinken,
44 1810 294 1844 wie ſie ſonſt thun.
120 1856 1466 1894 Die Fortpflanzung der Klammeraffen fällt in die Monate Auguſt und September; wenigſtens
43 1902 1468 1938 gewahrt man um dieſe Zeit Mütter mit hängenden Jungen. Letztere werden entweder unter dem
44 1947 560 1982 Arme oder auf dem Rücken getragen.
119 1993 1467 2030 Jn den reichen Urwäldern können die wenig begehrenden Klammeraffen, welche ſich mit Blättern
38 2039 1467 2077 und Früchten begnügen, Niemandem Schaden thun. Gleichwohl werden ſie eifrig verfolgt. Die
42 2084 1466 2123 Portugieſen benutzen ihr Fell, die Wilden eſſen ihr Fleiſch; manche Jndianerſtämme ziehen es
42 2130 1466 2168 allem übrigen Wildpret vor. Sie unternehmen in ſtarken Geſellſchaften Jagdzüge, auf denen
40 2176 1465 2222 Hunderte erlegt werden. Das heimgebrachte Wild wird enthäutet und in ſitzender Stellung
41 2213 1466 2265 geräuchert. Mit ſolchem Rauchfleiſch treibt man denſelben Handel, wie mit dem Fleiſch der Brüll-
41 2259 1465 2335 affen; denn auch andere Stämme ſuchen ſich den Genuß, welchen ihre Heimat ihnen nicht bietet, durch
41 2312 341 2349 Tauſch zu verſchaffen.
1416 105 1469 132 103
592 103 924 135 Kennzeichnung. Freileben.
