1600 2460
118 187 1526 232 möglich dem raſch dahineilenden Fahrzeuge nach, um ihrer Neugierde die größtmöglichſte Be-
120 233 1527 278 friedigung zu gewähren. Ehe der Colocolo getödtet worden war, hatten die Affen in dieſer Weiſe
120 280 1527 323 das Boot immer begleitet, das ausgeſtopfte Fell aber verſetzte ſie in eine ſo entſetzliche Angſt, daß
121 326 1528 369 ſie, anſtatt ſich dem Fahrzeuge zu nähern, mit lautem Schreien zornig und ängſtlich davonflüchteten.
121 372 1527 415 Dieſe Beobachtung ſagt genug, denn ſie beweiſt, daß die Affen in jenem Thiere ihren furchtbarſten
121 425 400 461 Feind erblickt haben.
200 509 1528 552 Die Pampaskatze (Leopardus pajeros) ähnelt unſerer wilden Katze am meiſten, iſt jedoch
123 554 1530 599 von mehr unterſetzter Geſtalt und hat einen kleinern Kopf und kürzern Schwanz, ſowie einen ſehr
124 601 1529 645 langen, faſt zottigen Pelz, deſſen Haare hier und da ſogar eine Länge von fünf Zoll erreichen. Die
125 646 1529 690 Färbung des Pelzes iſt blaßgelblichgrau mit zahlreichen und regelmäßig gelben oder braunen Binden,
124 694 1530 736 welche vom Rücken aus ſchief gegen die Leibesſeite verlaufen. Die einzelnen Haare ſind an der
126 740 1530 782 Wurzel braun, dann gelb und endlich an der Spitze ſchwarz, die des Hinterrückens aber an der
135 1775 1533 1821 Wurzel ſchwarz, dann grau, dann gelblichweiß und endlich vor der ſchwarzen Spitze rein weiß. Von
134 1821 1535 1866 den Augen laufen jederzeit zwei gelbe oder zimmetfarbne Streifen über die Wangen herab und ver-
136 1865 1535 1911 einigen ſich unten an der Kehle, ſie halsbandartig umfaſſend. Die Schnauzenſpitze, das Kinn, die
135 1910 1535 1957 Augenflecken und der Unterleib ſind weiß. Ein ſchwarzer Streifen liegt vor der Bruſt und verläuft
135 1956 1535 2001 über die Beine, zwei andere ziehen ſich über ihn hin. Die Vorderbeine ſind dreimal, die hinteren
135 2001 1536 2047 fünfmal breit ſchwarz gebändert. Die Füße ſind gelblich, der Unterleib iſt unregelmäßig ſchwarz
137 2046 1536 2093 gefleckt, die mäßig großen Ohren ſind innen weißlich, außen ſchwarz, der ſpitze und etwas buſchige
137 2100 640 2139 Schwanz hat die Farbe des Rückens.
211 2137 1536 2184 Die Pampaskatze findet ſich in den Steppen Südamerikas von Patagonien an bis zur
136 2183 1537 2229 Magelhaensſtraße herab, und iſt namentlich an den Ufern des Rio negro zu finden. Sie lebt in un-
136 2228 1536 2274 bewohnten Waldgegenden und Steppen, und erhielt ihren lateiniſchen Namen von dem ſpaniſchen
136 2273 1537 2319 Worte „Paja‟, welches Stroh bedeutet. Der eigentliche Name würde alſo in Strohkatze zu über-
135 2320 1538 2367 ſetzen ſein. Dieſer Name paßt ebenſogut auf die Farbe ihres Pelzes, als auf ihren Aufenthalt, da
119 120 174 148 256
442 111 1207 146 Die Raubthiere. Katzen. — Pampaskatze. Leopard.
609 1693 1061 1718 Die Pampaskatze (Leopardus pajeros).
