1600 2762
367 765 1160 927 Das Dritte Buch.
112 975 1408 1070 Von den fuͤhlbaren Vorwuͤrffen insgemein.
217 1051 1408 1141 Von der Haͤrte und der Fluͤſſigkeit. Von
217 1123 1408 1201 der Hitze und der Kaͤlte. Von dem Ge-
216 1196 1405 1281 ſchmack. Von dem Geruch. Von dem
215 1269 1406 1356 Ton. Vom Licht. Von den Farben.
212 1340 1407 1421 Von den durchſichtigen und dichten Coͤr-
212 1427 354 1487 pern.
197 1569 1305 1678 Von den fuͤhlbaren Vorwuͤrffen
574 1664 936 1750 insgemein.
0 1836 858 1897 Bishero haben wir beſehen
56 1925 1268 1999 Die allgemeinen Ding’, die Ordnung, das Bewegen,
93 2010 835 2076 So uns des Firmamentes Hoͤhen
90 2092 994 2162 Jn unverruͤcktem Lauff fuͤr Augen legen,
90 2174 1076 2247 Die richtig’ Aenderung der Tag und Zeiten,
91 2261 1250 2330 Durch was fuͤr Handlungen die Coͤrper ſich bereiten
88 2344 1249 2415 Und Wechſels-Weiſe bald ſich aͤndern, bald vergehn;
742 2477 792 2526 S
1291 2476 1392 2537 Laſſt
