1600 2367
525 129 1060 163 § 54. Königsrecht und Kapitularien.
188 208 1397 247 aber auf dem Gebiete des Privat-, Prozeſs- und Strafrechtes ein neues
186 255 1395 300 in das Volksrecht einschneidendes Recht. Es ist dies die Kategorie,
186 303 1395 346 in welcher der rechtsgeschichtliche Schwerpunkt der Kapitularien
186 351 300 381 beruht.
265 397 1392 439 Wie der König bei der Ausübung seiner Banngewalt nicht an die
184 446 1390 488 Zustimmung des Volkes oder der Reichsversammlung gebunden ist,
184 493 1390 535 so kann er auch die Capitula per se scribenda einseitig erlassen.
183 540 1392 582 Doch kamen sie regelmäſsig auf den Reichsversammlungen nach einer
182 587 1392 631 Beratung mit den Groſsen des Reiches zustande und wird häufig
182 636 1390 678 nicht bloſs der Beirat (consilium), sondern auch die Zustimmung (con-
182 683 1391 728 sensus) der versammelten Amtsaristokratie und der fideles überhaupt
181 731 1390 773 hervorgehoben. Mitunter verschiebt der König die Erledigung von
180 778 1389 817 Anfragen und projektierte Neuerungen auf einen bevorstehenden Reichs-
181 824 1388 864 tag. Als unter Ludwig I. und seinen Nachfolgern der Einfluſs und
181 872 1388 912 die Bedeutung der Reichsversammlungen zusehends stieg, nahm deren
180 921 1387 959 Teilnahme an der Abfassung der Kapitularien mehr und mehr den
182 968 1385 1008 Charakter einer verfassungsmäſsigen Beschränkung des Königtums an.
260 1024 1386 1063 Die Capitula per se scribenda können vom König der sie er-
178 1072 1385 1112 lassen hat oder von seinen Nachfolgern einseitig aufgehoben werden.
179 1120 1386 1162 Damit ist natürlich nicht ausgeschlossen, daſs der Erlaſs des Kapitulars
177 1167 1386 1209 dauernde Geltung desselben in Aussicht nimmt. Und keineswegs läſst
178 1216 1384 1254 sich behaupten, daſs das Kapitular mit dem Tode des Königs, dem
177 1264 1165 1301 es seine Entstehung verdankte, ipso iure erloschen sei.
256 1318 1383 1357 3. Die Capitula missorum, Kapitularien, welche an die königlichen
175 1364 1383 1406 Missi gerichtet sind und ihnen regelmäſsig aus Anlaſs der Entsendung
1337 136 1393 165 381
294 1471 571 1504 Vgl. oben S 279 ff.
294 1512 1156 1548 S. die Zitate bei Waitz, VG III 603 Anm 5. 604 Anm 1.
293 1552 1378 1581 Die oben S 375 Anm 1 a. E. zitierte Stelle fährt fort: si autem ad Sali-
173 1590 1379 1627 cam pertinet legem et ibi minime repereris, quid exinde facere debeas, ad placitum
173 1632 1378 1665 nostrum generale exinde interrogare facias. Auf eine uns unbekannte Anfrage ant-
172 1670 1379 1705 wortet Ludwig I. Cap. I 297, c. 4: de quarto capitulo expectandum censuimus, donec
173 1709 1377 1741 cum plurioribus fidelibus nostris inde consideramus. In dem Cap. miss. Pertz, LL
171 1748 1378 1780 I 354, c. 1 instruiert Ludwig I. die Missi, daſs die Kirchengüter in beweisrecht-
170 1787 1377 1822 licher Beziehung gleich den Fiskalgütern behandelt werden sollen: usque dum nos
171 1827 1375 1861 ad generale placitum nostrum cum fidelibus nostris invenerimus et constituerimus,
170 1866 1376 1900 qualiter in futurum de his fieri debeat. Der Wormser Reichstagsbeschluſs, LL I
169 1905 1376 1939 351, c. 10 von 829 statuiert jene Gleichstellung nur für Güter, die sich in dreiſsig-
166 1944 1375 1980 jährigem Besitze der Kirchen befanden. Offenbar lieſs sich das vom Kaiser pro-
168 1984 1374 2017 visorisch bewilligte Vorrecht der Kirchen auf dem Reichstage nicht in vollem Um-
168 2024 1174 2057 fang durchsetzen. Brunner, Zeugen- und Inquisitionsbeweis S 102.
290 2062 1372 2097 Gegen eine derartige Miſsdeutung seiner Ansicht verwahrt sich Boretius,
168 2103 374 2136 Beiträge S 62.
