1600 2404
613 138 1119 179 § 67. Königstreue und Huldigung.
263 211 1468 273 der Felonie, der gebrochenen Lehnstreue, zum Grundpfeiler des pein-
260 257 688 301 lichen Rechtes gestaltete.
342 308 1466 360 Dem Schuldigen, der sich der Verantwortung nicht entzieht und
259 354 1464 406 die Schuld bekennt, sichern westfränkische Kapitularien die Gewäh-
256 397 1464 455 rung einer rationabilis indulgentia, die Anwendung einer rationabilis
256 450 1463 503 misericordia zu . Nachmals haben fränkische Tochterrechte diesen
256 496 1460 549 Begriff in eigenartiger Ausgestaltung weiter entwickelt. Die flan-
255 542 1461 603 drischen, französischen, normannischen und anglo-normannischen Quel-
254 590 1459 645 len sagen von dem, dessen Bestrafung im Ermessen des obersten
254 638 1457 698 Gerichtsherrn steht, er befinde sich in potestate, misericordia regis,
252 686 1457 739 ducis, en merci du roi. Den Schuldigen traf in der Regel eine Ver-
250 734 1457 790 mögensstrafe, deren höchstes Ausmaſs in dem Verlust des beweglichen
251 779 1456 834 oder des ganzen Vermögens bestand. Das anglo-normannische Recht
249 827 1454 882 bezeichnete solche Strafen als amerciamenta. Allmählich bildete die
248 875 1453 937 Praxis für bestimmte Arten von Straffällen einen festen Tarif abge-
248 924 1450 984 stufter Buſsen aus . Sie waren ursprünglich nichts anderes gewesen,
246 974 1450 1026 als der Preis, um den die königliche misericordia im Einzelfalle er-
245 1020 606 1056 kauft werden muſste.
323 1070 1450 1120 Mit der arbiträren Strafgewalt, die der König in Sachen der In-
242 1112 1451 1175 fidelität ausübte, vermengte sich noch in fränkischer Zeit der Begriff
242 1161 1449 1221 der königlichen Unhuld oder Ungnade. Rechtliche Bedeutung hatte
243 1209 1448 1265 der Verlust der königlichen Huld oder Gnade zunächst nur im Ver-
241 1256 1447 1313 hältnis des Königs zu den Gefolgsleuten und Beamten . Aber in
238 1303 1445 1360 karolingischer Zeit wurde er auch auf Fälle von infidelitas angewendet .
238 1351 1445 1409 Unhold bedeutete auch feindlich. Und die Unhuld des Königs durfte
210 1399 1444 1453 für die Folge der Infidelität gelten, wenn man nicht sowohl die Feind-
235 1449 1443 1505 schaft des infidelis gegen den König, als die des Königs gegen den
233 1495 1442 1555 infidelis betonen wollte. Nachmals wurde der Begriff der königlichen
233 1541 1439 1605 Ungnade auf verschiedenartige Fälle arbiträrer Strafgewalt ausgedehnt,
233 1588 1438 1651 deren Strenge durch Zahlung von Buſsen abgewendet werden konnte,
232 1634 1089 1682 mit welchen man die Huld des Herrn erkaufte .
264 133 303 161 66
351 1751 1436 1802 Conventus apud Confluentes v. J. 860, Cap. II 156, c. 7. 157, c. 5. Ka-
228 1788 1435 1841 roli II Capit. Carisiac. v. J. 856, c. 3, Pertz, LL I 445. Schon in einer Urkunde
227 1827 1434 1879 Ludwigs I. v. J. 816, Mühlbacher Nr. 602, heiſst es von Karl: Haioni comiti ..
228 1865 1434 1920 de Avaria reverso et ad misericordiam eius venienti .. (res quascunque, die durch
226 1904 948 1945 die Landesflucht verwirkten Güter) reddere iussit.
347 1946 1238 1990 Reeves, History of the English Law, ed. Finlason I 280 ff.
347 1985 612 2014 Siehe unten S. 79.
345 2025 917 2066 Capit. Franconof. v. J. 794, c. 9, I 75.
344 2065 1190 2111 Waitz, VG VI 464. Vgl. Ficker, Forschungen I 79 ff.
