<?xml version="1.0" encoding="UTF-8"?>
<PcGts xmlns="http://schema.primaresearch.org/PAGE/gts/pagecontent/2019-07-15" xmlns:xsi="http://www.w3.org/2001/XMLSchema-instance" xsi:schemaLocation="http://schema.primaresearch.org/PAGE/gts/pagecontent/2019-07-15 http://schema.primaresearch.org/PAGE/gts/pagecontent/2019-07-15/pagecontent.xsd">
<Metadata>
<Creator>KK-regJS2PAGE.py</Creator>
<Created>2021-01-18T15:26:47.829906</Created>
<LastChange>2021-01-18T15:26:47.829906</LastChange>
</Metadata>
<Page imageFilename="brunner_rechtsgeschichte02_1892_0040.png" imageWidth="1600" imageHeight="2404">
<TextRegion id="block_0" custom="structure {type:header;}">
<Coords points="439,193 439,232 1153,232 1153,193 439,193"/>
<TextLine id="line_0">
<Coords points="439,200 452,200 471,200 508,200 542,200 614,200 633,198 819,198 838,196 889,196 906,193 1153,193 1153,225 906,225 889,221 838,221 819,224 633,224 614,229 542,229 508,225 471,225 452,232 439,232 439,200"/>
<Baseline points="439,232 452,232 471,225 508,225 542,229 614,229 633,224 819,224 838,221 889,221 906,225 1153,225"/>
<TextEquiv><Unicode>§ 61. Titel, Ehrenzeichen und Regierungsantritt.</Unicode></TextEquiv>
</TextLine>

</TextRegion>
<TextRegion id="block_1" custom="structure {type:body;}">
<Coords points="202,271 202,318 202,318 202,359 202,365 202,406 201,411 201,461 202,458 202,502 204,504 204,554 203,554 203,601 203,603 203,643 206,649 206,690 204,696 204,749 208,745 208,784 208,790 208,834 208,839 208,886 208,886 288,886 288,930 288,935 209,935 209,982 209,982 209,1026 208,1031 208,1079 210,1076 210,1119 209,1121 209,1172 192,1169 192,1217 210,1217 210,1260 208,1265 208,1308 210,1314 210,1354 213,1361 213,1406 210,1412 210,1452 210,1454 293,1454 293,1501 293,1503 212,1503 212,1553 211,1552 211,1600 1419,1600 1419,1552 1415,1553 1415,1503 1419,1501 1419,1454 885,1454 885,1452 885,1412 1412,1412 1412,1406 1412,1361 1418,1354 1418,1314 1415,1308 1415,1265 1411,1260 1411,1217 1412,1217 1412,1169 1411,1172 1411,1121 1415,1119 1415,1076 1412,1079 1412,1031 1410,1026 1410,982 1414,982 1414,935 1410,930 1410,886 1108,886 1108,886 1108,839 1411,839 1411,834 1411,790 1408,784 1408,745 1409,749 1409,696 1407,690 1407,649 1407,643 1407,603 1407,601 1407,554 1410,554 1410,504 1406,502 1406,458 1408,461 1408,411 1408,406 1408,365 1407,359 1407,318 1407,318 1407,271 202,271"/>
<TextLine id="line_1">
<Coords points="202,282 238,282 271,289 369,289 400,281 529,281 561,289 628,289 660,279 756,279 787,273 1018,273 1060,272 1120,272 1154,272 1206,272 1235,271 1407,271 1407,302 1235,302 1206,301 1154,301 1120,301 1060,301 1018,306 787,306 756,315 660,315 628,310 561,310 529,318 400,318 369,318 271,318 238,311 202,311 202,282"/>
<Baseline points="202,311 238,311 271,318 369,318 400,318 529,318 561,310 628,310 660,315 756,315 787,306 1018,306 1060,301 1120,301 1154,301 1206,301 1235,302 1407,302"/>
<TextEquiv><Unicode>ad regem gesalbt, zum König konsekriert . Für das fränkische</Unicode></TextEquiv>
</TextLine>

<TextLine id="line_2">
<Coords points="202,328 384,328 421,329 497,329 534,328 614,328 648,325 790,325 821,320 1080,320 1113,319 1188,319 1219,318 1407,318 1407,355 1219,355 1188,348 1113,348 1080,352 821,352 790,356 648,356 614,357 534,357 497,359 421,359 384,359 202,359 202,328"/>
<Baseline points="202,359 384,359 421,359 497,359 534,357 614,357 648,356 790,356 821,352 1080,352 1113,348 1188,348 1219,355 1407,355"/>
<TextEquiv><Unicode>Staatsrecht blieb diese biblische Ausdrucksweise ohne Bedeutung.</Unicode></TextEquiv>
</TextLine>

<TextLine id="line_3">
<Coords points="202,376 283,376 302,377 404,377 425,376 486,376 507,376 555,376 577,374 684,374 706,371 854,371 885,369 933,369 954,367 1186,367 1208,366 1271,366 1280,365 1408,365 1408,402 1280,402 1271,405 1208,405 1186,403 954,403 933,397 885,397 854,404 706,404 684,403 577,403 555,404 507,404 486,405 425,405 404,406 302,406 283,406 202,406 202,376"/>
<Baseline points="202,406 283,406 302,406 404,406 425,405 486,405 507,404 555,404 577,403 684,403 706,404 854,404 885,397 933,397 954,403 1186,403 1208,405 1271,405 1280,402 1408,402"/>
<TextEquiv><Unicode>Auch hütete sich die Kirche zunächst, die Konsequenzen des Sprach-</Unicode></TextEquiv>
</TextLine>

<TextLine id="line_4">
<Coords points="201,424 363,424 390,432 428,432 453,422 564,422 594,421 648,421 673,419 763,419 785,417 832,417 854,414 1041,414 1064,412 1194,412 1215,411 1334,411 1355,412 1408,412 1408,441 1355,441 1334,448 1215,448 1194,449 1064,449 1041,444 854,444 832,446 785,446 763,449 673,449 648,450 594,450 564,457 453,457 428,453 390,453 363,461 201,461 201,424"/>
<Baseline points="201,461 363,461 390,453 428,453 453,457 564,457 594,450 648,450 673,449 763,449 785,446 832,446 854,444 1041,444 1064,449 1194,449 1215,448 1334,448 1355,441 1408,441"/>
<TextEquiv><Unicode>gebrauchs zu ziehen, wie schon die wiederholte Salbung Pippins be-</Unicode></TextEquiv>
</TextLine>

<TextLine id="line_5">
<Coords points="202,473 293,473 343,471 427,471 458,470 501,470 533,470 598,470 629,465 789,465 818,463 1038,463 1072,462 1131,462 1164,459 1322,459 1354,458 1406,458 1406,488 1354,488 1322,496 1164,496 1131,492 1072,492 1038,499 818,499 789,498 629,498 598,499 533,499 501,499 458,499 427,500 343,500 293,502 202,502 202,473"/>
<Baseline points="202,502 293,502 343,500 427,500 458,499 501,499 533,499 598,499 629,498 789,498 818,499 1038,499 1072,492 1131,492 1164,496 1322,496 1354,488 1406,488"/>
<TextEquiv><Unicode>weist. Mehr als eine kirchliche Anerkennung und Heiligung des</Unicode></TextEquiv>
</TextLine>

<TextLine id="line_6">
<Coords points="204,520 380,520 414,518 452,518 486,517 534,517 566,516 696,516 724,514 755,514 782,511 966,511 997,511 1062,511 1091,510 1172,510 1205,507 1361,507 1369,504 1410,504 1410,537 1369,537 1361,546 1205,546 1172,540 1091,540 1062,541 997,541 966,541 782,541 755,542 724,542 696,550 566,550 534,547 486,547 452,547 414,547 380,554 204,554 204,520"/>
<Baseline points="204,554 380,554 414,547 452,547 486,547 534,547 566,550 696,550 724,542 755,542 782,541 966,541 997,541 1062,541 1091,540 1172,540 1205,546 1361,546 1369,537 1410,537"/>
<TextEquiv><Unicode>Königtums ist die Salbung in fränkischer Zeit nicht geworden .</Unicode></TextEquiv>
</TextLine>

<TextLine id="line_7">
<Coords points="203,566 258,566 280,565 422,565 448,564 538,564 560,564 607,564 629,560 833,560 853,559 935,559 956,559 1017,559 1038,558 1069,558 1090,558 1169,558 1190,555 1341,555 1363,554 1407,554 1407,584 1363,584 1341,594 1190,594 1169,587 1090,587 1069,587 1038,587 1017,588 956,588 935,589 853,589 833,592 629,592 607,593 560,593 538,593 448,593 422,601 280,601 258,595 203,595 203,566"/>
<Baseline points="203,595 258,595 280,601 422,601 448,593 538,593 560,593 607,593 629,592 833,592 853,589 935,589 956,588 1017,588 1038,587 1069,587 1090,587 1169,587 1190,594 1341,594 1363,584 1407,584"/>
<TextEquiv><Unicode>Die Krönung durch die Geistlichkeit stellt sich in ihrer Symbolik als</Unicode></TextEquiv>
</TextLine>

<TextLine id="line_8">
<Coords points="203,614 268,614 291,613 443,613 472,613 524,613 545,612 645,612 667,609 728,609 757,608 805,608 827,608 879,608 900,606 1040,606 1060,605 1134,605 1156,606 1209,606 1229,603 1407,603 1407,638 1229,638 1209,634 1156,634 1134,634 1060,634 1040,636 900,636 879,637 827,637 805,637 757,637 728,643 667,643 645,641 545,641 524,641 472,641 443,642 291,642 268,643 203,643 203,614"/>
<Baseline points="203,643 268,643 291,642 443,642 472,641 524,641 545,641 645,641 667,643 728,643 757,637 805,637 827,637 879,637 900,636 1040,636 1060,634 1134,634 1156,634 1209,634 1229,638 1407,638"/>
<TextEquiv><Unicode>eine Tradition der Krone dar, die der Gesalbte nach der Auffassung</Unicode></TextEquiv>
</TextLine>

<TextLine id="line_9">
<Coords points="206,661 258,661 292,661 357,661 391,660 451,660 486,659 560,659 591,659 659,659 689,656 838,656 869,655 922,655 950,653 1212,653 1244,659 1301,659 1334,649 1407,649 1407,679 1334,679 1301,680 1244,680 1212,688 950,688 922,684 869,684 838,685 689,685 659,687 591,687 560,688 486,688 451,689 391,689 357,690 292,690 258,690 206,690 206,661"/>
<Baseline points="206,690 258,690 292,690 357,690 391,689 451,689 486,688 560,688 591,687 659,687 689,685 838,685 869,684 922,684 950,688 1212,688 1244,680 1301,680 1334,679 1407,679"/>
<TextEquiv><Unicode>der Zeit und nach dem Wortlaut der Krönungsgebete von Gott</Unicode></TextEquiv>
</TextLine>

<TextLine id="line_10">
<Coords points="204,708 354,708 361,707 398,707 442,706 598,706 620,705 672,705 692,704 734,704 756,703 813,703 834,702 915,702 928,699 1017,699 1039,698 1290,698 1310,696 1409,696 1409,726 1310,726 1290,735 1039,735 1017,728 928,728 915,730 834,730 813,731 756,731 734,732 692,732 672,733 620,733 598,735 442,735 398,735 361,735 354,749 204,749 204,708"/>
<Baseline points="204,749 354,749 361,735 398,735 442,735 598,735 620,733 672,733 692,732 734,732 756,731 813,731 834,730 915,730 928,728 1017,728 1039,735 1290,735 1310,726 1409,726"/>
<TextEquiv><Unicode>empfängt . Trotzdem hat sie den ihrer Form entsprechenden recht-</Unicode></TextEquiv>
</TextLine>

<TextLine id="line_11">
<Coords points="208,755 304,755 326,753 489,753 509,752 540,752 559,750 740,750 761,748 826,748 846,747 927,747 948,746 1070,746 1100,745 1159,745 1180,746 1227,746 1248,745 1334,745 1356,745 1408,745 1408,773 1356,773 1334,774 1248,774 1227,774 1180,774 1159,774 1100,774 1070,781 948,781 927,776 846,776 826,777 761,777 740,780 559,780 540,781 509,781 489,783 326,783 304,784 208,784 208,755"/>
<Baseline points="208,784 304,784 326,783 489,783 509,781 540,781 559,780 740,780 761,777 826,777 846,776 927,776 948,781 1070,781 1100,774 1159,774 1180,774 1227,774 1248,774 1334,774 1356,773 1408,773"/>
<TextEquiv><Unicode>lichen Charakter in fränkischer Zeit nicht erlangt. Um die Mitte des</Unicode></TextEquiv>
</TextLine>

<TextLine id="line_12">
<Coords points="208,804 338,804 351,799 565,799 579,798 632,798 653,797 696,797 717,792 967,792 987,792 1035,792 1056,792 1104,792 1122,791 1257,791 1279,791 1331,791 1345,790 1411,790 1411,820 1345,820 1331,819 1279,819 1257,821 1122,821 1104,821 1056,821 1035,822 987,822 967,832 717,832 696,826 653,826 632,834 579,834 565,830 351,830 338,833 208,833 208,804"/>
<Baseline points="208,833 338,833 351,830 565,830 579,834 632,834 653,826 696,826 717,832 967,832 987,822 1035,822 1056,821 1104,821 1122,821 1257,821 1279,819 1331,819 1345,820 1411,820"/>
<TextEquiv><Unicode>neunten Jahrhunderts gilt sie gewissermaſsen für ein Beiwerk der Sal-</Unicode></TextEquiv>
</TextLine>

<TextLine id="line_13">
<Coords points="208,851 296,851 319,847 371,847 387,847 495,847 517,845 569,845 590,844 700,844 721,841 853,841 874,841 971,841 992,840 1063,840 1072,839 1108,839 1108,869 1072,869 1063,869 992,869 971,878 874,878 853,872 721,872 700,873 590,873 569,874 517,874 495,876 387,876 371,877 319,877 296,886 208,886 208,851"/>
<Baseline points="208,886 296,886 319,877 371,877 387,876 495,876 517,874 569,874 590,873 700,873 721,872 853,872 874,878 971,878 992,869 1063,869 1072,869 1108,869"/>
<TextEquiv><Unicode>bung, auf welche das höhere Gewicht gelegt wird .</Unicode></TextEquiv>
</TextLine>

<TextLine id="line_14">
<Coords points="288,895 358,895 388,895 435,895 456,893 628,893 652,891 705,891 725,889 938,889 959,897 1015,897 1037,887 1167,887 1186,887 1247,887 1267,886 1410,886 1410,923 1267,923 1247,917 1186,917 1167,924 1037,924 1015,918 959,918 938,927 725,927 705,921 652,921 628,930 456,930 435,925 388,925 358,925 288,925 288,895"/>
<Baseline points="288,925 358,925 388,925 435,925 456,930 628,930 652,921 705,921 725,927 938,927 959,918 1015,918 1037,924 1167,924 1186,917 1247,917 1267,923 1410,923"/>
<TextEquiv><Unicode>Daſs die Erlangung der Königswürde von Salbung und Krönung</Unicode></TextEquiv>
</TextLine>

<TextLine id="line_15">
<Coords points="209,943 398,943 419,942 582,942 605,940 682,940 702,939 762,939 784,939 814,939 843,938 895,938 915,937 1088,937 1119,936 1185,936 1213,935 1252,935 1281,938 1414,938 1414,965 1281,965 1252,965 1213,965 1185,966 1119,966 1088,973 915,973 895,968 843,968 814,968 784,968 762,969 702,969 682,977 605,977 582,980 419,980 398,982 209,982 209,943"/>
<Baseline points="209,982 398,982 419,980 582,980 605,977 682,977 702,969 762,969 784,968 814,968 843,968 895,968 915,973 1088,973 1119,966 1185,966 1213,965 1252,965 1281,965 1414,965"/>
<TextEquiv><Unicode>unabhängig geblieben, zeigt sich in der Thatsache, dass im neunten</Unicode></TextEquiv>
</TextLine>

<TextLine id="line_16">
<Coords points="209,993 409,993 441,991 585,991 616,989 696,989 723,988 808,988 839,986 1054,986 1081,986 1177,986 1205,984 1319,984 1348,982 1410,982 1410,1011 1348,1011 1319,1021 1205,1021 1177,1021 1081,1021 1054,1024 839,1024 808,1026 723,1026 696,1019 616,1019 585,1022 441,1022 409,1025 209,1025 209,993"/>
<Baseline points="209,1025 409,1025 441,1022 585,1022 616,1019 696,1019 723,1026 808,1026 839,1024 1054,1024 1081,1021 1177,1021 1205,1021 1319,1021 1348,1011 1410,1011"/>
<TextEquiv><Unicode>Jahrhundert durchaus nicht jeder karolingische König gesalbt und</Unicode></TextEquiv>
</TextLine>

<TextLine id="line_17">
<Coords points="208,1043 333,1043 355,1041 474,1041 494,1040 539,1040 582,1038 648,1038 669,1037 750,1037 769,1036 899,1036 920,1035 980,1035 1001,1034 1143,1034 1163,1031 1332,1031 1352,1037 1412,1037 1412,1058 1352,1058 1332,1061 1163,1061 1143,1068 1001,1068 980,1064 920,1064 899,1071 769,1071 750,1066 669,1066 648,1068 582,1068 539,1068 494,1068 474,1070 355,1070 333,1079 208,1079 208,1043"/>
<Baseline points="208,1079 333,1079 355,1070 474,1070 494,1068 539,1068 582,1068 648,1068 669,1066 750,1066 769,1071 899,1071 920,1064 980,1064 1001,1068 1143,1068 1163,1061 1332,1061 1352,1058 1412,1058"/>
<TextEquiv><Unicode>gekrönt worden ist. Von einer Salbung und Krönung Bernhards von</Unicode></TextEquiv>
</TextLine>

<TextLine id="line_18">
<Coords points="210,1090 316,1090 337,1089 376,1089 395,1096 450,1096 471,1086 566,1086 586,1084 739,1084 771,1083 894,1083 915,1082 968,1082 982,1080 1129,1080 1144,1078 1202,1078 1218,1078 1298,1078 1313,1076 1415,1076 1415,1104 1313,1104 1298,1106 1218,1106 1202,1107 1144,1107 1129,1109 982,1109 968,1110 915,1110 894,1118 771,1118 739,1115 586,1115 566,1116 471,1116 450,1117 395,1117 376,1117 337,1117 316,1119 210,1119 210,1090"/>
<Baseline points="210,1119 316,1119 337,1117 376,1117 395,1117 450,1117 471,1116 566,1116 586,1115 739,1115 771,1118 894,1118 915,1110 968,1110 982,1109 1129,1109 1144,1107 1202,1107 1218,1106 1298,1106 1313,1104 1415,1104"/>
<TextEquiv><Unicode>Italien ist uns nichts berichtet. Ludwig der Deutsche und seine Söhne</Unicode></TextEquiv>
</TextLine>

<TextLine id="line_19">
<Coords points="209,1134 375,1134 406,1134 448,1134 479,1133 567,1133 610,1132 670,1132 700,1128 938,1128 967,1126 1059,1126 1090,1125 1128,1125 1156,1124 1210,1124 1237,1123 1290,1123 1315,1121 1411,1121 1411,1151 1315,1151 1290,1152 1237,1152 1210,1152 1156,1152 1128,1153 1090,1153 1059,1155 967,1155 938,1159 700,1159 670,1160 610,1160 567,1161 479,1161 448,1162 406,1162 375,1172 209,1172 209,1134"/>
<Baseline points="209,1172 375,1172 406,1162 448,1162 479,1161 567,1161 610,1160 670,1160 700,1159 938,1159 967,1155 1059,1155 1090,1153 1128,1153 1156,1152 1210,1152 1237,1152 1290,1152 1315,1151 1411,1151"/>
<TextEquiv><Unicode>empfingen sie nicht. Das westfränkische Reich ist mit der festen</Unicode></TextEquiv>
</TextLine>

<TextLine id="line_20">
<Coords points="192,1182 435,1182 452,1179 538,1179 557,1178 632,1178 654,1177 721,1177 743,1174 975,1174 994,1170 1199,1170 1221,1169 1317,1169 1339,1169 1412,1169 1412,1199 1339,1199 1317,1199 1221,1199 1199,1207 994,1207 975,1205 743,1205 721,1206 654,1206 632,1207 557,1207 538,1216 452,1216 435,1217 192,1217 192,1182"/>
<Baseline points="192,1217 435,1217 452,1216 538,1216 557,1207 632,1207 654,1206 721,1206 743,1205 975,1205 994,1207 1199,1207 1221,1199 1317,1199 1339,1199 1412,1199"/>
<TextEquiv><Unicode>Einbürgerung jener Sitte dem ostfränkischen vorausgeeilt, zumal Karl</Unicode></TextEquiv>
</TextLine>

<TextLine id="line_21">
<Coords points="210,1231 263,1231 284,1229 378,1229 407,1226 459,1226 477,1226 568,1226 590,1222 837,1222 859,1220 1075,1220 1096,1218 1181,1218 1200,1218 1287,1218 1329,1217 1411,1217 1411,1248 1329,1248 1287,1255 1200,1255 1181,1248 1096,1248 1075,1255 859,1255 837,1254 590,1254 568,1255 477,1255 459,1256 407,1256 378,1258 284,1258 263,1260 210,1260 210,1231"/>
<Baseline points="210,1260 263,1260 284,1258 378,1258 407,1256 459,1256 477,1255 568,1255 590,1254 837,1254 859,1255 1075,1255 1096,1248 1181,1248 1200,1255 1287,1255 1329,1248 1411,1248"/>
<TextEquiv><Unicode>der Kahle auf derlei Förmlichkeiten übermäſsigen Wert legte. Noch</Unicode></TextEquiv>
</TextLine>

<TextLine id="line_22">
<Coords points="208,1275 316,1275 345,1275 446,1275 478,1272 535,1272 568,1271 666,1271 696,1271 727,1271 758,1269 811,1269 838,1268 926,1268 958,1266 1039,1266 1067,1265 1333,1265 1365,1266 1415,1266 1415,1297 1365,1297 1333,1303 1067,1303 1039,1296 958,1296 926,1298 838,1298 811,1299 758,1299 727,1299 696,1299 666,1307 568,1307 535,1302 478,1302 446,1304 345,1304 316,1308 208,1308 208,1275"/>
<Baseline points="208,1308 316,1308 345,1304 446,1304 478,1302 535,1302 568,1307 666,1307 696,1299 727,1299 758,1299 811,1299 838,1298 926,1298 958,1296 1039,1296 1067,1303 1333,1303 1365,1297 1415,1297"/>
<TextEquiv><Unicode>Arnulf wurde 887 König in der Form einer Thronerhebung, bei</Unicode></TextEquiv>
</TextLine>

<TextLine id="line_23">
<Coords points="210,1325 337,1325 368,1323 465,1323 497,1322 562,1322 591,1319 722,1319 749,1317 823,1317 861,1316 926,1316 961,1314 1103,1314 1135,1314 1266,1314 1297,1315 1367,1315 1377,1314 1418,1314 1418,1344 1377,1344 1367,1344 1297,1344 1266,1343 1135,1343 1103,1349 961,1349 926,1345 861,1345 823,1347 749,1347 722,1354 591,1354 562,1350 497,1350 465,1352 368,1352 337,1354 210,1354 210,1325"/>
<Baseline points="210,1354 337,1354 368,1352 465,1352 497,1350 562,1350 591,1354 722,1354 749,1347 823,1347 861,1345 926,1345 961,1349 1103,1349 1135,1343 1266,1343 1297,1344 1367,1344 1377,1344 1418,1344"/>
<TextEquiv><Unicode>welcher weder eine Salbung noch eine Krönung erwähnt wird .</Unicode></TextEquiv>
</TextLine>

<TextLine id="line_24">
<Coords points="213,1374 285,1374 308,1372 355,1372 384,1370 506,1370 535,1369 601,1369 623,1367 720,1367 747,1364 848,1364 874,1363 921,1363 942,1361 1189,1361 1215,1361 1245,1361 1274,1362 1326,1362 1354,1364 1412,1364 1412,1391 1354,1391 1326,1390 1274,1390 1245,1390 1215,1390 1189,1399 942,1399 921,1393 874,1393 848,1395 747,1395 720,1397 623,1397 601,1398 535,1398 506,1406 384,1406 355,1404 308,1404 285,1404 213,1404 213,1374"/>
<Baseline points="213,1404 285,1404 308,1404 355,1404 384,1406 506,1406 535,1398 601,1398 623,1397 720,1397 747,1395 848,1395 874,1393 921,1393 942,1399 1189,1399 1215,1390 1245,1390 1274,1390 1326,1390 1354,1391 1412,1391"/>
<TextEquiv><Unicode>Erst bei Ludwig dem Kinde taucht die Königskrönung in der ost-</Unicode></TextEquiv>
</TextLine>

<TextLine id="line_25">
<Coords points="210,1420 397,1420 418,1418 502,1418 524,1418 577,1418 596,1415 772,1415 792,1412 885,1412 885,1442 792,1442 772,1451 596,1451 577,1447 524,1447 502,1448 418,1448 397,1452 210,1452 210,1420"/>
<Baseline points="210,1452 397,1452 418,1448 502,1448 524,1447 577,1447 596,1451 772,1451 792,1442 885,1442"/>
<TextEquiv><Unicode>fränkischen Linie der Karolinger auf .</Unicode></TextEquiv>
</TextLine>

<TextLine id="line_26">
<Coords points="293,1469 349,1469 371,1466 630,1466 654,1462 788,1462 811,1461 865,1461 888,1460 929,1460 951,1459 999,1459 1020,1455 1258,1455 1276,1454 1340,1454 1362,1455 1419,1455 1419,1484 1362,1484 1340,1485 1276,1485 1258,1494 1020,1494 999,1489 951,1489 929,1489 888,1489 865,1490 811,1490 788,1498 654,1498 630,1501 371,1501 349,1499 293,1499 293,1469"/>
<Baseline points="293,1499 349,1499 371,1501 630,1501 654,1498 788,1498 811,1490 865,1490 888,1489 929,1489 951,1489 999,1489 1020,1494 1258,1494 1276,1485 1340,1485 1362,1484 1419,1484"/>
<TextEquiv><Unicode>Die Thronerhebung, elevatio, wie sie die merowingische Zeit der</Unicode></TextEquiv>
</TextLine>

<TextLine id="line_27">
<Coords points="212,1516 447,1516 475,1512 646,1512 673,1512 764,1512 793,1510 889,1510 917,1508 990,1508 1018,1509 1104,1509 1126,1506 1182,1506 1203,1507 1301,1507 1322,1503 1415,1503 1415,1533 1322,1533 1301,1534 1203,1534 1182,1536 1126,1536 1104,1537 1018,1537 990,1538 917,1538 889,1540 793,1540 764,1546 673,1546 646,1544 475,1544 447,1553 212,1553 212,1516"/>
<Baseline points="212,1553 447,1553 475,1544 646,1544 673,1546 764,1546 793,1540 889,1540 917,1538 990,1538 1018,1537 1104,1537 1126,1536 1182,1536 1203,1534 1301,1534 1322,1533 1415,1533"/>
<TextEquiv><Unicode>karolingischen überliefert hatte, besaſs noch unter den ersten Karo-</Unicode></TextEquiv>
</TextLine>

<TextLine id="line_28">
<Coords points="211,1565 329,1565 350,1562 600,1562 614,1560 798,1560 831,1557 946,1557 961,1555 1067,1555 1088,1555 1131,1555 1145,1553 1216,1553 1240,1553 1300,1553 1322,1552 1419,1552 1419,1582 1322,1582 1300,1583 1240,1583 1216,1584 1145,1584 1131,1584 1088,1584 1067,1594 961,1594 946,1588 831,1588 798,1596 614,1596 600,1592 350,1592 329,1600 211,1600 211,1565"/>
<Baseline points="211,1600 329,1600 350,1592 600,1592 614,1596 798,1596 831,1588 946,1588 961,1594 1067,1594 1088,1584 1131,1584 1145,1584 1216,1584 1240,1583 1300,1583 1322,1582 1419,1582"/>
<TextEquiv><Unicode>lingern staatsrechtliche Bedeutung. Sowohl Pippin als Karl und wahr-</Unicode></TextEquiv>
</TextLine>

</TextRegion>
<TextRegion id="block_2" custom="structure {type:pageNum;}">
<Coords points="195,204 195,233 235,233 235,204 195,204"/>
<TextLine id="line_29">
<Coords points="195,204 235,204 235,233 195,233 195,204"/>
<Baseline points="195,233 235,233"/>
<TextEquiv><Unicode>22</Unicode></TextEquiv>
</TextLine>

</TextRegion>
<TextRegion id="block_3" custom="structure {type:note;}">
<Coords points="333,1660 333,1698 333,1696 214,1696 214,1740 213,1736 213,1778 213,1774 336,1774 336,1819 336,1814 215,1814 215,1858 215,1852 336,1852 336,1897 336,1892 336,1935 336,1932 217,1932 217,1974 217,1971 217,2012 216,2020 216,2052 216,2051 339,2051 339,2092 339,2092 217,2092 217,2137 217,2133 339,2133 339,2172 339,2177 219,2177 219,2216 1044,2216 1044,2177 1426,2177 1426,2172 1426,2133 1128,2133 1128,2137 1128,2092 1422,2092 1422,2092 1422,2051 848,2051 848,2052 848,2020 1425,2020 1425,2012 1425,1971 1421,1974 1421,1932 1421,1935 1421,1892 1240,1892 1240,1897 1240,1852 1260,1858 1260,1814 1419,1814 1419,1819 1419,1774 1278,1774 1278,1778 1278,1736 1422,1736 1422,1740 1422,1696 1416,1698 1416,1660 333,1660"/>
<TextLine id="line_30">
<Coords points="333,1669 371,1669 390,1668 506,1668 517,1668 589,1668 601,1670 661,1670 678,1673 700,1673 714,1666 755,1666 773,1672 843,1672 863,1664 995,1664 1012,1663 1037,1663 1055,1669 1124,1669 1143,1660 1280,1660 1298,1662 1354,1662 1372,1676 1416,1676 1416,1682 1372,1682 1354,1682 1298,1682 1280,1685 1143,1685 1124,1693 1055,1693 1037,1686 1012,1686 995,1689 863,1689 843,1689 773,1689 755,1689 714,1689 700,1690 678,1690 661,1691 601,1691 589,1698 517,1698 506,1693 390,1693 371,1693 333,1693 333,1669"/>
<Baseline points="333,1693 371,1693 390,1693 506,1693 517,1698 589,1698 601,1691 661,1691 678,1690 700,1690 714,1689 755,1689 773,1689 843,1689 863,1689 995,1689 1012,1686 1037,1686 1055,1693 1124,1693 1143,1685 1280,1685 1298,1682 1354,1682 1372,1682 1416,1682"/>
<TextEquiv><Unicode>De unctione Pipp. nota a. O.: sacro chrismate in reges consecrati sunt …</Unicode></TextEquiv>
</TextLine>

<TextLine id="line_31">
<Coords points="214,1711 240,1711 256,1716 339,1716 357,1727 382,1727 399,1710 487,1710 504,1709 529,1709 545,1705 690,1705 708,1707 753,1707 790,1703 880,1703 898,1701 1005,1701 1023,1704 1048,1704 1064,1701 1147,1701 1164,1708 1185,1708 1202,1698 1226,1698 1244,1696 1298,1696 1314,1697 1364,1697 1382,1696 1422,1696 1422,1722 1382,1722 1364,1722 1314,1722 1298,1726 1244,1726 1226,1722 1202,1722 1185,1723 1164,1723 1147,1725 1064,1725 1048,1725 1023,1725 1005,1726 898,1726 880,1727 790,1727 753,1728 708,1728 690,1730 545,1730 529,1731 504,1731 487,1732 399,1732 382,1732 357,1732 339,1740 256,1740 240,1736 214,1736 214,1711"/>
<Baseline points="214,1736 240,1736 256,1740 339,1740 357,1732 382,1732 399,1732 487,1732 504,1731 529,1731 545,1730 690,1730 708,1728 753,1728 790,1727 880,1727 898,1726 1005,1726 1023,1725 1048,1725 1064,1725 1147,1725 1164,1723 1185,1723 1202,1722 1226,1722 1244,1726 1298,1726 1314,1722 1364,1722 1382,1722 1422,1722"/>
<TextEquiv><Unicode>in regem .. unctus et benedictus est. Annal. Amandi et Petav. z. J. 768, MG SS</Unicode></TextEquiv>
</TextLine>

<TextLine id="line_32">
<Coords points="213,1750 225,1750 245,1748 281,1748 301,1748 341,1748 360,1748 391,1748 408,1754 478,1754 496,1745 564,1745 583,1747 646,1747 681,1742 750,1742 768,1743 840,1743 858,1741 897,1741 931,1739 1018,1739 1036,1739 1127,1739 1145,1747 1165,1747 1183,1737 1205,1737 1223,1736 1278,1736 1278,1759 1223,1759 1205,1760 1183,1760 1165,1761 1145,1761 1127,1762 1036,1762 1018,1770 931,1770 897,1765 858,1765 840,1766 768,1766 750,1767 681,1767 646,1769 583,1769 564,1770 496,1770 478,1778 408,1778 391,1772 360,1772 341,1773 301,1773 281,1773 245,1773 225,1774 213,1774 213,1750"/>
<Baseline points="213,1774 225,1774 245,1773 281,1773 301,1773 341,1773 360,1772 391,1772 408,1778 478,1778 496,1770 564,1770 583,1769 646,1769 681,1767 750,1767 768,1766 840,1766 858,1765 897,1765 931,1770 1018,1770 1036,1762 1127,1762 1145,1761 1165,1761 1183,1760 1205,1760 1223,1759 1278,1759"/>
<TextEquiv><Unicode>I 12. 13: ad reges uncti sunt. Oben Anm. 30. Regin. Chron. z. J. 879.</Unicode></TextEquiv>
</TextLine>

<TextLine id="line_33">
<Coords points="336,1787 391,1787 411,1785 587,1785 604,1792 625,1792 644,1783 672,1783 715,1780 900,1780 926,1775 1100,1775 1119,1776 1193,1776 1210,1775 1254,1775 1281,1774 1321,1774 1347,1776 1419,1776 1419,1800 1347,1800 1321,1798 1281,1798 1254,1804 1210,1804 1193,1800 1119,1800 1100,1807 926,1807 900,1812 715,1812 672,1807 644,1807 625,1809 604,1809 587,1811 411,1811 391,1819 336,1819 336,1787"/>
<Baseline points="336,1819 391,1819 411,1811 587,1811 604,1809 625,1809 644,1807 672,1807 715,1812 900,1812 926,1807 1100,1807 1119,1800 1193,1800 1210,1804 1254,1804 1281,1798 1321,1798 1347,1800 1419,1800"/>
<TextEquiv><Unicode>Vgl. Hinschius a. O. Gelegentliche Äuſserungen Karls II., die aller-</Unicode></TextEquiv>
</TextLine>

<TextLine id="line_34">
<Coords points="215,1828 286,1828 304,1827 388,1827 405,1827 500,1827 519,1826 646,1826 662,1822 756,1822 773,1820 838,1820 856,1819 929,1819 946,1816 1090,1816 1107,1814 1260,1814 1260,1844 1107,1844 1090,1849 946,1849 929,1843 856,1843 838,1845 773,1845 756,1847 662,1847 646,1856 519,1856 500,1858 405,1858 388,1851 304,1851 286,1858 215,1858 215,1828"/>
<Baseline points="215,1858 286,1858 304,1851 388,1851 405,1858 500,1858 519,1856 646,1856 662,1847 756,1847 773,1845 838,1845 856,1843 929,1843 946,1849 1090,1849 1107,1844 1260,1844"/>
<TextEquiv><Unicode>dings weiter gingen, erlangten damals noch keine praktische Bedeutung.</Unicode></TextEquiv>
</TextLine>

<TextLine id="line_35">
<Coords points="336,1865 388,1865 405,1866 490,1866 507,1865 548,1865 565,1861 812,1861 848,1858 920,1858 939,1857 1002,1857 1021,1854 1045,1854 1062,1854 1092,1854 1111,1855 1183,1855 1201,1852 1240,1852 1240,1877 1201,1877 1183,1877 1111,1877 1092,1878 1062,1878 1045,1879 1021,1879 1002,1882 939,1882 920,1883 848,1883 812,1894 565,1894 548,1889 507,1889 490,1897 405,1897 388,1890 336,1890 336,1865"/>
<Baseline points="336,1890 388,1890 405,1897 490,1897 507,1889 548,1889 565,1894 812,1894 848,1883 920,1883 939,1882 1002,1882 1021,1879 1045,1879 1062,1878 1092,1878 1111,1877 1183,1877 1201,1877 1240,1877"/>
<TextEquiv><Unicode>Das zeigen die Krönungsformeln. Siehe oben S. 21 Anm. 39.</Unicode></TextEquiv>
</TextLine>

<TextLine id="line_36">
<Coords points="336,1905 391,1905 408,1905 468,1905 487,1911 518,1911 535,1904 652,1904 670,1902 731,1902 749,1901 793,1901 810,1899 891,1899 909,1897 956,1897 973,1904 1003,1904 1015,1894 1120,1894 1137,1892 1232,1892 1249,1893 1299,1893 1316,1895 1421,1895 1421,1926 1316,1926 1299,1918 1249,1918 1232,1924 1137,1924 1120,1919 1015,1919 1003,1921 973,1921 956,1922 909,1922 891,1924 810,1924 793,1926 749,1926 731,1927 670,1927 652,1929 535,1929 518,1929 487,1929 468,1935 408,1935 391,1929 336,1929 336,1905"/>
<Baseline points="336,1929 391,1929 408,1935 468,1935 487,1929 518,1929 535,1929 652,1929 670,1927 731,1927 749,1926 793,1926 810,1924 891,1924 909,1922 956,1922 973,1921 1003,1921 1015,1919 1120,1919 1137,1924 1232,1924 1249,1918 1299,1918 1316,1926 1421,1926"/>
<TextEquiv><Unicode>Den Tag, an welchem Karl der Kahle 848 zu Orléans gesalbt und gekrönt</Unicode></TextEquiv>
</TextLine>

<TextLine id="line_37">
<Coords points="217,1945 319,1945 335,1951 392,1951 410,1943 496,1943 514,1950 541,1950 556,1943 684,1943 702,1942 739,1942 757,1941 810,1941 828,1937 986,1937 1016,1934 1070,1934 1087,1932 1256,1932 1275,1932 1363,1932 1377,1935 1421,1935 1421,1960 1377,1960 1363,1959 1275,1959 1256,1962 1087,1962 1070,1966 1016,1966 986,1964 828,1964 810,1966 757,1966 739,1967 702,1967 684,1968 556,1968 541,1968 514,1968 496,1968 410,1968 392,1974 335,1974 319,1970 217,1970 217,1945"/>
<Baseline points="217,1970 319,1970 335,1974 392,1974 410,1968 496,1968 514,1968 541,1968 556,1968 684,1968 702,1967 739,1967 757,1966 810,1966 828,1964 986,1964 1016,1966 1070,1966 1087,1962 1256,1962 1275,1959 1363,1959 1377,1960 1421,1960"/>
<TextEquiv><Unicode>worden war, feierte er nachmals als dies inunctionis. Vgl. Dümmler, Gesch. des</Unicode></TextEquiv>
</TextLine>

<TextLine id="line_38">
<Coords points="217,1984 336,1984 353,1982 461,1982 477,1983 490,1983 509,1982 553,1982 571,1984 643,1984 666,1982 685,1982 703,1982 727,1982 745,1980 799,1980 837,1978 909,1978 926,1975 1049,1975 1066,1972 1200,1972 1217,1971 1274,1971 1295,1973 1334,1973 1351,1975 1425,1975 1425,1999 1351,1999 1334,1999 1295,1999 1274,1998 1217,1998 1200,2003 1066,2003 1049,2002 926,2002 909,2004 837,2004 799,2006 745,2006 727,2006 703,2006 685,2012 666,2012 643,2007 571,2007 553,2007 509,2007 490,2007 477,2007 461,2007 353,2007 336,2011 217,2011 217,1984"/>
<Baseline points="217,2011 336,2011 353,2007 461,2007 477,2007 490,2007 509,2007 553,2007 571,2007 643,2007 666,2012 685,2012 703,2006 727,2006 745,2006 799,2006 837,2004 909,2004 926,2002 1049,2002 1066,2003 1200,2003 1217,1998 1274,1998 1295,1999 1334,1999 1351,1999 1425,1999"/>
<TextEquiv><Unicode>ostfränk. Reiches I 127 Anm. 1, II 338. Auch Karl der Einfältige lieſs die anni-</Unicode></TextEquiv>
</TextLine>

<TextLine id="line_39">
<Coords points="216,2024 327,2024 344,2022 494,2022 514,2022 592,2022 608,2022 751,2022 771,2020 848,2020 848,2051 771,2051 751,2052 608,2052 592,2046 514,2046 494,2047 344,2047 327,2050 216,2050 216,2024"/>
<Baseline points="216,2050 327,2050 344,2047 494,2047 514,2046 592,2046 608,2052 751,2052 771,2051 848,2051"/>
<TextEquiv><Unicode>versaria inunctionis feiern (Böhmer 1953).</Unicode></TextEquiv>
</TextLine>

<TextLine id="line_40">
<Coords points="339,2062 386,2062 404,2060 508,2060 525,2068 613,2068 634,2061 768,2061 792,2060 845,2060 862,2065 932,2065 953,2056 1092,2056 1114,2051 1145,2051 1168,2058 1250,2058 1272,2054 1369,2054 1396,2056 1422,2056 1422,2078 1396,2078 1369,2085 1272,2085 1250,2082 1168,2082 1145,2076 1114,2076 1092,2082 953,2082 932,2084 862,2084 845,2085 792,2085 768,2092 634,2092 613,2092 525,2092 508,2091 404,2091 386,2087 339,2087 339,2062"/>
<Baseline points="339,2087 386,2087 404,2091 508,2091 525,2092 613,2092 634,2092 768,2092 792,2085 845,2085 862,2084 932,2084 953,2082 1092,2082 1114,2076 1145,2076 1168,2082 1250,2082 1272,2085 1369,2085 1396,2078 1422,2078"/>
<TextEquiv><Unicode>Die Quellen sagen: elegerunt, sine mora statuerunt ad regem extolli; in</Unicode></TextEquiv>
</TextLine>

<TextLine id="line_41">
<Coords points="217,2112 300,2112 319,2102 440,2102 458,2100 482,2100 500,2100 568,2100 587,2101 650,2101 669,2103 771,2103 805,2097 1016,2097 1035,2092 1128,2092 1128,2119 1035,2119 1016,2124 805,2124 771,2131 669,2131 650,2126 587,2126 568,2131 500,2131 482,2125 458,2125 440,2131 319,2131 300,2137 217,2137 217,2112"/>
<Baseline points="217,2137 300,2137 319,2131 440,2131 458,2125 482,2125 500,2131 568,2131 587,2126 650,2126 669,2131 771,2131 805,2124 1016,2124 1035,2119 1128,2119"/>
<TextEquiv><Unicode>regem elevatur; in regni solio ponunt. Mühlbacher 1717 l.</Unicode></TextEquiv>
</TextLine>

<TextLine id="line_42">
<Coords points="339,2141 426,2141 439,2139 521,2139 523,2147 562,2147 574,2139 597,2139 609,2138 666,2138 685,2138 845,2138 864,2156 888,2156 908,2144 991,2144 1009,2141 1083,2141 1095,2139 1121,2139 1140,2133 1225,2133 1242,2134 1266,2134 1279,2136 1426,2136 1426,2157 1279,2157 1266,2155 1242,2155 1225,2155 1140,2155 1121,2157 1095,2157 1083,2166 1009,2166 991,2168 908,2168 888,2162 864,2162 845,2163 685,2163 666,2163 609,2163 597,2163 574,2163 562,2163 523,2163 521,2164 439,2164 426,2172 339,2172 339,2141"/>
<Baseline points="339,2172 426,2172 439,2164 521,2164 523,2163 562,2163 574,2163 597,2163 609,2163 666,2163 685,2163 845,2163 864,2162 888,2162 908,2168 991,2168 1009,2166 1083,2166 1095,2157 1121,2157 1140,2155 1225,2155 1242,2155 1266,2155 1279,2157 1426,2157"/>
<TextEquiv><Unicode>Regin. Chron. z. J. 900: Ludowicum .. regem super se creant et coronatum</Unicode></TextEquiv>
</TextLine>

<TextLine id="line_43">
<Coords points="219,2184 344,2184 362,2179 512,2179 530,2177 641,2177 659,2178 684,2178 701,2177 800,2177 818,2177 886,2177 904,2177 1044,2177 1044,2201 904,2201 886,2208 818,2208 800,2208 701,2208 684,2201 659,2201 641,2203 530,2203 512,2206 362,2206 344,2216 219,2216 219,2184"/>
<Baseline points="219,2216 344,2216 362,2206 512,2206 530,2203 641,2203 659,2201 684,2201 701,2208 800,2208 818,2208 886,2208 904,2201 1044,2201"/>
<TextEquiv><Unicode>regiisque ornamentis indutum in fastigio regni sublimant.</Unicode></TextEquiv>
</TextLine>

</TextRegion>
</Page>
</PcGts>