1600 2367
271 238 1486 280 es ursprünglich kaum gegolten hatte. So bedachte ein Kapitular Karls
274 280 1484 320 des Groſsen den Diebstahl bei Hausfriedensbruch mit dem dreifachen
275 333 1166 372 der Buſse, die das Recht des Verletzten statuiert.
356 377 1485 419 2. Öffentliche Strafen und die Lösungsbuſsen, um welche öffent-
274 428 1486 469 liche Strafen geledigt werden können, richten sich nicht nach der Lex
276 476 1486 515 des Verletzten, sondern nach dem Rechte des Thäters. Volksrechte
275 523 1486 563 mit ständisch abgestuftem Strafrecht gehen noch weiter. Indem sie
275 571 1484 610 bei der Bemessung der compositio auf den Stand des Thäters sehen,
276 618 1487 653 müssen sie in Kollisionsfällen das Recht des Thäters entscheiden
276 665 1489 703 lassen. Auf diesem Standpunkte steht die Lex Ribuaria, welche für
279 712 1487 752 die Bestrafung von Personen, die einem fremden Stammesrechte an-
278 760 1489 802 gehören, den Grundsatz aufstellt, daſs dieses letztere und nicht das
278 808 1163 847 ribuarische Recht die Entscheidungsnorm abgebe.
361 856 1491 894 Seit dem neunten Jahrhundert beginnt im internationalen Straf-
279 904 1491 942 rechte die lex loci delicti commissi, das Recht des Thatortes durch-
278 953 1492 993 zudringen. So soll nach einer langobardischen, vor 830 entstandenen
278 1000 1490 1043 Paraphrase eines älteren Kapitulars der Eidhelfer, der unwissentlich
279 1048 1489 1087 einen Meineid geschworen, büſsen: sicut lex loci illius, ubi periurium
279 1096 1490 1134 factum est, a longo tempore fuit. Handschriftliche Zusätze zur Lex
281 1143 1492 1180 Saxonum, welche der zweiten Hälfte des neunten Jahrhunderts an-
280 1189 1492 1231 gehören, enthalten die Bestimmung, daſs Diebstahl, Brandstiftung,
282 1237 1492 1279 Tötung auf dem Kirchwege, Kirchenschändung und wissentlicher Mein-
281 1286 1494 1327 eid, die ein Sachse auſserhalb Sachsens begangen hat, nicht mit der
282 1335 1494 1371 Todesstrafe des sächsischen Rechtes, sondern nach dem Rechte des
284 1383 1494 1414 Thatortes bestraft werden sollen. Ein westfränkisches Edikt von 864
651 158 1108 192 § 34. Das Personalitätsprinzip.
272 160 335 192 262
407 1476 647 1508 Cap. I 160, c. 2.
405 1514 1494 1546 Das läſst sich durch argumentum a contrario aus den Zusätzen zur Lex
284 1554 1495 1588 Saxonum im Spangenbergischen Kodex erschlieſsen. Siehe unten Anm 15. Eine
283 1593 1493 1626 vereinzelte Anwendung enthält Cap. Pipp. 782 — 786 c. 7, I 192: Et de Langu-
283 1631 1494 1663 bardiscos comites .. sicut illorum lex est, ita componat. In dem Falle Muratori
285 1671 1495 1707 SS IIb 942, v. J. 874 wird der Franke, der eine Nonne zur Ehe genommen hat, nach
284 1710 1494 1747 fränkischem, die Nonne und ihr Mundwald nach langobardischem Rechte bestraft.
408 1749 1495 1786 Lex Rib. 31, 4: quod si damnatus fuerit, secundum legem propriam non
286 1790 1495 1822 secundum Ribuariam damnum susteneat. Vgl. Lex Rib. 61, 2 über den libertus civis
286 1829 1495 1865 Romanus: quod si aliquid criminis admiserit, secundum legem Romanam iudicetur.
408 1869 1237 1904 Cap. Haristall. v. J. 779 c. 10, Forma langobardica I 49.
408 1909 1495 1944 Die Zusätze des Spangenbergischen Kodex, über welche v. Richthofen,
288 1950 1497 1984 Zur Lex Saxonum S 2 ff. zu vergleichen ist. Sie ersetzen das persönliche Recht
287 1988 1497 2020 nicht durch das Recht des erkennenden Gerichts, sondern durch das Recht des
288 2027 1497 2059 Thatorts. Diese decken sich nicht immer. Der Sachse, der auſserhalb Sachsens
289 2067 1497 2104 gestohlen, würde nach c. 36 auch von einem sächsischen Gerichte nicht nach
289 2106 1498 2142 sächsischem Rechte, sondern secundum illorum legem, ubi factum fuerit, bestraft
289 2151 467 2176 worden sein.
