1600 2404
244 250 1377 291 Die alte Rechtssprache liebte es, die Buſsen durch einen kurzen
163 298 1378 334 leicht im Gedächtnisse haftenden Ausdruck zu bezeichnen. Das gilt
162 345 1375 385 nicht nur für das Wergeld, das u. a. als leudi, léod, wer erscheint,
162 392 1376 431 sondern auch für die Buſsen im engeren Sinne. Oft entlehnt die
161 440 1376 478 Buſse ihren Namen der Missethat, auf die sie gesetzt ist. So be-
165 489 1375 525 deutet bei den Franken texaca nicht nur den Diebstahl, sondern auch
162 535 1377 576 die Diebstahlsbuſse, charoëna den Raub und die Raubbuſse, seolandefa
162 584 1376 626 die Lebensgefährdung und deren Sühne. Ebenso wird furtum für die
161 631 1377 677 compositio furti gebraucht. Bei den Angelsachsen ist burhbryce der
163 679 1374 719 Einbruch in eine fremde Burg und die Einbruchbuſse, mundbryce,
159 726 1375 770 mundbyrd die Verletzung des Mundiums und die Mundbrüche. Im
159 776 1377 814 Norden heiſst landnám die Buſse für Landnahme, áfang die Buſse für
159 824 1374 863 widerrechtliches Angreifen fremder Sachen, handsalaslit die auf Bruch
160 873 1373 914 des Handgelöbnisses gesetzte Buſse. Andere Buſsnamen erklären
158 920 1372 958 sich in anderer Weise. So verdanken bannus und mannina ihren
159 967 1368 1007 Namen der Aufforderung, deren Nichtbeachtung sie sühnen sollen,
159 1013 1374 1059 iectitio, iectus der Handlung, die den zu büſsenden Wortbruch kon-
158 1062 1374 1102 statiert. Von den fränkischen Buſsbezeichnungen spotten manche
155 1110 1375 1158 jeder befriedigenden sprachlichen Erklärung; so das salische Wort
156 1159 1371 1202 leudardi, eine Buſse von 15 Solidi (600 Denaren), so die ribuarische
156 1214 397 1246 cinu werdunia.
237 1258 1372 1301 Zur compositio gehört auch das Friedensgeld. Es ist die com-
155 1306 1374 1352 positio fisco debita und hat in dieser Zeit den Charakter einer
155 1352 1372 1395 Strafsumme, die wegen Verletzung der Rechtsordnung an die öffent-
154 1399 1371 1437 liche Gewalt zu zahlen ist. Was das Verhältnis des fredus zur ge-
155 1445 1370 1489 samten compositio betrifft, so haben wir ein älteres und ein jüngeres
155 1491 1369 1542 System zu unterscheiden, von welchen jenes den fredus als eine Quote
154 1539 1371 1587 der compositio erhebt, während dieses die Friedensgelder als fixe Be-
154 1587 1370 1637 träge neben den Buſsen in Rechnung stellt. Bei den Salfranken und
1314 171 1370 200 621
622 171 912 205 § 136. Die Buſsen.
281 1723 1371 1766 Siehe Zeumers Index zur Lex Rib. s. v. texaga, furtum. Dazu Pactus V 14:
154 1768 536 1800 solvat solidos 6 in texaga.
275 1804 797 1842 Schmid, Ges. d. Ags. S. 541. 635.
273 1843 1068 1884 Wilda, Strafrecht S. 348. v. Amira, Recht S. 180.
273 1888 544 1919 Siehe oben S. 369.
273 1924 1361 1966 Vgl. Graff, Sprachsch. I 403. Grimm bei Merkel, Lex Sal. p. LXI
152 1964 1368 2003 Kern bei Hessels § 49. 94. Eine sichere Erklärung fehlt auch für die Glosse in
151 2002 1367 2045 Lex Sal. 23, Cod. 7: leodardo in alia mente borio sito, Cod. 8: brio sito, Herold:
150 2053 313 2086 burgo sitto.
273 2085 694 2119 Siehe oben S. 504, Anm. 64.
271 2119 1359 2165 Greg. Tur. De virtutibus S. Martini IV 26: conpositionem fisco debitam
150 2173 495 2204 quam illi fretum vocant.
