1600 2404
608 186 1066 222 § 118. Spurfolge und Anefang.
234 264 1442 310 zessualischer Zwang, gegen den Besitzer, beziehungsweise gegen den
235 310 1443 356 Gewährsmann, mit der Diebstahlsklage vorzugehen, lag in diesen
233 358 1442 406 Fällen nicht vor. Mit andern Worten: Die Besitznahme der eigenen
234 406 1442 448 Sache im Weg erlaubter Selbsthilfe galt nicht für eine Form der Ein-
233 454 1442 501 leitung des Rechtsstreites. Vielmehr hing es von der Sachlage des
233 501 1443 545 einzelnen Falles ab, ob der Spurfolger es wagen durfte, das Gerüfte zu
234 549 1444 594 erheben und den Besitzer als handhaften Dieb zu behandeln, oder
234 598 1442 640 etwa gegen ihn, eventuell gegen den Gewährsmann, mit einer Dieb-
234 645 628 683 stahlsklage vorzugehen.
316 691 1442 733 Anders gestaltet sich das Verfahren, wenn der Bestohlene die
234 738 1442 786 Sache ohne Spurfolge oder wenn er sie nach Ablauf der gesetz-
232 785 1442 829 lichen Frist im Besitze eines Dritten findet. Dann darf er die Sache
233 833 1443 884 nicht an sich nehmen, sondern es greift ein besonderer Rechtsgang
233 880 1442 926 Platz, der damit beginnt, daſs der Bestohlene die Sache in rechts-
235 930 1443 979 förmlicher Weise anfaſst. Diese Handlung heiſst ahd. anafangjan  oder
232 979 1442 1026 furifangôn , ags. befón, ætfón, ætbefón , forefong ; jüngere nieder-
231 1027 1442 1075 ländische und sächsische Quellen nennen sie aenfang, anefang (ein
231 1074 1442 1120 Wort, das in der germanistischen Litteratur das Bürgerrecht erworben
232 1123 1442 1168 hat), oberdeutsche furfang , verfang , verfahen, verfangen . Ein alt-
232 1170 1441 1212 bairisches Rechtsdenkmal bietet dafür das Substantivum hantalôd .
232 1216 1441 1264 Die fränkische versio latina bezeichnet den Anefang ursprünglich als
230 1264 1440 1308 rem in tertiam manum mittere; doch ist schon im sechsten Jahr-
230 1311 1439 1362 hundert dafür das Wort intertiare technisch geworden. Dieser Ausdruck,
231 1359 1439 1403 dessen Deutung streitig ist , erklärt sich aus der Tendenz des Ane-
234 182 293 212 498
229 1464 1441 1506 Hand, nämlich zur Hand eines Treuhänders, wegnehmen. Ich fasse agramire als
230 1504 1440 1543 geloben. Die Wendung res agramire entspricht dem se agramire oben S. 340
229 1544 1439 1581 Anm. 50. Per tercia manu steht statt per terciam manum, wie die Emendata
228 1583 1438 1621 liest, der ein Miſsverständnis in diesem Punkte schwerlich zuzutrauen ist. Die
228 1623 819 1658 tercia manus ist die Hand eines Bürgen.
349 1663 1437 1701 Die Glosse in LL V 277 zu Lex Rib. 33, 2 giebt interciavit mit anafan-
228 1701 407 1732 geda wieder.
349 1742 1375 1780 Graff, Sprachsch. III 414.Schmid, Ges. d. Ags. S. 526.
349 1778 879 1810 Ine 53. 72. 75 in den Überschriften.
348 1821 1436 1860 Augsburger Stadtrecht, herausgeg. von Christian Meyer, Art. 132, S. 217.
228 1856 1437 1900 Vgl. Wiener Neustädter Stadtrecht, herausgeg. von Winter, c. 94. Furfangbedeutet
229 1895 1436 1938 auch eine nach jüngerem Rechte dem Richter zu zahlende Fürfangsgebühr. Ebenso
228 1935 1435 1976 forefang bei den Angelsachsen. Vgl. Osenbrüggen, Studien S. 200. Schmel-
228 1975 948 2014 ler, WB I 730. Schmid, Ges. d. Ags. S. 526.
349 2016 1358 2056 Argum. Wiener Weichbildbuch, herausgeg. von Schuster, Art. 75. 76.
348 2056 1436 2095 Augsburger Stadtrecht Art. 34, § 3. 4, S. 97. Wiener Weichbildbuch
226 2095 1001 2134 Art. 75. 76. Niederöster. Weistümer I 578, 36; 613.
349 2135 750 2165 Decreta Tassil. Niuh. c. 13.
349 2176 1436 2214 Manche erklären ihn daraus, daſs die Sache einem Dritten als Treuhänder
