1600 2404
234 261 1445 308 als tot betrachtet werden. Bei der beschränkten Rechtlosigkeit handelt
232 309 1447 355 es sich gewissermaſsen um Reflexwirkungen der Friedlosigkeit. Diese
229 355 1442 400 führte die volle Aufhebung der Rechtsfähigkeit herbei. Die Straf-
229 403 1443 453 nachsicht vermochte die eingetretenen Wirkungen nicht vollständig zu
231 451 331 488 tilgen.
552 589 1115 628 § 133. Die Lebensstrafen.
225 648 1438 691 Siehe die Litteratur zu § 114 oben S. 467. Grimm, RA S. 682. Wilda, Straf-
222 690 1439 732 recht S. 495 ff. Geib, Lehrbuch des deutschen Strafrechts I 191. Schröder,
212 721 1438 772 RG S. 71 ff. 330. 338 ff. v. Amira, Recht S. 177. Günther, Wiedervergeltung
221 768 1442 808 I 182 ff. D’Olivecrona, De la peine de mort 1868. Thonissen, Mémoire
222 808 1437 852 sur les peines capitales dans la législation mérovingienne 1877. Derselbe, L’orga-
220 848 1436 890 nisation judiciaire etc. 1881, S. 160 ff. Fustelde Coulanges, Monarchie S. 459 ff.
282 888 1370 930 Glasson, Histoire III 545. Schmid, Gesetze der Angelsachsen S. 656.
301 955 1440 1002 Als Lebensstrafe stellt von Hause aus die Acht sich dar, weil sie
220 1000 1437 1050 die Tötung des Ächters nicht nur duldet, sondern verlangt. Sie ist
221 1051 1440 1099 aber mehr als Lebensstrafe, schon weil sie auch das Vermögen des
219 1093 1435 1140 Ächters erfaſst. Am deutlichsten hat die Acht den Charakter der
218 1146 1434 1190 Lebensstrafe bei der Behandlung des handhaften Missethäters bewahrt.
219 1194 1435 1241 Aber auch in der Ungehorsamsacht des fränkischen Königs tritt er
219 1241 1434 1284 noch zu Tage, wogegen er bei den abgeschwächten Formen der Acht
218 1289 656 1329 getrübt oder beseitigt ist.
298 1337 1432 1386 Die über den gerichtlich überführten Missethäter verhängte Todes-
217 1386 1433 1429 strafe hebt sich von der Ungehorsamsacht und von der Acht mit
215 1434 1431 1484 Fluchtfrist dadurch ab, daſs sie ohne Unfriedensbann ausgesprochen
214 1483 1432 1529 wird. Doch macht sich der begriffliche Zusammenhang von Acht
214 1531 1430 1578 und Todesstrafe u. a. noch insofern geltend, als regelmäſsig das Ver-
215 1581 1432 1627 mögen des zum Tode verurteilten Verbrechers vom Fiskus eingezogen
236 180 295 209 598
662 184 1048 216 § 133. Die Lebensstrafen.
335 1706 805 1739 Cap. Sax. v. J. 797, c. 10, I 72.
331 1747 1430 1786 v. Amira, Vollstreckungsverfahren S. 77: ‘Wo immer die Rechtlosigkeit
212 1783 1428 1827 auftritt, erkennen wir in ihr die Überbleibsel des reinen Instituts der Friedlosig-
210 1818 1429 1863 keit’. Über den Zusammenhang von Friedlosigkeit und Rechtlosigkeit siehe noch
211 1861 934 1898 Wilda, Strafrecht S. 304, Anm. 2 und S. 522 f.
333 1902 1427 1943 Wenn Formeln des Liber Papiensis (zu Otto I., c. 3 LL IV 571) dem Be-
211 1941 1425 1984 klagten schlechtweg gestatten, die Antwort zu verweigern, weil der Kläger zum Tode
210 1981 1426 2023 verurteilt worden ist, weil er Frauenraub, Diebstahl, Brandstiftung oder Meineid
203 2021 1427 2065 begangen habe, so ist dabei wohl gemeint, daſs die Todesstrafe noch nicht erlassen,
210 2060 1052 2102 das vorgeworfene Verbrechen noch nicht abgeurteilt war.
320 2102 1425 2143 Daſs ihre Vollstreckung nicht jedermann aus dem Volke überlassen, sondern
207 2142 1423 2185 bestimmten Organen vorbehalten ist, hat sie mit jenen Arten der Acht gemein,
210 2179 1191 2222 die den Leib des Ächters nur der Sippe des Erschlagenen erteilen.
