1600 2404
198 261 1406 305 Der Herzog nimmt die Friedensgelder, gefrontes und erbloses Gut; er
197 309 1403 349 übt den Fremdenschutz, entscheidet über Verhängung der Todesstrafe
196 355 1402 397 und Verbannung und hat die Befugnis der Strafmilderung. Wahr-
197 403 1402 446 scheinlich ernannte er die Grafen; sicher ist, daſs er in Schwaben die
195 451 1401 492 iudices bestellte . Das Kirchenregiment, das er früher in Baiern
195 499 1400 540 geübt hatte , ist zur Zeit der Entstehung der bairischen Lex ein be-
194 546 1400 589 schränktes; denn die Bischöfe werden vom König eingesetzt, und die
196 593 1399 639 Tötung des Bischofs wird dem Könige gebüſst. Es giebt einen herzog-
194 641 1400 685 lichen Fiskus und herzogliche Domänen. Den Landschenkungen der
195 689 1399 732 Merowinger entsprechen herzogliche Landschenkungen, die von den
193 736 1398 780 Beschenkten nicht ohne Konsens des Herzogs veräuſsert werden dür-
194 784 1398 826 fen . Die fränkische Freilassung durch Schatzwurf hat in Baiern
191 833 1399 877 ein Analogon in einer Freilassung durch die Hand des Herzogs. Stellt
192 880 1397 923 sich nach alledem das Stammesherzogtum, welches bei den Ober-
191 927 1396 969 deutschen geradezu regnum genannt wird , als eine Art von Unter-
190 975 1394 1015 königtum dar, so ist es doch ein verhängnisvoller Irrtum, den Ur-
189 1022 1393 1065 sprung desselben in Gegensatz zu bringen zu dem des Amtsherzog-
191 1065 1392 1109 tums, es etwa gar als Überbleibsel eines alten vorfränkischen Volks-
187 1120 1392 1159 königtums zu erklären. In Schwaben und Baiern, wo es sich am
186 1169 1395 1210 selbständigsten entwickelt hat, zeigt das Herzogtum bis in die Zeit
187 1216 1395 1259 Dagoberts I. Spuren strengster Abhängigkeit . Wie anderwärts, ist
187 1265 1393 1306 es auch hier erst seit der Erschlaffung der Centralgewalt zum Stammes-
184 1313 541 1351 herzogtum geworden.
264 1361 1391 1399 Indem die Arnulfinger zuerst als Hausmeier und austrasische
184 1408 1391 1447 Herzoge, dann als Könige der Franken sich die volle Wiederherstel-
184 1455 1388 1495 lung der Reichseinheit zum Ziele setzten, sahen sie sich gezwungen,
185 1500 1389 1538 das Stammesherzogtum allenthalben zu zertrümmern. In Schwaben
183 1547 1386 1584 erlosch es mit Herzog Lantfrid, welcher im Jahre 730 von Karl
182 1595 1387 1632 Martell bekriegt wurde und starb. Nach seinem Tode hat es in
185 1643 1386 1687 Schwaben keinen von Reichswegen anerkannten Herzog mehr gegeben.
182 1691 1386 1737 Wie das Herzogtum in Thüringen verschwand, wissen wir nicht.
181 1739 1387 1776 Jedenfalls stand Thüringen bereits 741 unter der unmittelbaren Herr-
1348 190 1405 219 159
637 184 966 216 § 80. Das Herzogtum.
303 1817 1386 1854 Lex Alam. 41, 1. Bezüglich der Grafen bestehen Zweifel. Waitz, VG
179 1857 1385 1894 II 2, S. 370. W. Sickel, Volksherzogtum S. 455. Einen Anhaltspunkt für die Amts-
180 1897 1389 1934 hoheit des bairischen Herzogs bietet c. 15 der decreta Niuhing. LL III 467, wo auf
178 1936 1384 1974 wiederholten Ungehorsam gegen den Befehl des Herzogs Entfernung aus dem Amte
177 1977 702 2010 (ambacto vel officio) angedroht wird.
299 2017 989 2048 LL III 451. Jaffé, Bibl. III 104. Oben I 317.
298 2057 1382 2093 H. Brunner, Die Landschenkungen der Merowinger und der Agilolfinger.
177 2096 594 2127 Berliner SB 1885, S. 1179 ff.
297 2135 825 2167 Lex Alam. 35, 1. Lex Baiuw. II 9.
297 2174 1213 2209 H. Brunner, Alter der Lex Alam. Berliner SB 1885, S. 170.
