1600 2367
205 214 1417 251 Sohnes Pippin, Ludwigs I., Lothars, Ludwigs II., Karls des Kahlen,
208 261 1417 293 Widos und Lamberts hinzu. Nachdem Otto I. Italien in das Ver-
205 308 1416 345 hältnis der Realunion mit dem deutschen Reiche gebracht hatte, haben
208 356 1417 394 von den deutschen Königen Otto I., Otto III., Heinrich II., Konrad II.
206 403 1182 436 und Heinrich III. einzelne Gesetze für Italien erlassen .
287 451 1416 489 Die Kapitularien, die in Italien in Geltung traten, wurden nicht
202 498 1416 538 etwa von Amts wegen mit dem Körper des langobardischen Ediktes
205 546 1416 584 verbunden, sondern es war der Privatthätigkeit anheimgegeben, sie zu
201 594 1416 632 sammeln. Die im fränkischen Reiche entstandenen Kapitulariensamm-
206 641 1414 680 lungen des Ansegisus und Benedictus kamen in Italien nicht in Gebrauch,
203 690 1415 726 sie konnten hier nicht benutzt werden, weil sie sich nicht auf den
204 737 1416 773 für Italien berechneten Teil der Kapitularien beschränkten. Vielmehr
204 782 1415 820 wurde in Italien eine selbständige Sammlung der daselbst geltenden
204 830 1415 867 Kapitularien veranstaltet , welche uns zuerst in einer Urkunde von
205 877 1415 915 988  als Capitulare Langobardorum, später auch unter dem Namen
202 925 1412 964 Capitulare schlechtweg genannt wird. Vermutlich war schon vor 891
205 972 1411 1010 in der Lombardei eine Sammlung fränkischer Kapitularien vorhanden,
205 1019 1413 1057 welche man in der Zeit von 996 bis 1019 durch ein Kapitular Widos
203 1068 1412 1106 von 891 und durch die Gesetze der Ottonen  ergänzte, während die
196 1117 1412 1155 der beiden Heinriche und Konrads später gelegentlich nachgetragen
202 1167 333 1196 wurden.
283 1212 1413 1250 Auf Grund des Ediktes und des Kapitulars entwickelte sich in
200 1258 1411 1295 Italien und zwar zunächst in der Lombardei eine rege juristische
202 1305 1411 1345 Thätigkeit , welche in der Entstehung lombardischer Rechtsschulen
200 1354 1412 1392 ihren Ausgangspunkt hatte. Den gröſsten Ruhm erwarb die besonders
199 1400 1410 1433 in der ersten Hälfte des elften Jahrhunderts blühende Rechtsschule
202 1448 1413 1487 von Pavia, deren Häupter als königliche Pfalzrichter auch in der
200 1497 1411 1536 Rechtspraxis weit verbreitetes Ansehen genossen. In der späteren
200 1541 1411 1583 langobardischen Rechtslitteratur werden die älteren Juristen, auf die
196 1588 1412 1629 sie sich beruft, unter dem Ausdruck antiqui iudices, causidici oder
472 134 1143 160 der fränkischen und der nachfränkischen Zeit.
1357 136 1420 165 389
312 1680 1413 1717 Die einzelnen Kapitularien u. Königsgesetze Italiens verzeichnet Boretius,
202 1725 550 1755 LL IV praef. S 47—49.
314 1755 1412 1795 Boretius, Praef. § 24 und dazu die Ergänzungen von Ficker, Über die
204 1799 1412 1835 Zeit und den Ort der Entstehung des Brachylogus, Wiener Sitz.-Ber. LXVII 635 ff.
203 1840 872 1874 und Forschungen III b 462, Nachtr. zu § 479.
315 1879 956 1912 Bei Ficker, Forschungen IV 49 Z. 2 v. u.
314 1916 1414 1953 Mit Ottos III. Kapitular schloſs ursprünglich die älteste uns bekannte Hand-
206 1959 523 1994 schrift der Sammlung.
316 1995 1412 2033 Grundlegend sind für die Geschichte und Litteratur des langobardischen
206 2034 1414 2072 Rechtes die mustergiltigen Ausführungen von Boretius in der Vorrede zu seiner
207 2074 1414 2112 Ausgabe des Liber legis Langobardorum. Vgl. das Urteil Fickers, Forschungen
206 2120 416 2146 III 56 Anm 4.
