1600 2367
530 158 990 191 § 34. Das Personalitätsprinzip.
155 239 1365 277 verlangt . Doch beginnt man schon in fränkischer Zeit auf die
154 286 1365 325 Liegenschaften Grundsätze anzuwenden, welche die Loslösung der Im-
154 332 1365 371 mobilien von dem Stammesrechte ihrer jeweiligen Eigentümer vor-
154 380 1364 418 bereiten. Zunächst in prozessualischer Hinsicht. Da die Erwerbstitel
154 428 1364 465 des Veräuſserers, welche dieser aus Anlaſs der Veräuſserung dem
153 476 1364 515 neuen Erwerber des Grundstücks zu übergeben pflegte, regelmäſsig
154 523 1364 562 auf die dem Personalrechte des Veräuſserers entsprechende prozes-
153 571 1363 609 sualische Verfolgung und Verteidigung berechnet waren, da ferner im
153 619 1363 656 Rechtsstreit um das Gut die Notwendigkeit eintreten konnte, den
153 667 1362 703 Gewährsmann zu stellen, so lag es nicht selten im Interesse des
152 714 1363 752 Eigentümers, sich im Prozeſs um das Grundstück nach dem Geburts-
152 762 1362 798 rechte seines Vormanns verteidigen zu können . Das fränkische
151 809 1364 847 Reichsrecht brachte diesen Gesichtspunkt zu Gunsten der Kirchengüter
150 855 1361 892 zur Geltung, welche auf Grund einer unter Karl dem Groſsen aus-
151 894 1360 942 gesprochenen, durch ein Kapitular Ludwigs I. eingeschärften Sentenz
150 951 1360 987 nach dem Stammesrechte der Donatoren verteidigt werden sollten .
149 998 1361 1036 In Italien wurde es Rechtens, daſs der Eigentümer, der sein Geburts-
149 1046 1360 1084 recht aufgegeben oder verloren und ein anderes Personalrecht erworben
149 1095 1360 1132 hatte, ererbte Güter nicht nach letzterem, sondern nach ersterem
148 1143 1360 1183 übereignete. So schenken und tradieren Ehefrauen ihr Erbgut nicht
147 1191 1359 1230 nach dem Rechte des Mannes, welches während der Ehe ihr persön-
147 1239 1359 1276 liches Recht ist, sondern nach ihrem Geburtsrechte . Desgleichen
150 1287 1359 1326 übereignen Geistliche ererbte Grundstücke nach ihrem Geburtsrecht,
150 1334 1359 1370 auch wenn sie nicht nach diesem, sondern nach römischem Rechte
1304 160 1366 190 265
270 1442 1358 1477 Bernard, Chartes de Cluny I 101 Nr 90 von 905, Veräuſserung von Gütern
149 1482 1359 1516 in pago Lucdunensi: vendimus, tradimus atque transfondimus secundum legem
150 1522 1360 1555 nostram salicam. Angeschlossen ist eine notitia warpituria, in der es heiſst: et
148 1562 1357 1595 revestivit .. per suum andelangum secundum legem salicam et se exitum inde fecit.
148 1600 1358 1634 Loersch u. Schröder a. O. Nr 77 von 957 (aus der Histoire de Metz I 70): tradidi
149 1638 1357 1675 per manus fidelium meorum lege salica viventium .. praedium meum. Zahlreiche
148 1678 1343 1715 Beispiele bieten die italienischen Urkunden seit der Mitte des neunten Jahrhunderts;
149 1718 1005 1747 siehe u. a. Loersch u. Schröder a. O. Nr 68 von 872.
268 1756 1356 1792 Die Lex Burg. gestattet 55, 2 dem Burgunder, der ein Grundstück durch
148 1795 1357 1833 königliche Schenkung (publica largitione) erhalten hat, dasselbe nach römischem
148 1834 1358 1871 Rechte einzuklagen und zu verteidigen. Vermutlich waren es römische Fiskalgüter,
148 1874 973 1910 welche den Grundstock der publicae largitiones bildeten.
270 1915 721 1952 Cap. von circa 820 c. 3, I 297.
271 1953 1356 1985 Die mit einem Römer verheiratete Langobardin veräuſsert ihr Gut nach
148 1993 1356 2031 langobardischem Rechte Mon. Patriae, Chartae, I 193, von 961. Schröder, Ehe-
147 2033 1354 2065 liches Güterrecht I 21 Anm 13. Urkunden des 11. Jahrhunderts lassen ersehen,
148 2073 1355 2105 daſs Frauen von Saliern und Alamannen ihre Güter nach langobardischem Geburts-
147 2111 897 2149 rechte übereignen. Pertile, Storia I 58 Anm 22.
