1600 2367
531 149 1138 181 § 47. Die Lex Angliorum et Werinorum.
231 227 1439 266 wie bei den Oberdeutschen das Wergeld des Freien 160 solidi be-
231 274 1440 315 trug und daneben das Friedensgeld als ein fixer Betrag von 40 solidi
232 326 556 355 entrichtet wurde .
312 370 1439 413 Die Lex Angliorum ist auch mit der Lex Saxonum verwandt.
231 416 1440 455 Diese Verwandtschaft beruht zum groſsen Teile darauf, daſs die Lex
231 464 1441 503 Ribuaria auch bei Abfassung des sächsischen Volksrechtes zu Grunde
232 513 1441 554 gelegt worden ist. Es finden sich aber in der Lex Angliorum ver-
232 560 1441 600 einzelte Anklänge an die Lex Saxonum, die nicht auf die gemeinsame
231 606 1440 648 Benutzung der Lex Ribuaria zurückgeführt werden können . Und
232 655 1442 695 in einigen Stellen lehnt sich die Fassung der Lex Angliorum näher
233 701 1048 735 an die Lex Saxonum als an die Ribuaria an .
311 748 1438 789 Eigentümlich ist das Ständewesen bei den Anglo-Warnen geartet.
234 794 1440 833 Sie haben wie die Sachsen einen Adel, der den Ribuariern fehlt.
234 843 1442 885 Dagegen wird der bei den Sachsen und Ribuariern vorhandene Stand
233 891 1443 933 der Liten nirgends genannt. Im Gebiete des Erbrechts überliefert
232 941 1442 980 uns die Lex Angliorum das älteste sichere Zeugnis über die Rechts-
232 988 1443 1029 institute, welche später unter den Namen Heergeräte und Gerade
233 1036 1443 1075 weite Verbreitung genieſsen. Von der Kirche und von kirchlichen
233 1083 1442 1123 Einrichtungen schweigt sie, enthält aber auch nichts, was dem
234 1133 660 1164 Christentum zuwiderliefe.
312 1177 1443 1213 Neben niederdeutschen Wörtern, die sie mit der Lex Ribuaria
236 1223 1443 1265 oder Saxonum gemein hat , enthält die Lex Angliorum zweifellos alt-
233 1272 1443 1311 hochdeutsche Wortformen , welche den Gedanken an eine nieder-
234 1321 1092 1356 deutsche Heimat des Volksrechtes ausschlieſsen .
313 1369 1443 1408 Die Lex stammt aus karolingischer Zeit, denn sie kennt die
234 1416 1443 1454 fränkische Bannbuſse von 60 solidi, welche Karl der Groſse bei den
234 1464 1444 1501 verschiedenen nichtfränkischen Stämmen zur Geltung brachte. Wahr-
235 1511 1443 1548 scheinlich ist sie gleichzeitig mit der sächsischen, also in den Jahren
234 1559 1442 1594 802 oder 803 entstanden. Wenigstens würde sich dadurch die Verwandt-
235 1604 1443 1645 schaft der beiden Leges, soweit sie über die gemeinschaftliche Be-
235 1651 1327 1694 nutzung der Lex Ribuaria hinausgeht, am einfachsten erklären.
232 153 290 182 352
358 1758 732 1790 Vgl. oben S 226 Anm 11.
356 1794 1443 1827 Den Ausdruck wlitiwam (Antlitzverletzung) hat Lex Angl. c. 23 mit Lex
237 1836 894 1868 Sax. c. 5 gemein. Die Rib. kennt ihn nicht.
358 1853 1443 1907 Vgl. A. 16 mit Sax. 11 u. R. 6; A. 60 mit Sax. 60 u. R. 70, 5. — A. 57
237 1895 1417 1947 stimmt in der Fassung des Thatbestandes auffallend mit Lex Fris. 17, 4 überein.
356 1955 1007 1987 Z. B. sonesti für Herde, parricum, wlitiwam.
357 1994 1053 2027 Adaling für nobilis und nusca, Nusche, Spange.
357 2034 1051 2066 Darauf hat Schröder a. O. S 15 hingewiesen.
