1600 2404
184 222 1396 253 lichen Strafen bezeichnet oder diese nebst den Freiheits- und Ehren-
184 269 1395 308 strafen. Allein wenn man unter öffentlicher Strafe diejenige ver-
184 317 1397 354 steht, die dem Missethäter im Namen des Gemeinwesens zugefügt
185 364 1397 402 wird, so fallen unter diesen Begriff auch Vermögensstrafen, wie die
184 412 1395 455 Konfiskation, der fredus und der bannus. Andererseits giebt es pein-
184 460 1399 497 liche Strafen, insbesondere Todesstrafen, die nicht den Charakter
185 508 1396 545 der öffentlichen, sondern der Privatstrafe haben, weil sie den Ver-
184 556 1398 592 brecher nicht im Namen des Gemeinwesens treffen. Das Organ, das
186 602 1396 641 die Strafe vollzieht, ist für diesen Gegensatz unerheblich. Die öffent-
185 651 1396 682 liche Gewalt kann die öffentliche Strafe auch von dem Verletzten voll-
186 698 1398 736 strecken lassen, ohne daſs sie sich zur Privatstrafe gestaltet, weil sie
185 748 1182 785 nicht zugleich in den Willen des Verletzten gestellt wird.
265 794 1398 833 In den Quellen der fränkischen Zeit wird die Aufgabe des Staates,
186 843 1397 880 das Verbrechen zu strafen, in gelegentlichen Wendungen durch An-
185 889 1397 928 gabe verschiedenartiger Strafzwecke motiviert. Energisch wird mit-
185 937 1397 974 unter der religiöse, schon dem heidnisch-germanischen Strafrechte ge-
185 984 1397 1025 läufige Gedanke der Entsühnung des Gemeinwesens in einer dem
186 1032 1398 1072 Christentum angepassten Auffassung geltend gemacht. Das Verbrechen
186 1080 1400 1118 soll seine Strafe finden, damit Gottes Zorn versöhnt, gegenwärtiges
185 1129 1399 1170 Unheil beseitigt, bevorstehendes verhütet werde. Oder es wird als
185 1178 1401 1217 Zweck der Strafe die Reinigung des Landes von sündhafter Befleckung
185 1227 1399 1266 betont und unter diesem Gesichtspunkte die Vertilgung und Aus-
186 1276 1399 1316 rottung gewisser Missethäter verlangt. Obzwar die Quellen diesen
598 142 987 174 § 131. Das Strafensystem.
1336 145 1396 174 587
298 1383 1401 1417 Wilda, Strafrecht S. 487. Boehlau, S. 72. Vgl. v. Amira, Recht S. 177.
297 1424 593 1450 Siehe oben S. 472 f.
294 1461 1398 1491 Hälschner I 29. Boehlau S. 74. Waitz, VG IV 524. Günther
185 1502 565 1530 I 180. Glasson III 583.
297 1541 1399 1573 Guntchramni edictum v. J. 585, Cap. I 11: cognovimus infra regni nostri
190 1581 1399 1617 spatia universa scelera, quae canonibus et legibus pro divino timore puniri con-
187 1621 1400 1657 suerunt, .. perpetrari et ex hoc procul dubio indignatione coelesti .. homines
188 1661 1399 1698 ac pecora aut morbo consumi censentur aut gladio. Episcoporum ad Hludowicum
186 1701 1398 1734 relatio v. J. 829, c. 54, Cap. II 44: sunt sane diversorum malorum patratores,
188 1741 1400 1776 quos et lex divina improbat et condemnat, pro quorum etiam diversis sceleribus et
187 1780 1400 1817 flagitiis populus fame et pestilentia flagellatur et ecclesiae status infirmatur et
187 1820 1399 1857 regnum periclitatur. Karoli II concil. in Verno palatio v. J. 844, c. 12, Pertz LL
187 1860 1399 1895 I 385: videmus iram Dei nobis et vobis imminere .. pro rapinis et immanibus
188 1900 1399 1935 aliis sceleribus … Conv. Silvac. v. J. 853, c. 12, Pertz LL I 425: si aliquis ..
189 1939 1349 1977 rapinas vel depraedationes aut talia inlicita fecerit, de quibus Deus offendi solet …
298 1980 1399 2017 Cap. miss. v. J. 802, c. 25, I 96: castigentur (fures, latrones …) secundum
188 2019 1398 2056 legem, ut Deo largiente omnia haec mala a christiano populo auferantur. A. O. c. 33,
187 2059 1398 2095 I 97: ut auferatur penitus (incestuosum scelus) et inmunditia populo christiano.
188 2096 1397 2129 A. O. c. 37: Missi und Grafen sollen Verwandtenmörder in solcher vorläufigen
188 2136 1398 2175 Haft behalten, ut salvi sint nec caeterum populum quoinquinent. Cap. Pap. v. J. 850,
