1600 2404
431 175 1089 214 § 139. Diebstahl, Raub und Unterschlagung.
151 254 1362 297 fränkische Zeit hinaufreicht. Das burgundische Recht rechnet zum
150 303 1362 351 groſsen Diebstahl das Stehlen von Pferden und Rindvieh, wogegen
151 349 1360 394 Schwein, Schaf, Bienenstand und Ziege als Gegenstand kleinen Dieb-
150 398 1359 445 stahls gedacht sind. Bei den Bayern ist es todeswürdiger Diebstahl,
150 446 1360 489 wenn Gold, Silber, iumenta oder pecora oder ein Wert von min-
149 495 1358 535 destens zehn Solidi gestohlen wurden. Im Norden bildet die halbe
149 543 1359 585 Mark die Grenze des groſsen Diebstahls; doch wird Vieh- und
149 590 1058 633 Getreidediebstahl schlechtweg zum groſsen gerechnet.
228 638 1357 681 Der kleine Diebstahl war nicht nur nach oben, sondern auch
146 685 1357 731 nach unten hin abgegrenzt. Nach salischem Rechte beginnt er bei
146 733 1357 780 einem Werte von zwei Denaren. Auch das norwegische Recht kennt
144 782 1355 824 unter dem Namen hvinnska den Begriff einer unter dem kleinen Dieb-
148 830 1354 879 stahl stehenden Mauserei. Völlig buſslos bleibt der Mundraub; so
144 879 1354 926 nach Rothari 296 der Fall, wenn jemand in einem fremden Weinberge
144 928 886 965 sich nicht mehr als drei Trauben aneignet.
223 976 1352 1014 In Bezug auf Art und Maſs der Strafe machen die meisten Rechte
1301 187 1357 216 641
176 2220 1195 2250 Binding, Handbuch. II. 1. II: Brunner, Deutsche Rechtsgesch. II. 41
262 1094 1350 1130 Leges Burchardi episcopi Wormatiensis von circa 1024, c. 32. Landfriede
143 1135 1352 1173 vom Ende des 11. Jahrhunderts bei Waitz, Urk. zur d. VG 2. A. S. 30, c. 3: si
141 1175 1350 1216 quis ultra precium quinque solidorum furetur …, oculi eius eruantur aut pes aut
139 1215 1349 1257 manus abscidantur. Siehe die Stellen bei Osenbrüggen, Alam. Strafr. S. 301,
139 1256 1350 1297 bei Köstlin Kr.Ü. III 176, Anm. 6 und bei Temme a. O. S. 31 ff. Bouteiller,
140 1297 1349 1333 Somme rurale II 39 (ed. 1611, S. 866): item qui est trouvé avoir emblé la valeur
139 1337 1348 1372 de 5 sols et en dessous iusques à la valeur de douze deniers, chet en l’amende
139 1377 1347 1413 d’avoir couppé l’oreille et estre banny de la terre … mais pour le second (larcin) il
138 1415 1348 1454 est pendable. In der peinlichen Gerichtsordnung Karls V. sind aus den fünf Schillingen
137 1454 1347 1493 fünf Gulden geworden. Siehe Brunnenmeister, Die Quellen der Bambergensis
138 1494 1347 1528 S. 96 f. Die 13 Pfennige des Bamberger Stadtrechtes erklären sich aus dem alt-
140 1534 1349 1570 salischen Satze von 1 Solidus (12 Den. der Silberwährung), der hier die oberste
139 1574 784 1606 Grenze des kleinen Diebstahls geworden ist.
256 1614 1346 1653 Lex Burg. 4, 1. 3; 70, 1. 3. Die Wertgrenze ist ein Solidus; denn soviel
134 1655 1347 1692 beträgt der Wert der Kuh. Den Ansätzen der Lex Burg. entspricht es, wenn in
136 1695 1346 1728 Lex Sal. 38, 11, Cod. 5 ff. Emendata 40, 12 auf das Stehlen von Pferd oder iumen-
133 1734 1085 1770 tum (eines Ochsen in 3, 3) die Buſse von 35 Solidi gesetzt wird.
254 1775 1346 1813 Lex Baiuw. IX 8, eine Stelle, die mitunter dahin ausgelegt wird, daſs auch
132 1816 1346 1853 iumentum und pecus mindestens zehn Solidi wert sein muſsten, was bei den Vieh-
131 1856 1347 1898 preisen jener Zeit nicht möglich war, wie aus Lex Alam. 62; 68, 2. 3; 71 gefolgert
131 1897 1345 1931 werden muſs. Vgl. Alfred 9, 2: Ehedem gab es Golddiebe und Stutendiebe und
130 1935 1346 1977 Bienendiebe und manche Wetten gröſser als andere. Nun sind alle gleich auſser
130 1978 1344 2010 bei dem Menschendiebe. — Kampfwürdig war nach Lex Baiuw. IX 3 der Diebstahl
129 2017 1344 2051 von zwölf Solidi und der Diebstahl, der an einem Knechte oder an einem Pferde
129 2057 1345 2097 gleichen Wertes begangen wurde. Im anglo-warnischen Rechte begann der kampf-
128 2097 1026 2131 würdige Diebstahl bei zwei Solidi. Lex Angl. et Werin. 56.
249 2137 1342 2173 Wilda, Strafrecht S. 871. 875. Ursprünglich war der Betrag niedriger.
249 2178 878 2211 v. Amira, Vollstreckungsverfahren S. 166.
