1600 2404
233 281 1471 325 dann durch weitere Vergabungen kleine Vassallen in den Stand setzten,
233 330 733 366 sich reitermäſsig auszurüsten.
313 377 1438 415 Den Wendepunkt in der Geschichte des fränkischen Heerwesens
230 425 1439 464 bezeichnet die Thatsache, daſs Pippin 755 mit Rücksicht auf die Rei-
231 473 1437 505 terei das Märzfeld in ein Maifeld verwandelte. Die Heere Karls
232 520 1437 558 des Groſsen waren zum guten Teile Reiterheere. Die Schlachten, in
232 569 1435 607 welchen die Söhne und Nachfolger Ludwigs I. ihre Kräfte maſsen,
231 615 1438 653 waren im wesentlichen Reiterschlachten. Gegen Ausgang des neunten
230 663 1435 703 Jahrhunderts sind die Franken des Fuſskampfes so sehr entwöhnt,
231 712 1441 749 daſs es die Zeitgenossen etwas Auſserordentliches dünkt, als Arnulf
231 759 1435 795 891 ein normannisches Lager von seinen Franken, nachdem sie ab-
229 806 1434 845 gesessen, zu Fuſs erstürmen lieſs, weil die feindliche Stellung einen
230 854 1435 891 Reiterangriff unmöglich machte. Hat Karl der Groſse sicherlich noch
230 902 1436 943 Fuſstruppen in gröſserer Zahl verwendet, so scheint Ludwig I. für
230 952 1436 990 einzelne Feldzüge, Karl II. in der Regel nur berittene Mannschaften
229 1000 1433 1038 aufgeboten zu haben. Länger hielten die ostrheinischen Stämme den
228 1048 1432 1079 Fuſsdienst fest. Bei ihnen ist das Reiterwesen erst in der nachfrän-
227 1097 840 1133 kischen Zeit völlig durchgedrungen.
308 1144 1433 1181 Mit der Veränderung der militärischen Technik wurde die Aus-
228 1191 1434 1230 rüstung des Wehrmanns eine andere. Sie wurde eine kostspieligere.
228 1238 1435 1274 In karolingischer Zeit hören wir nichts mehr von den altnationalen
228 1285 1435 1327 Waffen der Franken, wie denn auch die keilförmige Schlachtordnung
229 1333 1434 1371 der germanischen Infanterieheere verschwindet. Die altfränkische
228 1382 1434 1419 Streitaxt, die unter der geringschätzigen Bezeichnung fustis, baculus
227 1429 1434 1469 noch im gerichtlichen Zweikampfe eine Rolle spielte, durfte, wie es
227 1479 1434 1516 scheint, zur Ausrüstung nicht mehr verwendet werden. Denn sie ist
227 1527 1433 1565 wohl inbegriffen, wenn Karl der Groſse verbietet, mit einem baculus
584 201 1089 234 § 87. Wehrpflicht und Heerwesen.
234 202 293 231 208
227 1645 1433 1678 Abt ist, daſs dessen Vassall, Patericus, Güter des Klosters rechtswidrig inne
226 1684 1434 1718 habe, und drohen, mit einer Reklamation an König Odo zu gehen. Rotbert fragt
227 1723 1434 1756 den Vogt auf seinen Eid, um wie viel Schilde Patericus für die streitigen Güter
227 1762 1435 1797 seinen Dienst erhöht habe. Der Vogt antwortet: nur um drei. Darauf erklärt der
230 1801 1437 1834 Graf und Abt, um drei Schilde wolle er sein Seelenheil nicht gefährden, und re-
226 1840 1434 1873 vestiert sofort den Vogt der Kirche mittelst eines Messers. Patericus, der Vassall
226 1880 1433 1910 des Grafen Rotbert, hatte die Güter der Kirche von ihm als Benefizium erhalten
225 1919 1433 1953 und zu den Benefizien geschlagen, die er sonst von seinem Senior besaſs. Für die
225 1959 1432 1991 Vergröſserung des Benefiziums rüstet er drei Reiter mehr aus als vorher. Vermut-
225 1996 1287 2033 lich hatte er die Kirchengüter an drei Aftervassallen des Grafen vergabt.
348 2039 619 2064 Siehe oben S. 128.
348 2079 1433 2115 Zum Jahre 892 erwähnt sie noch Richer, Hist. I, c. 8, in einem Falle, da
225 2119 1434 2153 die Landwehr gegen die Normannen aufgeboten war. Im Jahre 1066 verwendeten
224 2155 979 2193 sie die Angelsachsen in der Schlacht bei Hastings.
346 2199 621 2231 Siehe unten § 108.
