1600 2404
164 251 1371 294 Lex Romana Curiensis dem Producenten die Pflicht auf, die Urkunde
163 299 1369 337 eidlich zu erhärten, und zwar wenn das Gericht es durch Urteil
162 346 299 383 verlangt.
243 394 1369 438 Das ribuarische Verfahren, welches die Verteidigung der Urkunde
160 442 1369 483 durch Schreiber und Zeugen erfolgen läſst, ist im Laufe der Zeit
161 490 1368 533 mehr und mehr auch in Neustrien eingedrungen, selbst in Gebiete
161 538 1368 581 westgotischen Rechtes und namentlich in Burgund, wo Schreiber
158 585 1367 629 und Zeugen, um der Pflicht der Verteidigung zu entgehen, sich bei
158 632 1362 678 dem Urkundungsakte nicht selten vom Aussteller versprechen lassen,
159 680 1365 724 daſs er für die Urkunde im Fall der Anfechtung persönlich eintreten
158 728 1364 772 werde. Doch machen es im salischen Freiheitsprozesse, wenn eine
157 775 1364 821 Freilassungsurkunde produciert wurde, noch karolingische Kapitularien
155 822 1364 863 dem Scheltenden zur Pflicht, seinerseits den Beweis der Unwahrheit
154 869 1363 910 der Urkunde zu führen. In Italien ist es in der Zeit der fränkischen
154 916 1361 963 Herrschaft das ribuarische Prinzip, welches das heimische, das lango-
154 966 1317 1006 bardische Recht umgestaltet. Ein Kapitular Ludwigs II. bestimmt,
157 1014 1363 1054 daſs Notar und Zeugen, oder, falls diese verstorben sind, der Notar mit
154 1062 1361 1101 zwölf Eidhelfern die angefochtene Urkunde erhärten sollen. Nach
152 1110 1360 1149 einem Gesetze Widos schwört der Scheltende zunächst einen Voreid.
153 1159 1361 1202 Die Verteidigung führen der Notar selbzwölft und die Zeugen durch
151 1206 1360 1246 ihren Eid. Auſserdem schwört aber auch der Producent einen Zwölfer-
152 1254 1359 1298 eid. Ist der Notar gestorben, so tritt Schriftvergleichung mit zwei
1314 183 1373 211 425
612 175 926 206 § 107. Die Urkunde.
151 1374 1358 1409 habuerit, ipse faciat iuramentum. Die Cautio mit der Satzungsklausel wird be-
151 1413 1355 1446 handelt wie die wadia (pignus) in c. 35 a. O., wo es heiſst: illi tribuatur arbitrium
149 1452 1200 1486 iurandi, qui pignus habuerit. Vgl. Val de Liévre, Launegild S. 221.
271 1491 1355 1527 Lex Rom. Cur. XI 14: si quis homo qualecunque carta in iudicio presen-
147 1530 1356 1568 taverit, si ei iudicatum fuerit, ipse eam per sacramentum firmare debet, que legi-
146 1569 349 1594 tima carta sit.
268 1608 1354 1647 H. 351: Urteil, daſs der Bischof und sein Vogt zur Erhärtung der vom
146 1648 1354 1686 Gegner durchstoſsenen Urkunde donent quinque homines firmatores ipsius noticie ..
146 1688 1353 1727 atque (so ist statt aetatum zu lesen) advocatum ipsius cancellarii, qui ipsam noti-
145 1727 1352 1762 ciam legibus iurantes veram adfirment. Vgl. H. Brunner, Carta u. Notitia S. 585.
266 1766 775 1798 Breſslau, Urkundenbeweis S. 27.
266 1807 1353 1843 Cap. legi Sal. add. v. J. 819, c. 11, I 293. Responsa misso cuidam data
143 1847 1352 1887 801—814, c. 7, I 145: Nequaquam hoc volumus, quod servus suam cartam pro-
142 1887 1351 1926 priam probare debeat; sed dominus, qui ipsum servum quaerit, ipse, si poterit,
142 1927 1352 1966 ipsam cartam falsam depraehendat. — Ein Kapitular unsicheren Ursprungs und
144 1966 1351 2006 Geltungsgebietes, Cap. I 215, c. 7, gestattet dem Beklagten in Ermangelung von
141 2005 1350 2038 auctor und Zeugen, daſs er mit zwei Urkunden desselben cancellarius die Frei-
141 2045 1350 2079 lassungsurkunde veracem et legitimam esse confirmet. Wenn auch dieses Auskunfts-
141 2084 1349 2123 mittel fehlt, ipse, qui eum inscripsit (der Kläger) secundum legem, cartam ipsam fal-
140 2123 309 2149 sam efficiat.
262 2163 1018 2200 Cap. Pap. pro lege tenendum v. J. 856, c. 6, II 91.
