<?xml version="1.0" encoding="UTF-8"?>
<PcGts xmlns="http://schema.primaresearch.org/PAGE/gts/pagecontent/2019-07-15" xmlns:xsi="http://www.w3.org/2001/XMLSchema-instance" xsi:schemaLocation="http://schema.primaresearch.org/PAGE/gts/pagecontent/2019-07-15 http://schema.primaresearch.org/PAGE/gts/pagecontent/2019-07-15/pagecontent.xsd">
<Metadata>
<Creator>KK-regJS2PAGE.py</Creator>
<Created>2021-01-18T15:25:49.737418</Created>
<LastChange>2021-01-18T15:25:49.737418</LastChange>
</Metadata>
<Page imageFilename="brunner_rechtsgeschichte01_1887_0344.png" imageWidth="1600" imageHeight="2367">
<TextRegion id="block_0" custom="structure {type:header;}">
<Coords points="590,128 590,161 1059,161 1059,128 590,128"/>
<TextLine id="line_0">
<Coords points="590,128 603,128 621,128 659,128 693,129 740,129 757,129 838,129 855,129 1059,129 1059,161 855,161 838,160 757,160 740,153 693,153 659,153 621,153 603,159 590,159 590,128"/>
<Baseline points="590,159 603,159 621,153 659,153 693,153 740,153 757,160 838,160 855,161 1059,161"/>
<TextEquiv><Unicode>§ 43. Die Leges Wisigothorum.</Unicode></TextEquiv>
</TextLine>

</TextRegion>
<TextRegion id="block_1" custom="structure {type:body;}">
<Coords points="219,207 219,246 219,254 219,292 219,302 219,340 219,348 219,389 219,397 219,435 221,445 221,482 220,491 220,531 220,547 301,547 301,587 301,594 220,594 220,632 221,641 221,682 221,687 221,728 221,734 221,780 220,783 220,821 220,832 220,871 220,880 220,920 219,928 219,966 220,976 220,1016 219,1022 219,1063 220,1070 220,1109 220,1117 220,1158 220,1164 220,1204 220,1211 220,1250 221,1260 221,1297 220,1309 220,1348 220,1353 220,1396 221,1401 221,1443 220,1448 220,1491 1431,1491 1431,1448 1432,1443 1432,1401 1432,1396 1432,1353 1434,1348 1434,1309 1432,1297 1432,1260 1433,1250 1433,1211 1434,1204 1434,1164 1431,1158 1431,1117 1430,1109 1430,1070 1430,1063 1430,1022 1431,1016 1431,976 1429,966 1429,928 1430,920 1430,880 1429,871 1429,832 1430,821 1430,783 1428,780 1428,734 1429,728 1429,687 1424,682 1424,641 1429,632 1429,594 1434,587 1434,547 1176,547 1176,531 1176,491 1430,491 1430,482 1430,445 1429,435 1429,397 1429,389 1429,348 1431,340 1431,302 1427,292 1427,254 1426,246 1426,207 219,207"/>
<TextLine id="line_1">
<Coords points="219,207 411,207 446,208 507,208 537,208 769,208 800,208 894,208 927,209 958,209 993,209 1123,209 1153,212 1288,212 1321,219 1426,219 1426,241 1321,241 1288,246 1153,246 1123,246 993,246 958,238 927,238 894,238 800,238 769,244 537,244 507,237 446,237 411,243 219,243 219,207"/>
<Baseline points="219,243 411,243 446,237 507,237 537,244 769,244 800,238 894,238 927,238 958,238 993,246 1123,246 1153,246 1288,246 1321,241 1426,241"/>
<TextEquiv><Unicode>ostgotisches und burgundisches Recht in Geltung getreten waren.</Unicode></TextEquiv>
</TextLine>

<TextLine id="line_2">
<Coords points="219,254 287,254 308,254 429,254 449,255 587,255 604,255 674,255 695,255 778,255 800,256 852,256 873,257 1021,257 1042,267 1079,267 1100,257 1208,257 1239,258 1348,258 1368,258 1427,258 1427,287 1368,287 1348,287 1239,287 1208,292 1100,292 1079,287 1042,287 1021,286 873,286 852,285 800,285 778,284 695,284 674,292 604,292 587,284 449,284 429,284 308,284 287,283 219,283 219,254"/>
<Baseline points="219,283 287,283 308,284 429,284 449,284 587,284 604,292 674,292 695,284 778,284 800,285 852,285 873,286 1021,286 1042,287 1079,287 1100,292 1208,292 1239,287 1348,287 1368,287 1427,287"/>
<TextEquiv><Unicode>Ihre Heimat scheinen jene Teile der Provence zu sein , welche 477</Unicode></TextEquiv>
</TextLine>

<TextLine id="line_3">
<Coords points="219,304 307,304 337,302 384,302 412,302 584,302 611,303 749,303 782,304 860,304 886,304 916,304 945,305 1226,305 1249,305 1347,305 1376,306 1431,306 1431,335 1376,335 1347,333 1249,333 1226,340 945,340 916,332 886,332 860,332 782,332 749,337 611,337 584,331 412,331 384,331 337,331 307,330 219,330 219,304"/>
<Baseline points="219,330 307,330 337,331 384,331 412,331 584,331 611,337 749,337 782,332 860,332 886,332 916,332 945,340 1226,340 1249,333 1347,333 1376,335 1431,335"/>
<TextEquiv><Unicode>unter die Herrschaft Eurichs, dann in vorübergehenden Besitz der</Unicode></TextEquiv>
</TextLine>

<TextLine id="line_4">
<Coords points="219,348 396,348 423,350 543,350 570,358 669,358 697,350 757,350 787,350 844,350 867,351 938,351 960,351 1018,351 1046,361 1104,361 1133,352 1190,352 1212,351 1355,351 1384,361 1429,361 1429,382 1384,382 1355,389 1212,389 1190,381 1133,381 1104,381 1046,381 1018,380 960,380 938,380 867,380 844,378 787,378 757,378 697,378 669,378 570,378 543,387 423,387 396,386 219,386 219,348"/>
<Baseline points="219,386 396,386 423,387 543,387 570,378 669,378 697,378 757,378 787,378 844,378 867,380 938,380 960,380 1018,380 1046,381 1104,381 1133,381 1190,381 1212,389 1355,389 1384,382 1429,382"/>
<TextEquiv><Unicode>Burgunder gelangt waren und 510 oder 523 von den Ostgoten er-</Unicode></TextEquiv>
</TextLine>

<TextLine id="line_5">
<Coords points="219,397 339,397 361,397 491,397 534,397 650,397 679,398 726,398 746,398 1016,398 1043,400 1096,400 1122,400 1176,400 1205,401 1271,401 1293,400 1429,400 1429,430 1293,430 1271,429 1205,429 1176,429 1122,429 1096,429 1043,429 1016,435 746,435 726,427 679,427 650,427 534,427 491,426 361,426 339,426 219,426 219,397"/>
<Baseline points="219,426 339,426 361,426 491,426 534,427 650,427 679,427 726,427 746,435 1016,435 1043,429 1096,429 1122,429 1176,429 1205,429 1271,429 1293,430 1429,430"/>
<TextEquiv><Unicode>worben wurden. Gerade die Mannigfaltigkeit der mit dem Wechsel</Unicode></TextEquiv>
</TextLine>

<TextLine id="line_6">
<Coords points="221,445 274,445 288,445 459,445 480,446 730,446 745,445 973,445 995,447 1100,447 1122,448 1186,448 1205,449 1256,449 1271,448 1430,448 1430,478 1271,478 1256,477 1205,477 1186,477 1122,477 1100,477 995,477 973,482 745,482 730,475 480,475 459,474 288,474 274,474 221,474 221,445"/>
<Baseline points="221,474 274,474 288,474 459,474 480,475 730,475 745,482 973,482 995,477 1100,477 1122,477 1186,477 1205,477 1256,477 1271,478 1430,478"/>
<TextEquiv><Unicode>der Herrschaft überkommenen Rechtsquellen muſste hier das Bedürfnis</Unicode></TextEquiv>
</TextLine>

<TextLine id="line_7">
<Coords points="220,492 295,492 317,492 399,492 420,492 658,492 678,491 1001,491 1023,503 1176,503 1176,531 1023,531 1001,531 678,531 658,522 420,522 399,521 317,521 295,521 220,521 220,492"/>
<Baseline points="220,521 295,521 317,521 399,521 420,522 658,522 678,531 1001,531 1023,531 1176,531"/>
<TextEquiv><Unicode>nach einer orientierenden Rechtsaufzeichnung erzeugen.</Unicode></TextEquiv>
</TextLine>

<TextLine id="line_8">
<Coords points="301,548 357,548 379,547 566,547 595,548 720,548 741,548 788,548 809,548 926,548 947,549 1123,549 1152,551 1335,551 1365,551 1434,551 1434,580 1365,580 1335,587 1152,587 1123,586 947,586 926,577 809,577 788,577 741,577 720,577 595,577 566,584 379,584 357,576 301,576 301,548"/>
<Baseline points="301,576 357,576 379,584 566,584 595,577 720,577 741,577 788,577 809,577 926,577 947,586 1123,586 1152,587 1335,587 1365,580 1434,580"/>
<TextEquiv><Unicode>Die Sammlung, welcher die Pariser Fragmente angehören, darf</Unicode></TextEquiv>
</TextLine>

<TextLine id="line_9">
<Coords points="220,594 301,594 321,595 376,595 397,595 454,595 475,595 569,595 590,595 728,595 751,595 802,595 823,594 884,594 905,595 1151,595 1184,598 1236,598 1262,598 1350,598 1375,599 1429,599 1429,628 1375,628 1350,627 1262,627 1236,627 1184,627 1151,632 905,632 884,623 823,623 802,623 751,623 728,631 590,631 569,631 475,631 454,623 397,623 376,624 321,624 301,624 220,624 220,594"/>
<Baseline points="220,624 301,624 321,624 376,624 397,623 454,623 475,631 569,631 590,631 728,631 751,623 802,623 823,623 884,623 905,632 1151,632 1184,627 1236,627 1262,627 1350,627 1375,628 1429,628"/>
<TextEquiv><Unicode>nicht mit den Leges antiquae der Lex Wisigothorum, das heiſst mit</Unicode></TextEquiv>
</TextLine>

<TextLine id="line_10">
<Coords points="221,642 273,642 285,641 469,641 480,642 532,642 542,642 793,642 810,642 857,642 870,642 999,642 1011,644 1058,644 1068,644 1248,644 1263,645 1424,645 1424,682 1263,682 1248,681 1068,681 1058,672 1011,672 999,672 870,672 857,670 810,670 793,676 542,676 532,670 480,670 469,670 285,670 273,670 221,670 221,642"/>
<Baseline points="221,670 273,670 285,670 469,670 480,670 532,670 542,676 793,676 810,670 857,670 870,672 999,672 1011,672 1058,672 1068,681 1248,681 1263,682 1424,682"/>
<TextEquiv><Unicode>der Gesamtheit der Konstitutionen, die daselbst die Inskription „Antiqua“</Unicode></TextEquiv>
</TextLine>

<TextLine id="line_11">
<Coords points="221,687 389,687 411,687 600,687 615,689 741,689 784,689 845,689 859,689 972,689 990,690 1043,690 1057,690 1150,690 1170,692 1309,692 1329,692 1367,692 1382,693 1429,693 1429,721 1382,721 1367,720 1329,720 1309,728 1170,728 1150,727 1057,727 1043,719 990,719 972,726 859,726 845,717 784,717 741,717 615,717 600,716 411,716 389,722 221,722 221,687"/>
<Baseline points="221,722 389,722 411,716 600,716 615,717 741,717 784,717 845,717 859,726 972,726 990,719 1043,719 1057,727 1150,727 1170,728 1309,728 1329,720 1367,720 1382,721 1429,721"/>
<TextEquiv><Unicode>aufweisen, identifiziert werden. Der Begriff der Leges antiquae ist ein</Unicode></TextEquiv>
</TextLine>

<TextLine id="line_12">
<Coords points="221,735 372,735 395,735 473,735 495,744 527,744 547,734 616,734 636,745 703,745 725,736 891,736 913,737 959,737 982,738 1184,738 1204,738 1428,738 1428,780 1204,780 1184,774 982,774 959,767 913,767 891,766 725,766 703,765 636,765 616,765 547,765 527,764 495,764 473,764 395,764 372,770 221,770 221,735"/>
<Baseline points="221,770 372,770 395,764 473,764 495,764 527,764 547,765 616,765 636,765 703,765 725,766 891,766 913,767 959,767 982,774 1184,774 1204,780 1428,780"/>
<TextEquiv><Unicode>weiterer, denn er faſst zum mindesten die westgotische Königsgesetz-</Unicode></TextEquiv>
</TextLine>

<TextLine id="line_13">
<Coords points="220,783 339,783 367,783 411,783 437,793 504,793 526,783 683,783 712,785 763,785 790,785 942,785 963,785 1178,785 1202,787 1233,787 1262,787 1331,787 1374,788 1430,788 1430,817 1374,817 1331,817 1262,817 1233,816 1202,816 1178,816 963,816 942,815 790,815 763,814 712,814 683,821 526,821 504,813 437,813 411,813 367,813 339,820 220,820 220,783"/>
<Baseline points="220,820 339,820 367,813 411,813 437,813 504,813 526,821 683,821 712,814 763,814 790,815 942,815 963,816 1178,816 1202,816 1233,816 1262,817 1331,817 1374,817 1430,817"/>
<TextEquiv><Unicode>gebung bis zum Ausgange des siebenten Jahrhunderts in sich. Mit</Unicode></TextEquiv>
</TextLine>

<TextLine id="line_14">
<Coords points="220,832 361,832 381,832 471,832 498,833 546,833 566,833 701,833 723,833 838,833 866,844 902,844 930,835 1033,835 1061,836 1100,836 1127,835 1173,835 1201,836 1258,836 1280,836 1367,836 1398,837 1429,837 1429,865 1398,865 1367,871 1280,871 1258,865 1201,865 1173,864 1127,864 1100,864 1061,864 1033,864 930,864 902,863 866,863 838,863 723,863 701,862 566,862 546,862 498,862 471,862 381,862 361,861 220,861 220,832"/>
<Baseline points="220,861 361,861 381,862 471,862 498,862 546,862 566,862 701,862 723,863 838,863 866,863 902,863 930,864 1033,864 1061,864 1100,864 1127,864 1173,864 1201,865 1258,865 1280,871 1367,871 1398,865 1429,865"/>
<TextEquiv><Unicode>welchem Jahre die zeitliche Grenze zu ziehen ist für den Sinn, in</Unicode></TextEquiv>
</TextLine>

<TextLine id="line_15">
<Coords points="220,880 360,880 391,880 439,880 472,880 533,880 559,881 790,881 823,882 870,882 898,882 1077,882 1105,883 1234,883 1265,885 1430,885 1430,920 1265,920 1234,920 1105,920 1077,920 898,920 870,911 823,911 790,918 559,918 533,910 472,910 439,910 391,910 360,910 220,910 220,880"/>
<Baseline points="220,910 360,910 391,910 439,910 472,910 533,910 559,918 790,918 823,911 870,911 898,920 1077,920 1105,920 1234,920 1265,920 1430,920"/>
<TextEquiv><Unicode>welchem die Lex Wisigothorum die Inskription Antiqua anwendet,</Unicode></TextEquiv>
</TextLine>

<TextLine id="line_16">
<Coords points="219,928 289,928 316,928 377,928 405,929 517,929 544,929 625,929 650,930 705,930 731,929 895,929 922,931 1111,931 1149,932 1186,932 1216,932 1262,932 1292,941 1344,941 1372,933 1429,933 1429,961 1372,961 1344,961 1292,961 1262,961 1216,961 1186,960 1149,960 1111,966 922,966 895,959 731,959 705,958 650,958 625,958 544,958 517,957 405,957 377,957 316,957 289,957 219,957 219,928"/>
<Baseline points="219,957 289,957 316,957 377,957 405,957 517,957 544,958 625,958 650,958 705,958 731,959 895,959 922,966 1111,966 1149,960 1186,960 1216,961 1262,961 1292,961 1344,961 1372,961 1429,961"/>
<TextEquiv><Unicode>läſst sich derzeit nicht mit Sicherheit bestimmen, da die aus den</Unicode></TextEquiv>
</TextLine>

<TextLine id="line_17">
<Coords points="220,976 429,976 447,976 604,976 623,977 684,977 706,985 758,985 772,977 1000,977 1022,979 1191,979 1212,979 1431,979 1431,1016 1212,1016 1191,1007 1022,1007 1000,1007 772,1007 758,1006 706,1006 684,1006 623,1006 604,1012 447,1012 429,1012 220,1012 220,976"/>
<Baseline points="220,1012 429,1012 447,1012 604,1012 623,1006 684,1006 706,1006 758,1006 772,1007 1000,1007 1022,1007 1191,1007 1212,1016 1431,1016"/>
<TextEquiv><Unicode>vorliegenden Ausgaben und aus Handschriften bekannten Inskriptionen</Unicode></TextEquiv>
</TextLine>

<TextLine id="line_18">
<Coords points="219,1022 344,1022 373,1024 663,1024 691,1025 751,1025 780,1028 840,1028 868,1026 933,1026 961,1026 1101,1026 1125,1026 1261,1026 1289,1028 1342,1028 1370,1028 1430,1028 1430,1057 1370,1057 1342,1056 1289,1056 1261,1063 1125,1063 1101,1055 961,1055 933,1054 868,1054 840,1054 780,1054 751,1053 691,1053 663,1060 373,1060 344,1052 219,1052 219,1022"/>
<Baseline points="219,1052 344,1052 373,1060 663,1060 691,1053 751,1053 780,1054 840,1054 868,1054 933,1054 961,1055 1101,1055 1125,1063 1261,1063 1289,1056 1342,1056 1370,1057 1430,1057"/>
<TextEquiv><Unicode>vielfach auseinandergehen und erst eine kritische Ausgabe der Lex</Unicode></TextEquiv>
</TextLine>

<TextLine id="line_19">
<Coords points="220,1071 251,1071 280,1071 376,1071 401,1071 571,1071 602,1070 675,1070 704,1071 896,1071 926,1072 1054,1072 1085,1073 1226,1073 1268,1074 1430,1074 1430,1104 1268,1104 1226,1103 1085,1103 1054,1102 926,1102 896,1109 704,1109 675,1100 602,1100 571,1107 401,1107 376,1100 280,1100 251,1099 220,1099 220,1071"/>
<Baseline points="220,1099 251,1099 280,1100 376,1100 401,1107 571,1107 602,1100 675,1100 704,1109 896,1109 926,1102 1054,1102 1085,1103 1226,1103 1268,1104 1430,1104"/>
<TextEquiv><Unicode>in dieser Beziehung feste Grundlagen schaffen dürfte . Jedenfalls</Unicode></TextEquiv>
</TextLine>

<TextLine id="line_20">
<Coords points="220,1117 376,1117 405,1118 452,1118 480,1118 574,1118 603,1119 741,1119 776,1120 823,1120 853,1120 1077,1120 1105,1122 1272,1122 1301,1123 1332,1123 1360,1123 1431,1123 1431,1158 1360,1158 1332,1151 1301,1151 1272,1157 1105,1157 1077,1157 853,1157 823,1148 776,1148 741,1155 603,1155 574,1154 480,1154 452,1146 405,1146 376,1146 220,1146 220,1117"/>
<Baseline points="220,1146 376,1146 405,1146 452,1146 480,1154 574,1154 603,1155 741,1155 776,1148 823,1148 853,1157 1077,1157 1105,1157 1272,1157 1301,1151 1332,1151 1360,1158 1431,1158"/>
<TextEquiv><Unicode>schlieſsen die Leges antiquae die Gesetzgebung Leovigilds in sich,</Unicode></TextEquiv>
</TextLine>

<TextLine id="line_21">
<Coords points="220,1173 278,1173 301,1164 439,1164 461,1173 516,1173 538,1165 630,1165 652,1165 704,1165 726,1166 852,1166 874,1167 982,1167 1004,1169 1218,1169 1238,1170 1291,1170 1314,1169 1378,1169 1399,1178 1434,1178 1434,1198 1399,1198 1378,1197 1314,1197 1291,1203 1238,1203 1218,1204 1004,1204 982,1195 874,1195 852,1201 726,1201 704,1193 652,1193 630,1193 538,1193 516,1193 461,1193 439,1193 301,1193 278,1193 220,1193 220,1173"/>
<Baseline points="220,1193 278,1193 301,1193 439,1193 461,1193 516,1193 538,1193 630,1193 652,1193 704,1193 726,1201 852,1201 874,1195 982,1195 1004,1204 1218,1204 1238,1203 1291,1203 1314,1197 1378,1197 1399,1198 1434,1198"/>
<TextEquiv><Unicode>von welchem uns durch das Zeugnis Isidors sichergestellt ist, daſs er</Unicode></TextEquiv>
</TextLine>

<TextLine id="line_22">
<Coords points="220,1212 345,1212 361,1211 486,1211 507,1212 574,1212 596,1212 787,1212 811,1213 878,1213 897,1214 1053,1214 1074,1215 1134,1215 1157,1215 1249,1215 1267,1215 1433,1215 1433,1246 1267,1246 1249,1243 1157,1243 1134,1243 1074,1243 1053,1250 897,1250 878,1242 811,1242 787,1248 596,1248 574,1241 507,1241 486,1242 361,1242 345,1242 220,1242 220,1212"/>
<Baseline points="220,1242 345,1242 361,1242 486,1242 507,1241 574,1241 596,1248 787,1248 811,1242 878,1242 897,1250 1053,1250 1074,1243 1134,1243 1157,1243 1249,1243 1267,1246 1433,1246"/>
<TextEquiv><Unicode>Eurichs Gesetze teils verbesserte, teils beseitigte und durch zahlreiche</Unicode></TextEquiv>
</TextLine>

<TextLine id="line_23">
<Coords points="221,1261 324,1261 354,1260 478,1260 513,1260 689,1260 736,1260 818,1260 853,1262 900,1262 932,1261 1056,1261 1091,1262 1255,1262 1283,1263 1306,1263 1341,1262 1432,1262 1432,1293 1341,1293 1306,1292 1283,1292 1255,1292 1091,1292 1056,1291 932,1291 900,1291 853,1291 818,1291 736,1291 689,1290 513,1290 478,1291 354,1291 324,1297 221,1297 221,1261"/>
<Baseline points="221,1297 324,1297 354,1291 478,1291 513,1290 689,1290 736,1291 818,1291 853,1291 900,1291 932,1291 1056,1291 1091,1292 1255,1292 1283,1292 1306,1292 1341,1293 1432,1293"/>
<TextEquiv><Unicode>eigene Gesetze vermehrte. Auch die Gesetze Reccareds I. fallen</Unicode></TextEquiv>
</TextLine>

<TextLine id="line_24">
<Coords points="220,1309 296,1309 324,1310 459,1310 489,1310 560,1310 588,1310 662,1310 690,1319 757,1319 786,1310 914,1310 937,1310 1019,1310 1045,1313 1133,1313 1162,1311 1219,1311 1240,1311 1353,1311 1380,1313 1434,1313 1434,1342 1380,1342 1353,1348 1240,1348 1219,1341 1162,1341 1133,1340 1045,1340 1019,1340 937,1340 914,1347 786,1347 757,1340 690,1340 662,1339 588,1339 560,1339 489,1339 459,1339 324,1339 296,1339 220,1339 220,1309"/>
<Baseline points="220,1339 296,1339 324,1339 459,1339 489,1339 560,1339 588,1339 662,1339 690,1340 757,1340 786,1347 914,1347 937,1340 1019,1340 1045,1340 1133,1340 1162,1341 1219,1341 1240,1348 1353,1348 1380,1342 1434,1342"/>
<TextEquiv><Unicode>noch sämtlich oder doch zum gröſsten Teile unter den Begriff der</Unicode></TextEquiv>
</TextLine>

<TextLine id="line_25">
<Coords points="220,1356 315,1356 337,1357 485,1357 528,1357 599,1357 621,1366 654,1366 674,1359 927,1359 943,1359 1035,1359 1050,1368 1119,1368 1142,1360 1220,1360 1241,1359 1305,1359 1348,1353 1432,1353 1432,1390 1348,1390 1305,1389 1241,1389 1220,1389 1142,1389 1119,1394 1050,1394 1035,1396 943,1396 927,1394 674,1394 654,1386 621,1386 599,1385 528,1385 485,1392 337,1392 315,1391 220,1391 220,1356"/>
<Baseline points="220,1391 315,1391 337,1392 485,1392 528,1385 599,1385 621,1386 654,1386 674,1394 927,1394 943,1396 1035,1396 1050,1394 1119,1394 1142,1389 1220,1389 1241,1389 1305,1389 1348,1390 1432,1390"/>
<TextEquiv><Unicode>Leges antiquae. Daſs er gesetzgeberisch thätig war, steht fest. Über</Unicode></TextEquiv>
</TextLine>

<TextLine id="line_26">
<Coords points="221,1402 295,1402 317,1401 442,1401 468,1403 632,1403 660,1404 757,1404 785,1407 837,1407 865,1407 1061,1407 1089,1407 1282,1407 1311,1408 1371,1408 1400,1417 1432,1417 1432,1438 1400,1438 1371,1437 1311,1437 1282,1437 1089,1437 1061,1443 865,1443 837,1434 785,1434 757,1434 660,1434 632,1432 468,1432 442,1431 317,1431 295,1430 221,1430 221,1402"/>
<Baseline points="221,1430 295,1430 317,1431 442,1431 468,1432 632,1432 660,1434 757,1434 785,1434 837,1434 865,1443 1061,1443 1089,1437 1282,1437 1311,1437 1371,1437 1400,1438 1432,1438"/>
<TextEquiv><Unicode>zwei Gesetze Reccareds haben wir zuverlässige Nachricht  und es</Unicode></TextEquiv>
</TextLine>

<TextLine id="line_27">
<Coords points="220,1449 260,1449 280,1448 365,1448 386,1448 429,1448 451,1449 706,1449 740,1452 802,1452 825,1454 872,1454 891,1456 979,1456 1000,1455 1096,1455 1117,1455 1286,1455 1307,1454 1431,1454 1431,1491 1307,1491 1286,1491 1117,1491 1096,1483 1000,1483 979,1482 891,1482 872,1482 825,1482 802,1481 740,1481 706,1485 451,1485 429,1476 386,1476 365,1477 280,1477 260,1477 220,1477 220,1449"/>
<Baseline points="220,1477 260,1477 280,1477 365,1477 386,1476 429,1476 451,1485 706,1485 740,1481 802,1481 825,1482 872,1482 891,1482 979,1482 1000,1483 1096,1483 1117,1491 1286,1491 1307,1491 1431,1491"/>
<TextEquiv><Unicode>ist mehr als wahrscheinlich, daſs die unter seiner Regierung erfolgte</Unicode></TextEquiv>
</TextLine>

</TextRegion>
<TextRegion id="block_2" custom="structure {type:pageNum;}">
<Coords points="216,129 216,158 277,158 277,129 216,129"/>
<TextLine id="line_28">
<Coords points="216,129 277,129 277,158 216,158 216,129"/>
<Baseline points="216,158 277,158"/>
<TextEquiv><Unicode>326</Unicode></TextEquiv>
</TextLine>

</TextRegion>
<TextRegion id="block_3" custom="structure {type:note;}">
<Coords points="342,1550 342,1584 341,1589 341,1623 341,1629 219,1629 219,1665 220,1670 220,1695 220,1707 339,1707 339,1739 339,1748 219,1748 219,1781 219,1787 219,1818 219,1826 219,1861 218,1865 218,1902 222,1903 222,1940 221,1944 221,1979 221,1984 221,2021 221,2024 221,2057 220,2063 220,2098 220,2102 220,2135 847,2135 847,2102 1429,2102 1429,2098 1429,2063 1428,2057 1428,2024 1427,2021 1427,1984 1428,1979 1428,1944 1428,1940 1428,1903 1428,1902 1428,1865 1427,1861 1427,1826 1429,1818 1429,1787 1429,1781 1429,1748 1429,1739 1429,1707 409,1707 409,1695 409,1670 1428,1670 1428,1665 1428,1629 1431,1623 1431,1589 1226,1589 1226,1584 1226,1550 342,1550"/>
<TextLine id="line_29">
<Coords points="342,1551 399,1551 414,1551 490,1551 509,1550 554,1550 572,1550 700,1550 719,1551 844,1551 863,1553 907,1553 925,1554 1029,1554 1050,1554 1226,1554 1226,1584 1050,1584 1029,1578 925,1578 907,1577 863,1577 844,1582 719,1582 700,1574 572,1574 554,1575 509,1575 490,1582 414,1582 399,1577 342,1577 342,1551"/>
<Baseline points="342,1577 399,1577 414,1582 490,1582 509,1575 554,1575 572,1574 700,1574 719,1582 844,1582 863,1577 907,1577 925,1578 1029,1578 1050,1584 1226,1584"/>
<TextEquiv><Unicode>Und nicht, wie Zeumer annimmt, das östliche Septimanien.</Unicode></TextEquiv>
</TextLine>

<TextLine id="line_30">
<Coords points="341,1592 405,1592 423,1590 595,1590 613,1590 656,1590 674,1589 770,1589 787,1589 979,1589 1006,1592 1060,1592 1076,1592 1164,1592 1182,1593 1206,1593 1225,1593 1245,1593 1264,1594 1278,1594 1295,1597 1372,1597 1390,1594 1431,1594 1431,1619 1390,1619 1372,1617 1295,1617 1278,1616 1264,1616 1245,1621 1225,1621 1206,1616 1182,1616 1164,1623 1076,1623 1060,1615 1006,1615 979,1621 787,1621 770,1620 674,1620 656,1614 613,1614 595,1616 423,1616 405,1616 341,1616 341,1592"/>
<Baseline points="341,1616 405,1616 423,1616 595,1616 613,1614 656,1614 674,1620 770,1620 787,1621 979,1621 1006,1615 1060,1615 1076,1623 1164,1623 1182,1616 1206,1616 1225,1621 1245,1621 1264,1616 1278,1616 1295,1617 1372,1617 1390,1619 1431,1619"/>
<TextEquiv><Unicode>Eine Konstitution des Königs Reckessuinth, Lex Wisig. II 1, 5 nennt die</Unicode></TextEquiv>
</TextLine>

<TextLine id="line_31">
<Coords points="219,1632 294,1632 318,1638 380,1638 398,1632 429,1632 447,1631 594,1631 612,1631 650,1631 668,1633 786,1633 813,1629 846,1629 864,1629 1001,1629 1018,1638 1049,1638 1067,1630 1114,1630 1133,1631 1255,1631 1272,1632 1315,1632 1333,1633 1428,1633 1428,1665 1333,1665 1315,1657 1272,1657 1255,1656 1133,1656 1114,1655 1067,1655 1049,1654 1018,1654 1001,1660 864,1660 846,1653 813,1653 786,1660 668,1660 650,1655 612,1655 594,1663 447,1663 429,1656 398,1656 380,1663 318,1663 294,1663 219,1663 219,1632"/>
<Baseline points="219,1663 294,1663 318,1663 380,1663 398,1656 429,1656 447,1663 594,1663 612,1655 650,1655 668,1660 786,1660 813,1653 846,1653 864,1660 1001,1660 1018,1654 1049,1654 1067,1655 1114,1655 1133,1656 1255,1656 1272,1657 1315,1657 1333,1665 1428,1665"/>
<TextEquiv><Unicode>leges, quas ab antiquitate ius tenemus, im Gegensatz zu den Gesetzen des Königs</Unicode></TextEquiv>
</TextLine>

<TextLine id="line_32">
<Coords points="220,1670 409,1670 409,1695 220,1695 220,1670"/>
<Baseline points="220,1695 409,1695"/>
<TextEquiv><Unicode>Chindasuinth.</Unicode></TextEquiv>
</TextLine>

<TextLine id="line_33">
<Coords points="339,1710 389,1710 406,1710 495,1710 516,1710 655,1710 673,1711 692,1711 716,1711 777,1711 800,1708 848,1708 865,1707 1031,1707 1053,1710 1086,1710 1104,1718 1150,1718 1170,1711 1196,1711 1213,1711 1261,1711 1278,1712 1362,1712 1386,1714 1429,1714 1429,1739 1386,1739 1362,1738 1278,1738 1261,1735 1213,1735 1196,1735 1170,1735 1150,1735 1104,1735 1086,1734 1053,1734 1031,1733 865,1733 848,1733 800,1733 777,1734 716,1734 692,1734 673,1734 655,1735 516,1735 495,1734 406,1734 389,1734 339,1734 339,1710"/>
<Baseline points="339,1734 389,1734 406,1734 495,1734 516,1735 655,1735 673,1734 692,1734 716,1734 777,1734 800,1733 848,1733 865,1733 1031,1733 1053,1734 1086,1734 1104,1735 1150,1735 1170,1735 1196,1735 1213,1735 1261,1735 1278,1738 1362,1738 1386,1739 1429,1739"/>
<TextEquiv><Unicode>Ein Gesetz Reccareds I. über den Kindesmord ist uns in den Akten des</Unicode></TextEquiv>
</TextLine>

<TextLine id="line_34">
<Coords points="219,1749 243,1749 260,1749 363,1749 386,1757 435,1757 458,1749 553,1749 578,1758 597,1758 617,1750 647,1750 670,1750 819,1750 860,1748 909,1748 933,1748 1036,1748 1063,1751 1124,1751 1147,1751 1186,1751 1214,1751 1297,1751 1319,1753 1380,1753 1403,1754 1429,1754 1429,1778 1403,1778 1380,1777 1319,1777 1297,1776 1214,1776 1186,1775 1147,1775 1124,1775 1063,1775 1036,1774 933,1774 909,1772 860,1772 819,1781 670,1781 647,1774 617,1774 597,1774 578,1774 553,1774 458,1774 435,1773 386,1773 363,1773 260,1773 243,1773 219,1773 219,1749"/>
<Baseline points="219,1773 243,1773 260,1773 363,1773 386,1773 435,1773 458,1774 553,1774 578,1774 597,1774 617,1774 647,1774 670,1781 819,1781 860,1772 909,1772 933,1774 1036,1774 1063,1775 1124,1775 1147,1775 1186,1775 1214,1776 1297,1776 1319,1777 1380,1777 1403,1778 1429,1778"/>
<TextEquiv><Unicode>3. Konzils von Toledo c. 17 beglaubigt. Ein anderes über die Juden wird in</Unicode></TextEquiv>
</TextLine>

<TextLine id="line_35">
<Coords points="219,1787 274,1787 290,1787 378,1787 398,1788 446,1788 463,1788 485,1788 505,1788 534,1788 553,1789 669,1789 703,1788 888,1788 900,1787 1092,1787 1110,1790 1154,1790 1171,1791 1225,1791 1242,1792 1333,1792 1351,1792 1429,1792 1429,1817 1351,1817 1333,1817 1242,1817 1225,1815 1171,1815 1154,1815 1110,1815 1092,1814 900,1814 888,1814 703,1814 669,1813 553,1813 534,1812 505,1812 485,1818 463,1818 446,1812 398,1812 378,1818 290,1818 274,1811 219,1811 219,1787"/>
<Baseline points="219,1811 274,1811 290,1818 378,1818 398,1812 446,1812 463,1818 485,1818 505,1812 534,1812 553,1813 669,1813 703,1814 888,1814 900,1814 1092,1814 1110,1815 1154,1815 1171,1815 1225,1815 1242,1817 1333,1817 1351,1817 1429,1817"/>
<TextEquiv><Unicode>Lex Wisig. XII 2, 13 erwähnt. Verschiedene Handschriften der Lex weisen durch</Unicode></TextEquiv>
</TextLine>

<TextLine id="line_36">
<Coords points="219,1826 274,1826 297,1826 483,1826 506,1827 560,1827 577,1828 681,1828 704,1829 759,1829 778,1828 906,1828 928,1835 966,1835 1000,1827 1054,1827 1071,1829 1157,1829 1176,1831 1213,1831 1230,1832 1251,1832 1270,1831 1293,1831 1311,1832 1346,1832 1365,1832 1386,1832 1405,1833 1427,1833 1427,1856 1405,1856 1386,1861 1365,1861 1346,1856 1311,1856 1293,1854 1270,1854 1251,1860 1230,1860 1213,1855 1176,1855 1157,1861 1071,1861 1054,1852 1000,1852 966,1852 928,1852 906,1853 778,1853 759,1854 704,1854 681,1853 577,1853 560,1852 506,1852 483,1857 297,1857 274,1850 219,1850 219,1826"/>
<Baseline points="219,1850 274,1850 297,1857 483,1857 506,1852 560,1852 577,1853 681,1853 704,1854 759,1854 778,1853 906,1853 928,1852 966,1852 1000,1852 1054,1852 1071,1861 1157,1861 1176,1855 1213,1855 1230,1860 1251,1860 1270,1854 1293,1854 1311,1856 1346,1856 1365,1861 1386,1861 1405,1856 1427,1856"/>
<TextEquiv><Unicode>ihre Inskriptionen drei Gesetze dem Reccared zu. Lex Wisig. III 5, 2. VI 5, 5.</Unicode></TextEquiv>
</TextLine>

<TextLine id="line_37">
<Coords points="218,1865 268,1865 287,1865 313,1865 331,1865 346,1865 369,1865 451,1865 474,1866 499,1866 523,1866 576,1866 599,1868 748,1868 771,1869 874,1869 900,1868 947,1868 969,1867 1066,1867 1088,1869 1236,1869 1275,1870 1428,1870 1428,1902 1275,1902 1236,1894 1088,1894 1066,1891 969,1891 947,1892 900,1892 874,1893 771,1893 748,1898 599,1898 576,1890 523,1890 499,1889 474,1889 451,1889 369,1889 346,1888 331,1888 313,1896 287,1896 268,1890 218,1890 218,1865"/>
<Baseline points="218,1890 268,1890 287,1896 313,1896 331,1888 346,1888 369,1889 451,1889 474,1889 499,1889 523,1890 576,1890 599,1898 748,1898 771,1893 874,1893 900,1892 947,1892 969,1891 1066,1891 1088,1894 1236,1894 1275,1902 1428,1902"/>
<TextEquiv><Unicode>XII 1, 2 haben in drei spanischen Codices den Namen Reccareds. Gengler,</Unicode></TextEquiv>
</TextLine>

<TextLine id="line_38">
<Coords points="222,1904 355,1904 373,1903 389,1903 409,1903 462,1903 496,1904 553,1904 571,1905 716,1905 734,1908 876,1908 894,1908 909,1908 932,1907 961,1907 979,1915 1002,1915 1020,1906 1103,1906 1120,1909 1226,1909 1245,1910 1289,1910 1306,1910 1350,1910 1368,1911 1428,1911 1428,1935 1368,1935 1350,1935 1306,1935 1289,1934 1245,1934 1226,1940 1120,1940 1103,1931 1020,1931 1002,1931 979,1931 961,1932 932,1932 909,1932 894,1932 876,1932 734,1932 716,1937 571,1937 553,1929 496,1929 462,1928 409,1928 389,1928 373,1928 355,1930 222,1930 222,1904"/>
<Baseline points="222,1930 355,1930 373,1928 389,1928 409,1928 462,1928 496,1929 553,1929 571,1937 716,1937 734,1932 876,1932 894,1932 909,1932 932,1932 961,1932 979,1931 1002,1931 1020,1931 1103,1931 1120,1940 1226,1940 1245,1934 1289,1934 1306,1935 1350,1935 1368,1935 1428,1935"/>
<TextEquiv><Unicode>Grundriſs S 133. Wie Bluhme, Textkritik S 18 u. XXVI mitteilt, hat der Cod.</Unicode></TextEquiv>
</TextLine>

<TextLine id="line_39">
<Coords points="221,1946 382,1946 402,1945 505,1945 529,1944 577,1944 594,1945 690,1945 707,1947 846,1947 870,1948 978,1948 996,1948 1021,1948 1038,1947 1074,1947 1092,1947 1113,1947 1132,1949 1154,1949 1172,1949 1220,1949 1239,1951 1259,1951 1278,1951 1293,1951 1310,1950 1360,1950 1379,1951 1428,1951 1428,1974 1379,1974 1360,1974 1310,1974 1293,1973 1278,1973 1259,1979 1239,1979 1220,1973 1172,1973 1154,1971 1132,1971 1113,1976 1092,1976 1074,1970 1038,1970 1021,1971 996,1971 978,1972 870,1972 846,1978 707,1978 690,1970 594,1970 577,1968 529,1968 505,1969 402,1969 382,1977 221,1977 221,1946"/>
<Baseline points="221,1977 382,1977 402,1969 505,1969 529,1968 577,1968 594,1970 690,1970 707,1978 846,1978 870,1972 978,1972 996,1971 1021,1971 1038,1970 1074,1970 1092,1976 1113,1976 1132,1971 1154,1971 1172,1973 1220,1973 1239,1979 1259,1979 1278,1973 1293,1973 1310,1974 1360,1974 1379,1974 1428,1974"/>
<TextEquiv><Unicode>Remigianus dreimal den Namen Reccared, nämlich in III 5, 1. XII 1, 2 und XII</Unicode></TextEquiv>
</TextLine>

<TextLine id="line_40">
<Coords points="221,1984 244,1984 266,1985 295,1985 312,1985 448,1985 474,1984 521,1984 539,1984 598,1984 617,1988 699,1988 711,1986 814,1986 831,1988 941,1988 954,1987 1018,1987 1034,1994 1082,1994 1094,1985 1220,1985 1234,1989 1265,1989 1283,1989 1427,1989 1427,2021 1283,2021 1265,2013 1234,2013 1220,2012 1094,2012 1082,2011 1034,2011 1018,2012 954,2012 941,2012 831,2012 814,2012 711,2012 699,2009 617,2009 598,2008 539,2008 521,2008 474,2008 448,2009 312,2009 295,2009 266,2009 244,2016 221,2016 221,1984"/>
<Baseline points="221,2016 244,2016 266,2009 295,2009 312,2009 448,2009 474,2008 521,2008 539,2008 598,2008 617,2009 699,2009 711,2012 814,2012 831,2012 941,2012 954,2012 1018,2012 1034,2011 1082,2011 1094,2012 1220,2012 1234,2013 1265,2013 1283,2021 1427,2021"/>
<TextEquiv><Unicode>2, 12 Lindenbr. Die zwei ersten Gesetze könnten auch von Reccared II. herrühren,</Unicode></TextEquiv>
</TextLine>

<TextLine id="line_41">
<Coords points="221,2024 265,2024 282,2025 341,2025 359,2025 404,2025 424,2033 471,2033 481,2032 544,2032 561,2025 637,2025 649,2025 704,2025 721,2027 833,2027 852,2035 879,2035 898,2027 953,2027 971,2028 1039,2028 1051,2026 1213,2026 1229,2029 1299,2029 1316,2030 1428,2030 1428,2053 1316,2053 1299,2052 1229,2052 1213,2050 1051,2050 1039,2052 971,2052 953,2052 898,2052 879,2052 852,2052 833,2057 721,2057 704,2048 649,2048 637,2048 561,2048 544,2056 481,2056 471,2049 424,2049 404,2049 359,2049 341,2048 282,2048 265,2048 221,2048 221,2024"/>
<Baseline points="221,2048 265,2048 282,2048 341,2048 359,2049 404,2049 424,2049 471,2049 481,2056 544,2056 561,2048 637,2048 649,2048 704,2048 721,2057 833,2057 852,2052 879,2052 898,2052 953,2052 971,2052 1039,2052 1051,2050 1213,2050 1229,2052 1299,2052 1316,2053 1428,2053"/>
<TextEquiv><Unicode>der aber 621 nur ganz kurze Zeit regierte, so daſs seine Autorschaft recht unwahr-</Unicode></TextEquiv>
</TextLine>

<TextLine id="line_42">
<Coords points="220,2063 357,2063 374,2065 414,2065 448,2065 502,2065 520,2064 609,2064 626,2064 675,2064 693,2064 715,2064 735,2065 764,2065 784,2066 845,2066 865,2067 943,2067 961,2067 1066,2067 1085,2066 1173,2066 1192,2065 1217,2065 1233,2067 1282,2067 1301,2068 1323,2068 1343,2069 1372,2069 1391,2069 1429,2069 1429,2093 1391,2093 1372,2093 1343,2093 1323,2098 1301,2098 1282,2091 1233,2091 1217,2089 1192,2089 1173,2090 1085,2090 1066,2091 961,2091 943,2091 865,2091 845,2090 784,2090 764,2089 735,2089 715,2094 693,2094 675,2088 626,2088 609,2096 520,2096 502,2089 448,2089 414,2089 374,2089 357,2088 220,2088 220,2063"/>
<Baseline points="220,2088 357,2088 374,2089 414,2089 448,2089 502,2089 520,2096 609,2096 626,2088 675,2088 693,2094 715,2094 735,2089 764,2089 784,2090 845,2090 865,2091 943,2091 961,2091 1066,2091 1085,2090 1173,2090 1192,2089 1217,2089 1233,2091 1282,2091 1301,2098 1323,2098 1343,2093 1372,2093 1391,2093 1429,2093"/>
<TextEquiv><Unicode>scheinlich ist. Lex Wisig. XII 2, 12 wird durch Sisibuts Gesetz in XII 2, 13 als</Unicode></TextEquiv>
</TextLine>

<TextLine id="line_43">
<Coords points="220,2102 276,2102 294,2102 464,2102 482,2103 622,2103 643,2104 724,2104 743,2106 847,2106 847,2135 743,2135 724,2127 643,2127 622,2128 482,2128 464,2128 294,2128 276,2126 220,2126 220,2102"/>
<Baseline points="220,2126 276,2126 294,2128 464,2128 482,2128 622,2128 643,2127 724,2127 743,2135 847,2135"/>
<TextEquiv><Unicode>eine Konstitution Reccareds sicher gestellt.</Unicode></TextEquiv>
</TextLine>

</TextRegion>
</Page>
</PcGts>