1600 2367
232 242 1439 276 der Einfluſs der fränkischen Herrschaft stark hervortritt. Deshalb
231 291 1441 330 glaubt man einen ältesten Bestandteil, bairisch-alamannisches Recht
233 337 1441 377 enthaltend, eine zweite auf westgotischem Rechte fuſsende Satzung
232 386 1441 425 und eine dritte unter fränkischem Impuls entstandene Gesetzgebung
232 433 1441 473 unterscheiden zu müssen. Die erste Satzung wird der Zeit Theo-
234 481 1441 519 derichs I. oder Childeberts II. oder Chlothars II. oder Dagoberts I.,
234 529 1443 568 die zweite der Zeit Dagoberts I. oder dem Ende des siebenten oder
235 577 1444 616 dem Anfang des achten Jahrhunderts, die dritte dem Anfang oder der
234 624 1017 660 Mitte des achten Jahrhunderts zugeschrieben.
315 671 1444 708 Die Unterscheidung von drei Satzungen hält einer näheren Prü-
235 718 1445 757 fung nicht stand. Das alamannische Volksrecht ist in jeder der drei
236 764 1445 806 angeblichen Massen des Baiernrechtes benutzt worden, und zwar in
238 813 1446 853 der Form, die es durch die Satzung Lantfrids erhalten hatte. Die
236 859 1446 901 Übereinstimmung tritt im Wortlaut und in der Anordnung der Rechts-
237 908 1447 949 sätze, in den Buſszahlen und namentlich in der Entlehnung althoch-
238 957 1448 995 deutscher Wörter hervor, durch welche die Lex Alamannorum ihren
237 1003 1448 1043 lateinischen Text erläutert. Besonders enge schlieſst sich Titel IV
240 1052 1448 1091 der Lex Baiuwariorum, welcher die Gliederbuſsen freier Leute nor-
239 1099 1449 1139 miert, an das alamannische Vorbild an. Seltener und freier wird die
239 1145 1449 1186 Benutzung der Lex Alamannorum von Titel VII ab. Eine sorgfältige
240 1194 1450 1233 und umsichtige Umarbeitung der alamannischen Vorlage verraten
242 1242 860 1276 Titel I und II der bairischen Lex.
321 1288 1451 1330 Der Anschluſs an westgotisches Recht findet sich in den meisten
243 1336 1452 1373 Titeln der Lex Baiuwariorum. Frei sind davon nur die Titel, welche
243 1384 1452 1426 von Wergeldern und Wundbuſsen (III—VI), von Hausfriedensbruch
245 1432 1452 1474 (XI), von dem altbairischen Rechtsgang, von Unthaten an Leichen,
244 1480 1454 1520 von getöteten Hunden und Falken (XVII—XXI) handeln. Das west-
612 166 1053 197 § 42. Die Lex Baiuwariorum.
230 168 289 197 314
355 1587 1456 1624 Diese Zeitangaben stützen sich auf die Nachrichten des sog. Prologs zur
246 1631 656 1665 Lex Baiuw. (s. oben S 288).
357 1665 1155 1700 Die Parallelstellen verzeichnet Merkel, LL III 213 f.
358 1704 1455 1744 Stobbe, RQ I 157 findet Anklänge an den Pactus und schlieſst daraus,
248 1745 1457 1780 daſs dieser Teil der Lex vor Chlothar II. entstanden sei. S. dagegen Roth, Zur
249 1785 1457 1823 Gesch. des bayr. Volksrechts S 5 f. Wenn in der That einzelne Stellen dem Pactus
249 1824 1457 1862 näher stünden als der Lex (in Lex Baiuw. IV 14, IV 18 stimmen die zwei Buſs-
249 1864 1458 1898 zahlen mit Pactus II 3 und III 28 überein), so läge die Annahme nahe, daſs man
250 1903 1457 1940 bei Abfassung des Baiernrechtes eine Handschrift der Lex Alamannorum benutzte,
250 1943 1313 1982 welcher jene Stellen des Pactus oder der ganze Pactus angehängt waren.
361 1981 1458 2016 So ist in Lex Baiuw. I 1, betr. die Schenkungen an Kirchen, auf das bairische
251 2022 1460 2063 Beispruchsrecht der unabgeschichteten Söhne Rücksicht genommen, wird ferner unter
252 2061 1460 2100 den Personen, welche die Schenkung nicht anfechten dürfen, neben dem dux der rex
252 2100 1459 2141 genannt und wird die fränkisch-alamannische carta durch die bair. epistola ersetzt.
362 2138 1461 2176 Auch in Tit. I und II ist westgotisches Recht benutzt; I 4 verrät die Be-
