1600 2367
168 235 1376 280 könig Kleph fiel 574 durch Meuchelmord . Die Langobarden lebten
164 284 1376 324 dann zehn Jahre lang ohne König unter fünfunddreiſsig Herzögen.
171 331 1377 371 Diese Zeit benutzen sie, um über die Römer herzufallen. Viele von
163 379 1376 419 den vornehmen Römern wurden getötet, ihre Besitztümer eingezogen.
171 424 1377 469 Im übrigen machten die langobardischen hospites ihre Wirte zins-
171 470 1379 520 pflichtig. Dieselben muſsten nach Kolonenart den dritten Teil der
173 518 1378 558 Früchte an ihre Herren abliefern . Der hospes war sonach zum
164 565 1378 612 dominus, der possessor zum Kolonen geworden. Dabei ist selbst-
173 612 1379 658 verständlich die Zinspflicht nicht auf die gesamte römische Bevölke-
173 660 1381 707 rung ausgedehnt, etwa durch Rechtssatz jeder Römer für zinspflichtig
163 708 1381 747 erklärt worden. Vielmehr erstreckte sich die Maſsregel nur auf den
173 757 1382 794 ländlichen Grundbesitz und auch auf diesen nur, soweit innerhalb der
175 803 1383 842 besetzten Gebiete ein Bedürfnis dazu vorhanden war. Nicht jeder
175 851 1382 889 Römer erhielt einen langobardischen Herrn; aber jeder freie Lango-
176 896 1382 938 barde bemächtigte sich eines römischen Grundbesitzers, der ihm die
176 943 1384 981 tertia zu zahlen hatte. Die Behandlung des römischen Grundbesitzes
167 990 1384 1029 schlieſst also das Vorhandensein einer freien römischen Bevölkerung
177 1037 1384 1082 nicht aus . Als die Expropriierung der römischen Possessoren eine
176 1085 1385 1128 vollendete Thatsache war, schritten die Langobarden zur Wieder-
175 1135 1384 1179 herstellung des Königtums, indem sie Authari zum König erhoben.
178 1183 1384 1223 Dabei wurde einerseits das Königtum mit Grundbesitz ausgestattet,
176 1230 1386 1273 indem die Herzöge die Hälfte ihrer Besitztümer dem königlichen
178 1276 1386 1319 Fiskus überwiesen, andrerseits aber die Aufteilung der römischen
178 1323 1386 1369 Landbevölkerung geregelt . Die Vorgänge der königlosen Zeit fan-
179 1371 1387 1414 den nämlich insofern die königliche Sanktion, als nicht eine Teilung
178 1420 1386 1463 des Landes, sondern eine Verteilung der Grundbesitzer ausgesprochen
182 1467 1387 1509 wurde. Doch beseitigte eine einheitliche und gleichartige Durch-
180 1513 1387 1559 führung der Maſsregel die Härten und Ungleichheiten, welche die
181 1564 1388 1606 gewiſs höchst tumultuarischen Okkupationen der vorausgegangenen
1333 154 1371 184 69
577 159 956 185 des römischen Westreichs.
304 1658 1388 1697 Zwischen der Behandlung der Agrarfrage und dem Interregnum scheint mir
182 1697 1388 1738 ein innerer Zusammenhang obzuwalten, der die auffallende Thatsache der Ab-
183 1738 1371 1779 schaffung und Wiederherstellung des Königtums in überraschender Weise erklärt.
304 1777 1389 1814 Paulus II 32: his diebus (nach Beseitigung des Königtums) multi nobilium
183 1817 1390 1855 Romanorum ob cupiditatem interfecti sunt. Reliqui vero per hospites divisi, ut
184 1857 1313 1896 terciam partem suarum frugum Langobardis persolverent, tributarii efficiuntur.
307 1895 1390 1932 Städtischer Besitz, die Existenz freier Kaufleute und Handwerker, Freiheit
184 1935 1389 1974 und Grundeigentum des Klerus sind daher mit jener rigorosen Lösung der Agrar-
184 1981 561 2014 frage sehr wohl vereinbar.
307 2011 1389 2049 Paulus III 16: Populi tamen adgravati per Langobardos hospites parti-
186 2052 1390 2092 untur. Die partitio populorum steht mit der unmittelbar vorher berichteten Aus-
188 2091 1390 2131 stattung des Königtums in Zusammenhang. Die Genehmigung der partitio war ver-
189 2130 1389 2168 mutlich der Preis, den das langobardische Königtum für seine Restauration zahlte.
