1600 2367
204 225 1412 263 Die Eröffnung des Gerichtes wird aber vermittelt durch die so-
204 274 1412 312 genannten Hegungsfragen, das heiſst durch die an die Gerichts-
204 321 1412 361 gemeinde oder an ein einzelnes Mitglied derselben gestellten Fragen
190 369 1413 408 des Richters, ob es Dinges Zeit und Ort sei, ob das Gericht gehörig
204 416 1413 455 gehegt, gespannt oder besetzt sei, ob er den Gerichtsfrieden gebieten
204 464 1413 504 solle. Dieser später allgemein verbreitete Gebrauch der Hegungs-
203 511 1413 549 fragen reicht in hohes Altertum zurück. Schon die Lex Salica setzt
203 558 1413 599 ihn voraus, indem sie bei Darstellung der Förmlichkeiten einer ge-
204 606 1413 645 richtlichen Verhandlung verlangt, daſs der Richter vor Beginn der-
205 652 1417 688 selben an drei Männer die drei Fragen stellen solle. Daſs die auf
206 698 1413 738 die Hegungsfragen abgegebenen Urteile später Fronurteile genannt
206 745 1414 783 werden, bestätigt ihren ursprünglich sakralen Charakter. Vielleicht
206 793 1413 833 ist es nicht zu gewagt, den Ursprung der Hegungsfragen so zu er-
205 841 1413 881 klären, daſs in der Urzeit der vorsitzende Richter die Frage, ob es
205 890 1412 928 Dinges Zeit und Ort sei, an die Priester stellte, welche darüber die
204 938 1413 978 Lose zu befragen und den Willen der Götter zu erkunden hatten,
208 986 1413 1023 daſs er ebenso durch die Priester konstatieren lieſs, ob die Förmlich-
207 1034 1414 1075 keiten der Einhegung gehörig erfüllt seien, wogegen er den Ding-
205 1080 1414 1115 frieden, wenn wir nicht ein Miſsverständnis des Tacitus voraussetzen
206 1126 1414 1165 wollen, in der Landesgemeinde nicht selbst verkündigte, sondern durch
206 1172 1414 1215 Priestermund im Namen des Gottes, dem das Ding geweiht war, sich
205 1220 1415 1257 und die Anwesenden in heiligen Frieden setzen lieſs, ehe er seines
205 1268 1414 1307 Amtes zu walten begann. Als das Heidenpriestertum schwand, wurden
205 1317 1416 1355 die Fronurteile von Dingleuten abgegeben und sprach der Richter
206 1364 1413 1407 allenthalben selbst auf ein solches Urteil hin das Friedensgebot aus,
207 1411 1415 1450 wie dies schon in germanischer Zeit wenigstens auſserhalb der Landes-
206 1457 888 1494 gemeinde der Fall gewesen sein dürfte.
289 1504 1417 1549 Als wesentliches Attribut der richterlichen Gewalt erscheint später
210 149 267 178 146
590 148 1028 180 § 20. Die Gerichtsverfassung.
207 1604 1417 1638 statt, obschon der Ausdruck Hegung nicht üblich gewesen sein dürfte. Der
208 1644 1416 1680 Richter gebietet den Gerichtsfrieden und stellt die Hegungsfragen, durch deren Be-
208 1684 1416 1719 antwortung er sich den Gerichtsstab zuerkennen, verdingen läſst. Indem er den
208 1724 1417 1758 Stab in die Hand nimmt, ist das Gericht konstituiert. Grimm, Weistümer III
208 1762 1417 1796 716. 726. Tirol. Weistümer I 9 f., II 372 f., I 55, II 187. 366. Steirische und
209 1803 1441 1842 kärntnische Taidinge S 426. Salzburgische Taidinge im Register unter Friedegebot
210 1843 674 1870 des Richters und unter Gericht.
332 1882 1417 1918 Lex Sal. 44, 1: et in ipso mallo scutum habere debet (thunginus aut cen-
207 1921 1417 1957 tenarius) et tres homines tres causas demandare (debet). Schon Zöpfl, RG III 328
210 1961 1042 1996 hat die Stelle mit Recht auf die Hegungsfragen bezogen.
331 2000 1145 2036 Haltaus I 543. Homeyer, Richtsteig Landr. S 435.
331 2041 1418 2076 Germ. c. 10: auspicia sortesque ut qui maxime observant. Dann von den
209 2080 1418 2113 Losen: mox, si publice consuletur sacerdos civitatis … secundum impressam ante
210 2120 1417 2152 notam interpretatur. si prohibuerunt, nulla de eadem re in eundem diem consultatio.
