<?xml version="1.0" encoding="UTF-8"?>
<PcGts xmlns="http://schema.primaresearch.org/PAGE/gts/pagecontent/2019-07-15" xmlns:xsi="http://www.w3.org/2001/XMLSchema-instance" xsi:schemaLocation="http://schema.primaresearch.org/PAGE/gts/pagecontent/2019-07-15 http://schema.primaresearch.org/PAGE/gts/pagecontent/2019-07-15/pagecontent.xsd">
<Metadata>
<Creator>KK-regJS2PAGE.py</Creator>
<Created>2021-01-18T15:24:58.713719</Created>
<LastChange>2021-01-18T15:24:58.713719</LastChange>
</Metadata>
<Page imageFilename="brunner_rechtsgeschichte02_1892_0256.png" imageWidth="1600" imageHeight="2404">
<TextRegion id="block_0" custom="structure {type:header;}">
<Coords points="633,195 633,229 990,229 990,195 633,195"/>
<TextLine id="line_0">
<Coords points="633,197 646,197 665,197 703,197 737,196 788,196 806,195 990,195 990,219 806,219 788,220 737,220 703,221 665,221 646,229 633,229 633,197"/>
<Baseline points="633,229 646,229 665,221 703,221 737,220 788,220 806,219 990,219"/>
<TextEquiv><Unicode>§ 90. Das Finanzwesen.</Unicode></TextEquiv>
</TextLine>

</TextRegion>
<TextRegion id="block_1" custom="structure {type:body;}">
<Coords points="207,272 207,311 207,319 207,360 208,366 208,411 206,414 206,456 205,462 205,507 208,511 208,549 208,558 208,603 208,605 208,649 208,654 208,701 203,702 203,747 210,749 210,792 208,803 208,834 208,852 291,852 291,889 291,900 210,900 210,942 209,950 209,993 208,999 208,1041 207,1046 207,1090 208,1096 208,1134 212,1141 212,1186 212,1189 212,1231 212,1236 212,1274 212,1284 212,1322 213,1332 213,1373 213,1381 213,1424 210,1428 210,1473 212,1477 212,1520 212,1528 212,1566 211,1574 211,1619 214,1621 214,1666 1423,1666 1423,1621 1423,1619 1423,1574 1423,1566 1423,1528 1422,1520 1422,1477 1423,1473 1423,1428 1423,1424 1423,1381 1422,1373 1422,1332 1420,1322 1420,1284 1421,1274 1421,1236 1420,1231 1420,1189 1420,1186 1420,1141 1420,1134 1420,1096 1421,1090 1421,1046 1420,1041 1420,999 1418,993 1418,950 1419,942 1419,900 1420,889 1420,852 498,852 498,834 498,803 1419,803 1419,792 1419,749 1417,747 1417,702 1417,701 1417,654 1417,649 1417,605 1418,603 1418,558 1417,549 1417,511 1416,507 1416,462 1416,456 1416,414 1415,411 1415,366 1416,360 1416,319 1414,311 1414,272 207,272"/>
<TextLine id="line_1">
<Coords points="207,278 290,278 320,279 379,279 409,280 466,280 499,277 610,277 640,277 700,277 722,277 862,277 895,274 1153,274 1183,272 1414,272 1414,310 1183,310 1153,310 895,310 862,311 722,311 700,307 640,307 610,309 499,309 466,309 409,309 379,309 320,309 290,309 207,309 207,278"/>
<Baseline points="207,309 290,309 320,309 379,309 409,309 466,309 499,309 610,309 640,307 700,307 722,311 862,311 895,310 1153,310 1183,310 1414,310"/>
<TextEquiv><Unicode>fiehlt 864 den Grafen und Vikaren, Veräuſserungen zinspflichtigen</Unicode></TextEquiv>
</TextLine>

<TextLine id="line_2">
<Coords points="207,328 323,328 345,336 383,336 405,328 451,328 466,327 573,327 595,325 676,325 697,334 734,334 753,324 947,324 968,323 1028,323 1050,321 1093,321 1113,320 1160,320 1182,319 1358,319 1379,328 1416,328 1416,348 1379,348 1358,348 1182,348 1160,349 1113,349 1093,350 1050,350 1028,351 968,351 947,360 753,360 734,353 697,353 676,354 595,354 573,356 466,356 451,356 405,356 383,356 345,356 323,357 207,357 207,328"/>
<Baseline points="207,357 323,357 345,356 383,356 405,356 451,356 466,356 573,356 595,354 676,354 697,353 734,353 753,360 947,360 968,351 1028,351 1050,350 1093,350 1113,349 1160,349 1182,348 1358,348 1379,348 1416,348"/>
<TextEquiv><Unicode>Landes an die Kirche nicht zu genehmigen und sie bei Bannstrafe zu</Unicode></TextEquiv>
</TextLine>

<TextLine id="line_3">
<Coords points="208,377 387,377 396,374 432,374 474,372 670,372 692,371 744,371 772,371 826,371 848,371 949,371 969,367 1239,367 1267,367 1314,367 1336,366 1415,366 1415,395 1336,395 1314,395 1267,395 1239,402 969,402 949,400 848,400 826,400 772,400 744,401 692,401 670,410 474,410 432,402 396,402 387,411 208,411 208,377"/>
<Baseline points="208,411 387,411 396,402 432,402 474,410 670,410 692,401 744,401 772,400 826,400 848,400 949,400 969,402 1239,402 1267,395 1314,395 1336,395 1415,395"/>
<TextEquiv><Unicode>untersagen . Vergleichen wir mit diesen Beschränkungen die zahl-</Unicode></TextEquiv>
</TextLine>

<TextLine id="line_4">
<Coords points="206,424 289,424 311,422 648,422 671,421 702,421 724,419 854,419 876,419 933,419 954,417 1099,417 1129,414 1338,414 1359,415 1416,415 1416,444 1359,444 1338,444 1129,444 1099,451 954,451 933,449 876,449 854,450 724,450 702,450 671,450 648,456 311,456 289,454 206,454 206,424"/>
<Baseline points="206,454 289,454 311,456 648,456 671,450 702,450 724,450 854,450 876,449 933,449 954,451 1099,451 1129,444 1338,444 1359,444 1416,444"/>
<TextEquiv><Unicode>losen Traditionsurkunden, in welchen den Kirchen, insbesondere sol-</Unicode></TextEquiv>
</TextLine>

<TextLine id="line_5">
<Coords points="205,472 290,472 320,472 367,472 391,471 438,471 466,471 525,471 533,469 765,469 793,468 853,468 882,465 1069,465 1098,463 1260,463 1290,463 1337,463 1358,462 1416,462 1416,491 1358,491 1337,491 1290,491 1260,492 1098,492 1069,501 882,501 853,497 793,497 765,507 533,507 525,500 466,500 438,501 391,501 367,501 320,501 290,507 205,507 205,472"/>
<Baseline points="205,507 290,507 320,501 367,501 391,501 438,501 466,500 525,500 533,507 765,507 793,497 853,497 882,501 1069,501 1098,492 1260,492 1290,491 1337,491 1358,491 1416,491"/>
<TextEquiv><Unicode>chen, die für ihr gegenwärtiges und zukünftiges Besitztum die Im-</Unicode></TextEquiv>
</TextLine>

<TextLine id="line_6">
<Coords points="208,519 336,519 364,520 424,520 457,518 549,518 579,518 626,518 652,515 877,515 907,513 1059,513 1087,511 1205,511 1235,511 1417,511 1417,547 1235,547 1205,545 1087,545 1059,543 907,543 877,546 652,546 626,547 579,547 549,547 457,547 424,548 364,548 336,549 208,549 208,519"/>
<Baseline points="208,549 336,549 364,548 424,548 457,547 549,547 579,547 626,547 652,546 877,546 907,543 1059,543 1087,545 1205,545 1235,547 1417,547"/>
<TextEquiv><Unicode>munität und damit die Steuerfreiheit erworben hatten, Eigengüter</Unicode></TextEquiv>
</TextLine>

<TextLine id="line_7">
<Coords points="208,567 387,567 402,567 528,567 553,565 628,565 651,564 713,564 735,564 800,564 819,562 1024,562 1039,559 1090,559 1105,558 1215,558 1235,559 1306,559 1321,558 1418,558 1418,588 1321,588 1306,588 1235,588 1215,595 1105,595 1090,588 1039,588 1024,597 819,597 800,593 735,593 713,594 651,594 628,595 553,595 528,600 402,600 387,603 208,603 208,567"/>
<Baseline points="208,603 387,603 402,600 528,600 553,595 628,595 651,594 713,594 735,593 800,593 819,597 1024,597 1039,588 1090,588 1105,595 1215,595 1235,588 1306,588 1321,588 1418,588"/>
<TextEquiv><Unicode>übertragen werden, ohne daſs eine Zustimmung des Königs oder seiner</Unicode></TextEquiv>
</TextLine>

<TextLine id="line_8">
<Coords points="208,614 353,614 375,614 507,614 528,614 610,614 632,612 819,612 841,610 893,610 915,608 1008,608 1030,607 1077,607 1099,605 1342,605 1365,607 1417,607 1417,635 1365,635 1342,643 1099,643 1077,636 1030,636 1008,639 915,639 893,640 841,640 819,649 632,649 610,649 528,649 507,644 375,644 353,644 208,644 208,614"/>
<Baseline points="208,644 353,644 375,644 507,644 528,649 610,649 632,649 819,649 841,640 893,640 915,639 1008,639 1030,636 1077,636 1099,643 1342,643 1365,635 1417,635"/>
<TextEquiv><Unicode>Beamten erwähnt wird, vergleichen wir damit die Bestimmungen der</Unicode></TextEquiv>
</TextLine>

<TextLine id="line_9">
<Coords points="208,664 430,664 460,662 569,662 598,662 646,662 666,660 884,660 913,666 951,666 970,654 1098,654 1126,655 1308,655 1342,655 1417,655 1417,684 1342,684 1308,690 1126,690 1098,685 970,685 951,686 913,686 884,696 666,696 646,690 598,690 569,692 460,692 430,701 208,701 208,664"/>
<Baseline points="208,701 430,701 460,692 569,692 598,690 646,690 666,696 884,696 913,686 951,686 970,685 1098,685 1126,690 1308,690 1342,684 1417,684"/>
<TextEquiv><Unicode>Kapitularien, welche die Vergabungen an Kirchen normieren, ohne</Unicode></TextEquiv>
</TextLine>

<TextLine id="line_10">
<Coords points="203,711 292,711 305,710 486,710 507,718 543,718 559,706 759,706 784,713 816,713 831,705 870,705 884,704 932,704 948,703 1114,703 1129,702 1209,702 1224,703 1417,703 1417,736 1224,736 1209,731 1129,731 1114,738 948,738 932,733 884,733 870,733 831,733 816,734 784,734 759,743 559,743 543,737 507,737 486,739 305,739 292,747 203,747 203,711"/>
<Baseline points="203,747 292,747 305,739 486,739 507,737 543,737 559,743 759,743 784,734 816,734 831,733 870,733 884,733 932,733 948,738 1114,738 1129,731 1209,731 1224,736 1417,736"/>
<TextEquiv><Unicode>jener Vorbehalte zu gedenken , so ist die Folgerung nicht abzuweisen,</Unicode></TextEquiv>
</TextLine>

<TextLine id="line_11">
<Coords points="210,757 273,757 294,757 342,757 364,756 461,756 481,756 578,756 601,755 652,755 677,752 771,752 792,751 971,751 1001,749 1095,749 1118,749 1310,749 1338,750 1419,750 1419,779 1338,779 1310,785 1118,785 1095,778 1001,778 971,781 792,781 771,782 677,782 652,784 601,784 578,784 481,784 461,792 364,792 342,786 294,786 273,787 210,787 210,757"/>
<Baseline points="210,787 273,787 294,786 342,786 364,792 461,792 481,784 578,784 601,784 652,784 677,782 771,782 792,781 971,781 1001,778 1095,778 1118,785 1310,785 1338,779 1419,779"/>
<TextEquiv><Unicode>daſs die groſse Masse des freien Besitztums einem Königszinse nicht</Unicode></TextEquiv>
</TextLine>

<TextLine id="line_12">
<Coords points="208,803 408,803 431,811 498,811 498,831 431,831 408,834 208,834 208,803"/>
<Baseline points="208,834 408,834 431,831 498,831"/>
<TextEquiv><Unicode>unterworfen war.</Unicode></TextEquiv>
</TextLine>

<TextLine id="line_13">
<Coords points="291,860 442,860 475,859 527,859 557,857 700,857 732,856 937,856 968,857 1055,857 1084,854 1136,854 1164,852 1336,852 1367,853 1420,853 1420,882 1367,882 1336,882 1164,882 1136,883 1084,883 1055,884 968,884 937,886 732,886 700,887 557,887 527,888 475,888 442,889 291,889 291,860"/>
<Baseline points="291,889 442,889 475,888 527,888 557,887 700,887 732,886 937,886 968,884 1055,884 1084,883 1136,883 1164,882 1336,882 1367,882 1420,882"/>
<TextEquiv><Unicode>Während das römische Steuerwesen unter der Herrschaft der</Unicode></TextEquiv>
</TextLine>

<TextLine id="line_14">
<Coords points="210,909 347,909 370,909 514,909 536,907 597,907 618,906 753,906 783,905 833,905 856,905 907,905 929,901 1137,901 1169,902 1222,902 1244,910 1275,910 1296,902 1327,902 1350,900 1419,900 1419,931 1350,931 1327,931 1296,931 1275,931 1244,931 1222,931 1169,931 1137,939 929,939 907,935 856,935 833,935 783,935 753,942 618,942 597,937 536,937 514,938 370,938 347,939 210,939 210,909"/>
<Baseline points="210,939 347,939 370,938 514,938 536,937 597,937 618,942 753,942 783,935 833,935 856,935 907,935 929,939 1137,939 1169,931 1222,931 1244,931 1275,931 1296,931 1327,931 1350,931 1419,931"/>
<TextEquiv><Unicode>Franken entartete und abstarb, hat das Zollwesen , wie es in Gal-</Unicode></TextEquiv>
</TextLine>

<TextLine id="line_15">
<Coords points="209,960 269,960 290,968 342,968 363,958 428,958 450,958 503,958 524,957 699,957 723,955 864,955 895,954 975,954 997,951 1256,951 1278,950 1418,950 1418,986 1278,986 1256,988 997,988 975,984 895,984 864,991 723,991 699,993 524,993 503,987 450,987 428,987 363,987 342,988 290,988 269,989 209,989 209,960"/>
<Baseline points="209,989 269,989 290,988 342,988 363,987 428,987 450,987 503,987 524,993 699,993 723,991 864,991 895,984 975,984 997,988 1256,988 1278,986 1418,986"/>
<TextEquiv><Unicode>lien zur Zeit der Eroberung bestand, seine Lebensfähigkeit bewahrt,</Unicode></TextEquiv>
</TextLine>

<TextLine id="line_16">
<Coords points="208,1008 282,1008 310,1007 340,1007 368,1006 572,1006 599,1005 664,1005 694,1003 874,1003 902,1001 1121,1001 1142,1000 1203,1000 1224,999 1420,999 1420,1034 1224,1034 1203,1029 1142,1029 1121,1036 902,1036 874,1041 694,1041 664,1034 599,1034 572,1036 368,1036 340,1036 310,1036 282,1038 208,1038 208,1008"/>
<Baseline points="208,1038 282,1038 310,1036 340,1036 368,1036 572,1036 599,1034 664,1034 694,1041 874,1041 902,1036 1121,1036 1142,1029 1203,1029 1224,1034 1420,1034"/>
<TextEquiv><Unicode>aber in Einzelheiten eine eigenartige Umwandlung und Fortbildung</Unicode></TextEquiv>
</TextLine>

<TextLine id="line_17">
<Coords points="207,1055 356,1055 400,1055 455,1055 482,1053 639,1053 671,1051 854,1051 882,1050 1059,1050 1091,1048 1151,1048 1184,1048 1231,1048 1259,1046 1421,1046 1421,1083 1259,1083 1231,1077 1184,1077 1151,1077 1091,1077 1059,1080 882,1080 854,1082 671,1082 639,1090 482,1090 455,1084 400,1084 356,1085 207,1085 207,1055"/>
<Baseline points="207,1085 356,1085 400,1084 455,1084 482,1090 639,1090 671,1082 854,1082 882,1080 1059,1080 1091,1077 1151,1077 1184,1077 1231,1077 1259,1083 1421,1083"/>
<TextEquiv><Unicode>erfahren. Die Anlegung öffentlicher Zollstätten und die Erhebung</Unicode></TextEquiv>
</TextLine>

<TextLine id="line_18">
<Coords points="208,1102 393,1102 413,1102 496,1102 518,1110 577,1110 598,1101 646,1101 667,1100 762,1100 788,1100 840,1100 861,1098 981,1098 1034,1097 1089,1097 1119,1096 1201,1096 1231,1103 1329,1103 1358,1096 1420,1096 1420,1122 1358,1122 1329,1124 1231,1124 1201,1124 1119,1124 1089,1125 1034,1125 981,1134 861,1134 840,1129 788,1129 762,1129 667,1129 646,1130 598,1130 577,1130 518,1130 496,1131 413,1131 393,1133 208,1133 208,1102"/>
<Baseline points="208,1133 393,1133 413,1131 496,1131 518,1130 577,1130 598,1130 646,1130 667,1129 762,1129 788,1129 840,1129 861,1134 981,1134 1034,1125 1089,1125 1119,1124 1201,1124 1231,1124 1329,1124 1358,1122 1420,1122"/>
<TextEquiv><Unicode>öffentlicher Zölle war ein Recht des Königs. Die Zölle waren ent-</Unicode></TextEquiv>
</TextLine>

<TextLine id="line_19">
<Coords points="212,1150 310,1150 330,1149 600,1149 622,1149 694,1149 708,1146 893,1146 930,1143 1208,1143 1232,1141 1420,1141 1420,1178 1232,1178 1208,1180 930,1180 893,1177 708,1177 694,1178 622,1178 600,1186 330,1186 310,1180 212,1180 212,1150"/>
<Baseline points="212,1180 310,1180 330,1186 600,1186 622,1178 694,1178 708,1177 893,1177 930,1180 1208,1180 1232,1178 1420,1178"/>
<TextEquiv><Unicode>weder Durchgangszölle oder Marktzölle. Durchgangszölle, transiturae,</Unicode></TextEquiv>
</TextLine>

<TextLine id="line_20">
<Coords points="212,1199 369,1199 400,1197 521,1197 542,1196 624,1196 651,1195 725,1195 752,1203 790,1203 820,1194 877,1194 905,1193 1154,1193 1187,1189 1315,1189 1347,1189 1420,1189 1420,1218 1347,1218 1315,1218 1187,1218 1154,1227 905,1227 877,1222 820,1222 790,1223 752,1223 725,1223 651,1223 624,1224 542,1224 521,1225 400,1225 369,1231 212,1231 212,1199"/>
<Baseline points="212,1231 369,1231 400,1225 521,1225 542,1224 624,1224 651,1223 725,1223 752,1223 790,1223 820,1222 877,1222 905,1227 1154,1227 1187,1218 1315,1218 1347,1218 1420,1218"/>
<TextEquiv><Unicode>trasturae, wurden nicht bloſs an den Reichsgrenzen, sondern auch</Unicode></TextEquiv>
</TextLine>

<TextLine id="line_21">
<Coords points="212,1244 366,1244 396,1244 447,1244 468,1242 592,1242 621,1251 658,1251 687,1241 765,1241 792,1240 1000,1240 1020,1236 1347,1236 1370,1238 1421,1238 1421,1267 1370,1267 1347,1274 1020,1274 1000,1270 792,1270 765,1270 687,1270 658,1271 621,1271 592,1272 468,1272 447,1272 396,1272 366,1274 212,1274 212,1244"/>
<Baseline points="212,1274 366,1274 396,1272 447,1272 468,1272 592,1272 621,1271 658,1271 687,1270 765,1270 792,1270 1000,1270 1020,1274 1347,1274 1370,1267 1421,1267"/>
<TextEquiv><Unicode>innerhalb des Reiches an allen bedeutenden Durchgangspunkten des</Unicode></TextEquiv>
</TextLine>

<TextLine id="line_22">
<Coords points="212,1291 362,1291 384,1290 522,1290 556,1289 604,1289 625,1288 724,1288 745,1287 806,1287 829,1287 872,1287 893,1285 1090,1285 1111,1284 1172,1284 1194,1285 1237,1285 1250,1285 1420,1285 1420,1321 1250,1321 1237,1313 1194,1313 1172,1313 1111,1313 1090,1315 893,1315 872,1316 829,1316 806,1317 745,1317 724,1318 625,1318 604,1319 556,1319 522,1320 384,1320 362,1322 212,1322 212,1291"/>
<Baseline points="212,1322 362,1322 384,1320 522,1320 556,1319 604,1319 625,1318 724,1318 745,1317 806,1317 829,1316 872,1316 893,1315 1090,1315 1111,1313 1172,1313 1194,1313 1237,1313 1250,1321 1420,1321"/>
<TextEquiv><Unicode>Verkehrs erhoben. Sie finden sich als Wasserzölle und als Landzölle,</Unicode></TextEquiv>
</TextLine>

<TextLine id="line_23">
<Coords points="213,1340 333,1340 355,1338 428,1338 451,1336 572,1336 596,1338 667,1338 689,1335 950,1335 973,1334 1045,1334 1066,1333 1140,1333 1162,1332 1349,1332 1371,1335 1422,1335 1422,1363 1371,1363 1349,1362 1162,1362 1140,1362 1066,1362 1045,1364 973,1364 950,1373 689,1373 667,1367 596,1367 572,1368 451,1368 428,1368 355,1368 333,1371 213,1371 213,1340"/>
<Baseline points="213,1371 333,1371 355,1368 428,1368 451,1368 572,1368 596,1367 667,1367 689,1373 950,1373 973,1364 1045,1364 1066,1362 1140,1362 1162,1362 1349,1362 1371,1363 1422,1363"/>
<TextEquiv><Unicode>wurden nach Schiffs- oder Wagenladungen oder nach Saumlasten be-</Unicode></TextEquiv>
</TextLine>

<TextLine id="line_24">
<Coords points="213,1389 335,1389 355,1387 416,1387 437,1386 620,1386 648,1385 728,1385 749,1384 779,1384 801,1383 892,1383 922,1382 1050,1382 1072,1381 1102,1381 1123,1381 1250,1381 1279,1381 1366,1381 1392,1382 1423,1382 1423,1411 1392,1411 1366,1409 1279,1409 1250,1415 1123,1415 1102,1410 1072,1410 1050,1412 922,1412 892,1419 801,1419 779,1413 749,1413 728,1414 648,1414 620,1424 437,1424 416,1417 355,1417 335,1419 213,1419 213,1389"/>
<Baseline points="213,1419 335,1419 355,1417 416,1417 437,1424 620,1424 648,1414 728,1414 749,1413 779,1413 801,1419 892,1419 922,1412 1050,1412 1072,1410 1102,1410 1123,1415 1250,1415 1279,1409 1366,1409 1392,1411 1423,1411"/>
<TextEquiv><Unicode>rechnet und gewöhnlich nicht in Geld, sondern in Waren, meist in</Unicode></TextEquiv>
</TextLine>

<TextLine id="line_25">
<Coords points="210,1439 295,1439 318,1437 414,1437 439,1437 493,1437 524,1434 727,1434 750,1432 878,1432 907,1431 1050,1431 1070,1430 1101,1430 1119,1428 1205,1428 1228,1428 1355,1428 1378,1437 1423,1437 1423,1457 1378,1457 1355,1465 1228,1465 1205,1458 1119,1458 1101,1459 1070,1459 1050,1461 907,1461 878,1467 750,1467 727,1465 524,1465 493,1466 439,1466 414,1473 318,1473 295,1468 210,1468 210,1439"/>
<Baseline points="210,1468 295,1468 318,1473 414,1473 439,1466 493,1466 524,1465 727,1465 750,1467 878,1467 907,1461 1050,1461 1070,1459 1101,1459 1119,1458 1205,1458 1228,1465 1355,1465 1378,1457 1423,1457"/>
<TextEquiv><Unicode>einer Quote der verzollbaren Waren, mitunter in fixem Betrage er-</Unicode></TextEquiv>
</TextLine>

<TextLine id="line_26">
<Coords points="212,1487 318,1487 361,1486 425,1486 446,1484 678,1484 707,1482 806,1482 834,1480 882,1480 902,1479 1106,1479 1138,1479 1191,1479 1218,1477 1321,1477 1344,1477 1422,1477 1422,1507 1344,1507 1321,1515 1218,1515 1191,1508 1138,1508 1106,1518 902,1518 882,1511 834,1511 806,1520 707,1520 678,1515 446,1515 425,1516 361,1516 318,1517 212,1517 212,1487"/>
<Baseline points="212,1517 318,1517 361,1516 425,1516 446,1515 678,1515 707,1520 806,1520 834,1511 882,1511 902,1518 1106,1518 1138,1508 1191,1508 1218,1515 1321,1515 1344,1507 1422,1507"/>
<TextEquiv><Unicode>hoben. Nur Handelswaren galten für zollpflichtig; der eigene Kon-</Unicode></TextEquiv>
</TextLine>

<TextLine id="line_27">
<Coords points="212,1544 278,1544 300,1544 360,1544 380,1534 479,1534 523,1533 583,1533 612,1533 658,1533 687,1531 841,1531 863,1530 956,1530 984,1537 1042,1537 1063,1528 1166,1528 1195,1528 1340,1528 1368,1535 1423,1535 1423,1556 1368,1556 1340,1563 1195,1563 1166,1558 1063,1558 1042,1559 984,1559 956,1560 863,1560 841,1562 687,1562 658,1563 612,1563 583,1563 523,1563 479,1565 380,1565 360,1565 300,1565 278,1566 212,1566 212,1544"/>
<Baseline points="212,1566 278,1566 300,1565 360,1565 380,1565 479,1565 523,1563 583,1563 612,1563 658,1563 687,1562 841,1562 863,1560 956,1560 984,1559 1042,1559 1063,1558 1166,1558 1195,1563 1340,1563 1368,1556 1423,1556"/>
<TextEquiv><Unicode>sum war frei . Für die einzelnen Arten von Zöllen begegnet uns</Unicode></TextEquiv>
</TextLine>

<TextLine id="line_28">
<Coords points="211,1584 280,1584 306,1583 402,1583 424,1581 696,1581 725,1579 909,1579 936,1577 1198,1577 1227,1583 1265,1583 1294,1574 1423,1574 1423,1603 1294,1603 1265,1604 1227,1604 1198,1613 936,1613 909,1609 725,1609 696,1618 424,1618 402,1619 306,1619 280,1612 211,1612 211,1584"/>
<Baseline points="211,1612 280,1612 306,1619 402,1619 424,1618 696,1618 725,1609 909,1609 936,1613 1198,1613 1227,1604 1265,1604 1294,1603 1423,1603"/>
<TextEquiv><Unicode>eine groſse Mannigfaltigkeit technischer Bezeichnungen, an welchen</Unicode></TextEquiv>
</TextLine>

<TextLine id="line_29">
<Coords points="214,1630 394,1630 427,1631 475,1631 506,1629 686,1629 714,1629 786,1629 817,1626 1048,1626 1077,1622 1315,1622 1344,1621 1423,1621 1423,1651 1344,1651 1315,1661 1077,1661 1048,1656 817,1656 786,1658 714,1658 686,1666 506,1666 475,1660 427,1660 394,1659 214,1659 214,1630"/>
<Baseline points="214,1659 394,1659 427,1660 475,1660 506,1666 686,1666 714,1658 786,1658 817,1656 1048,1656 1077,1661 1315,1661 1344,1651 1423,1651"/>
<TextEquiv><Unicode>namentlich die gefälschten oder verunechteten Zollprivilegien reich</Unicode></TextEquiv>
</TextLine>

</TextRegion>
<TextRegion id="block_2" custom="structure {type:pageNum;}">
<Coords points="203,199 203,229 264,229 264,199 203,199"/>
<TextLine id="line_30">
<Coords points="203,199 264,199 264,229 203,229 203,199"/>
<Baseline points="203,229 264,229"/>
<TextEquiv><Unicode>238</Unicode></TextEquiv>
</TextLine>

</TextRegion>
<TextRegion id="block_3" custom="structure {type:note;}">
<Coords points="338,1714 338,1753 338,1754 215,1754 215,1793 215,1793 215,1832 214,1831 214,1871 213,1878 213,1915 213,1917 340,1917 340,1950 338,1952 338,1990 338,1992 215,1992 215,2028 216,2036 216,2071 216,2072 339,2072 339,2109 339,2112 214,2112 214,2153 216,2151 216,2189 215,2192 215,2228 1409,2228 1409,2192 1426,2189 1426,2151 1426,2153 1426,2112 1426,2109 1426,2072 642,2072 642,2071 642,2036 1426,2036 1426,2028 1426,1992 1426,1990 1426,1952 962,1952 962,1950 962,1917 608,1917 608,1915 608,1878 1423,1878 1423,1871 1423,1831 1424,1832 1424,1793 1424,1793 1424,1754 1423,1753 1423,1714 338,1714"/>
<TextLine id="line_31">
<Coords points="338,1722 385,1722 403,1724 517,1724 534,1731 555,1731 574,1723 596,1723 615,1722 676,1722 697,1730 717,1730 735,1722 778,1722 806,1721 889,1721 911,1720 954,1720 976,1720 987,1720 1008,1718 1064,1718 1104,1717 1175,1717 1192,1716 1339,1716 1356,1714 1368,1714 1385,1714 1423,1714 1423,1743 1385,1743 1368,1737 1356,1737 1339,1739 1192,1739 1175,1740 1104,1740 1064,1743 1008,1743 987,1743 976,1743 954,1744 911,1744 889,1750 806,1750 778,1751 735,1751 717,1747 697,1747 676,1753 615,1753 596,1747 574,1747 555,1747 534,1747 517,1748 403,1748 385,1747 338,1747 338,1722"/>
<Baseline points="338,1747 385,1747 403,1748 517,1748 534,1747 555,1747 574,1747 596,1747 615,1753 676,1753 697,1747 717,1747 735,1751 778,1751 806,1750 889,1750 911,1744 954,1744 976,1743 987,1743 1008,1743 1064,1743 1104,1740 1175,1740 1192,1739 1339,1739 1356,1737 1368,1737 1385,1743 1423,1743"/>
<TextEquiv><Unicode>Ed. Pistense v. J. 864, c. 28, Pertz, LL I 495. Dazu Wartmann I 49,</Unicode></TextEquiv>
</TextLine>

<TextLine id="line_32">
<Coords points="215,1761 259,1761 276,1760 307,1760 324,1769 346,1769 364,1761 387,1761 405,1762 464,1762 487,1770 525,1770 547,1763 602,1763 620,1762 770,1762 787,1761 832,1761 849,1760 1020,1760 1044,1757 1088,1757 1107,1755 1199,1755 1222,1756 1336,1756 1355,1754 1424,1754 1424,1778 1355,1778 1336,1778 1222,1778 1199,1780 1107,1780 1088,1781 1044,1781 1020,1789 849,1789 832,1785 787,1785 770,1793 620,1793 602,1787 547,1787 525,1787 487,1787 464,1792 405,1792 387,1785 364,1785 346,1784 324,1784 307,1784 276,1784 259,1786 215,1786 215,1761"/>
<Baseline points="215,1786 259,1786 276,1784 307,1784 324,1784 346,1784 364,1785 387,1785 405,1792 464,1792 487,1787 525,1787 547,1787 602,1787 620,1793 770,1793 787,1785 832,1785 849,1789 1020,1789 1044,1781 1088,1781 1107,1780 1199,1780 1222,1778 1336,1778 1355,1778 1424,1778"/>
<TextEquiv><Unicode>Nr. 49 v. J. 766, wo eine Vergabung mit Zustimmung des Grafen erneuert wird.</Unicode></TextEquiv>
</TextLine>

<TextLine id="line_33">
<Coords points="215,1800 279,1800 296,1800 482,1800 498,1803 542,1803 556,1802 657,1802 675,1805 748,1805 766,1800 889,1800 907,1797 1042,1797 1065,1794 1241,1794 1263,1793 1289,1793 1306,1793 1424,1793 1424,1818 1306,1818 1289,1816 1263,1816 1241,1826 1065,1826 1042,1824 907,1824 889,1832 766,1832 748,1832 675,1832 657,1826 556,1826 542,1826 498,1826 482,1832 296,1832 279,1825 215,1825 215,1800"/>
<Baseline points="215,1825 279,1825 296,1832 482,1832 498,1826 542,1826 556,1826 657,1826 675,1832 748,1832 766,1832 889,1832 907,1824 1042,1824 1065,1826 1241,1826 1263,1816 1289,1816 1306,1818 1424,1818"/>
<TextEquiv><Unicode>Eine Veräuſserung mit licentia atque permissu centenarii (imperatoris) in Meichel-</Unicode></TextEquiv>
</TextLine>

<TextLine id="line_34">
<Coords points="214,1840 279,1840 299,1839 342,1839 359,1839 415,1839 449,1840 503,1840 522,1841 552,1841 571,1842 725,1842 748,1839 1000,1839 1023,1837 1048,1837 1071,1834 1137,1834 1155,1833 1193,1833 1214,1831 1286,1831 1311,1831 1335,1831 1355,1832 1423,1832 1423,1861 1355,1861 1335,1856 1311,1856 1286,1860 1214,1860 1193,1861 1155,1861 1137,1860 1071,1860 1048,1861 1023,1861 1000,1869 748,1869 725,1871 571,1871 552,1865 522,1865 503,1871 449,1871 415,1863 359,1863 342,1863 299,1863 279,1866 214,1866 214,1840"/>
<Baseline points="214,1866 279,1866 299,1863 342,1863 359,1863 415,1863 449,1871 503,1871 522,1865 552,1865 571,1871 725,1871 748,1869 1000,1869 1023,1861 1048,1861 1071,1860 1137,1860 1155,1861 1193,1861 1214,1860 1286,1860 1311,1856 1335,1856 1355,1861 1423,1861"/>
<TextEquiv><Unicode>beck Nr. 404. Vgl. H. Brunner, Landschenkungen in Berl. SB 1885, S. 1183,</Unicode></TextEquiv>
</TextLine>

<TextLine id="line_35">
<Coords points="213,1879 267,1879 285,1879 349,1879 350,1878 390,1878 409,1879 462,1879 481,1881 552,1881 570,1880 608,1880 608,1906 570,1906 552,1904 481,1904 462,1907 409,1907 390,1915 350,1915 349,1904 285,1904 267,1905 213,1905 213,1879"/>
<Baseline points="213,1905 267,1905 285,1904 349,1904 350,1915 390,1915 409,1907 462,1907 481,1904 552,1904 570,1906 608,1906"/>
<TextEquiv><Unicode>und oben S. 184, Anm. 31.</Unicode></TextEquiv>
</TextLine>

<TextLine id="line_36">
<Coords points="340,1917 367,1917 385,1918 413,1918 433,1919 569,1919 587,1920 599,1920 619,1920 672,1920 692,1919 748,1919 767,1920 790,1920 808,1919 853,1919 871,1919 906,1919 925,1918 962,1918 962,1942 925,1942 906,1943 871,1943 853,1950 808,1950 790,1943 767,1943 748,1950 692,1950 672,1944 619,1944 599,1943 587,1943 569,1950 433,1950 413,1942 385,1942 367,1942 340,1942 340,1917"/>
<Baseline points="340,1942 367,1942 385,1942 413,1942 433,1950 569,1950 587,1943 599,1943 619,1944 672,1944 692,1950 748,1950 767,1943 790,1943 808,1950 853,1950 871,1943 906,1943 925,1942 962,1942"/>
<TextEquiv><Unicode>Z. B. Ansegisus I 135. 137; II 32; IV 18.</Unicode></TextEquiv>
</TextLine>

<TextLine id="line_37">
<Coords points="338,1957 401,1957 414,1957 471,1957 484,1958 530,1958 549,1959 603,1959 616,1959 667,1959 679,1967 730,1967 741,1959 784,1959 804,1959 909,1959 921,1958 986,1958 1005,1955 1109,1955 1129,1952 1226,1952 1243,1952 1277,1952 1290,1953 1426,1953 1426,1980 1290,1980 1277,1977 1243,1977 1226,1978 1129,1978 1109,1982 1005,1982 986,1988 921,1988 909,1984 804,1984 784,1988 741,1988 730,1990 679,1990 667,1983 616,1983 603,1983 549,1983 530,1988 484,1988 471,1982 414,1982 401,1988 338,1988 338,1957"/>
<Baseline points="338,1988 401,1988 414,1982 471,1982 484,1988 530,1988 549,1983 603,1983 616,1983 667,1983 679,1990 730,1990 741,1988 784,1988 804,1984 909,1984 921,1988 986,1988 1005,1982 1109,1982 1129,1978 1226,1978 1243,1977 1277,1977 1290,1980 1426,1980"/>
<TextEquiv><Unicode>Zoll, ahd. zol, alts. und ags. tol, altnord. tollr, scheint, obwohl im Gotischen</Unicode></TextEquiv>
</TextLine>

<TextLine id="line_38">
<Coords points="215,2000 285,2000 302,1997 479,1997 498,1997 539,1997 556,1998 739,1998 757,1999 831,1999 847,2006 878,2006 896,1999 950,1999 969,1996 1020,1996 1042,1994 1087,1994 1101,1992 1196,1992 1213,1994 1426,1994 1426,2026 1213,2026 1196,2017 1101,2017 1087,2019 1042,2019 1020,2021 969,2021 950,2023 896,2023 878,2023 847,2023 831,2023 757,2023 739,2028 556,2028 539,2021 498,2021 479,2027 302,2027 285,2026 215,2026 215,2000"/>
<Baseline points="215,2026 285,2026 302,2027 479,2027 498,2021 539,2021 556,2028 739,2028 757,2023 831,2023 847,2023 878,2023 896,2023 950,2023 969,2021 1020,2021 1042,2019 1087,2019 1101,2017 1196,2017 1213,2026 1426,2026"/>
<TextEquiv><Unicode>nicht nachweisbar, ein germanisches Wort zu sein und auf Zählen zurückzugehen.</Unicode></TextEquiv>
</TextLine>

<TextLine id="line_39">
<Coords points="216,2040 328,2040 347,2036 453,2036 472,2036 527,2036 546,2036 570,2036 588,2036 642,2036 642,2060 588,2060 570,2060 546,2060 527,2060 472,2060 453,2069 347,2069 328,2071 216,2071 216,2040"/>
<Baseline points="216,2071 328,2071 347,2069 453,2069 472,2060 527,2060 546,2060 570,2060 588,2060 642,2060"/>
<TextEquiv><Unicode>Kluge, Etymol. WB S. 387.</Unicode></TextEquiv>
</TextLine>

<TextLine id="line_40">
<Coords points="339,2077 410,2077 423,2075 488,2075 509,2076 648,2076 676,2084 695,2084 713,2077 741,2077 768,2077 780,2077 797,2077 835,2077 876,2077 935,2077 953,2074 1049,2074 1069,2082 1091,2082 1110,2072 1133,2072 1151,2072 1211,2072 1235,2080 1254,2080 1275,2073 1317,2073 1342,2075 1352,2075 1373,2075 1426,2075 1426,2099 1373,2099 1352,2099 1342,2099 1317,2104 1275,2104 1254,2097 1235,2097 1211,2103 1151,2103 1133,2097 1110,2097 1091,2098 1069,2098 1049,2100 953,2100 935,2108 876,2108 835,2102 797,2102 780,2101 768,2101 741,2106 713,2106 695,2101 676,2101 648,2105 509,2105 488,2107 423,2107 410,2109 339,2109 339,2077"/>
<Baseline points="339,2109 410,2109 423,2107 488,2107 509,2105 648,2105 676,2101 695,2101 713,2106 741,2106 768,2101 780,2101 797,2102 835,2102 876,2108 935,2108 953,2100 1049,2100 1069,2098 1091,2098 1110,2097 1133,2097 1151,2103 1211,2103 1235,2097 1254,2097 1275,2104 1317,2104 1342,2099 1352,2099 1373,2099 1426,2099"/>
<TextEquiv><Unicode>Pipp. Cap. 754—755, c. 4, I 32. Cap. Theod. v. J. 805, c. 13, I 124.</Unicode></TextEquiv>
</TextLine>

<TextLine id="line_41">
<Coords points="214,2122 277,2122 296,2119 326,2119 344,2117 512,2117 530,2116 637,2116 659,2124 680,2124 698,2115 721,2115 739,2116 798,2116 822,2125 841,2125 862,2117 882,2117 900,2117 926,2117 950,2116 962,2116 979,2114 1034,2114 1074,2112 1244,2112 1267,2122 1314,2122 1335,2115 1426,2115 1426,2140 1335,2140 1314,2139 1267,2139 1244,2144 1074,2144 1034,2138 979,2138 962,2140 950,2140 926,2145 900,2145 882,2141 862,2141 841,2141 822,2141 798,2147 739,2147 721,2139 698,2139 680,2139 659,2139 637,2147 530,2147 512,2142 344,2142 326,2144 296,2144 277,2153 214,2153 214,2122"/>
<Baseline points="214,2153 277,2153 296,2144 326,2144 344,2142 512,2142 530,2147 637,2147 659,2139 680,2139 698,2139 721,2139 739,2147 798,2147 822,2141 841,2141 862,2141 882,2141 900,2145 926,2145 950,2140 962,2140 979,2138 1034,2138 1074,2144 1244,2144 1267,2139 1314,2139 1335,2140 1426,2140"/>
<TextEquiv><Unicode>Cap. de functionibus publicis v. J. 820, c. 1. 2, I 294. Zollordnung von Raffel-</Unicode></TextEquiv>
</TextLine>

<TextLine id="line_42">
<Coords points="216,2164 308,2164 326,2159 369,2159 387,2157 424,2157 441,2156 496,2156 516,2156 529,2156 542,2155 569,2155 588,2155 610,2155 627,2155 717,2155 735,2155 765,2155 783,2156 893,2156 912,2155 949,2155 967,2161 1038,2161 1056,2151 1087,2151 1100,2152 1226,2152 1238,2153 1337,2153 1356,2162 1426,2162 1426,2180 1356,2180 1337,2179 1238,2179 1226,2183 1100,2183 1087,2176 1056,2176 1038,2179 967,2179 949,2180 912,2180 893,2181 783,2181 765,2181 735,2181 717,2187 627,2187 610,2180 588,2180 569,2180 542,2180 529,2188 516,2188 496,2186 441,2186 424,2182 387,2182 369,2185 326,2185 308,2189 216,2189 216,2164"/>
<Baseline points="216,2189 308,2189 326,2185 369,2185 387,2182 424,2182 441,2186 496,2186 516,2188 529,2188 542,2180 569,2180 588,2180 610,2180 627,2187 717,2187 735,2181 765,2181 783,2181 893,2181 912,2180 949,2180 967,2179 1038,2179 1056,2176 1087,2176 1100,2183 1226,2183 1238,2179 1337,2179 1356,2180 1426,2180"/>
<TextEquiv><Unicode>stetten LL III 480, § 2: si aliquis de Bawaris sal suum ad propriam domum suam</Unicode></TextEquiv>
</TextLine>

<TextLine id="line_43">
<Coords points="215,2201 384,2201 402,2197 515,2197 533,2196 711,2196 728,2196 798,2196 816,2213 841,2213 859,2195 936,2195 955,2194 1059,2194 1078,2192 1122,2192 1139,2193 1259,2193 1276,2198 1409,2198 1409,2226 1276,2226 1259,2218 1139,2218 1122,2217 1078,2217 1059,2221 955,2221 936,2219 859,2219 841,2219 816,2219 798,2220 728,2220 711,2228 533,2228 515,2227 402,2227 384,2228 215,2228 215,2201"/>
<Baseline points="215,2228 384,2228 402,2227 515,2227 533,2228 711,2228 728,2220 798,2220 816,2219 841,2219 859,2219 936,2219 955,2221 1059,2221 1078,2217 1122,2217 1139,2218 1259,2218 1276,2226 1409,2226"/>
<TextEquiv><Unicode>transmittere voluerit, gubernatores navis .. nichil solvant, sed securiter transeant.</Unicode></TextEquiv>
</TextLine>

</TextRegion>
</Page>
</PcGts>