1600 2404
480 156 1177 192 § 138. Mord, Todschlag und Körperverletzung.
221 235 1436 277 ihren Mann, so hat sie ihr Leben und Vermögen an die Verwandten
223 283 1435 325 des Mannes verwirkt. Stellt sie ihm nach dem Leben, so verfällt sie
221 331 1013 370 samt ihrem Gute der Strafgewalt des Mannes.
305 378 1433 423 Ausgezeichnete Tötungen waren auſserdem die Tötung des Herrn,
221 426 1433 467 nach langobardischem, sächsischem und angelsächsischem Rechte ein
219 474 1432 515 todeswürdiges Verbrechen, im Norden ein Neidingswerk; ferner die
220 521 1433 563 Tötung von Geiſseln, die nach friesischem Rechte gleich dem Morde
218 569 1431 614 gesühnt werden muſste; endlich die Tötung mit Bruch der Urfehde,
218 616 1431 660 für deren Folgen in erster Linie das etwa im Sühnvertrage fest-
217 665 1431 708 gesetzte Strafgedinge maſsgebend war, während ein karolingisches
217 713 1430 754 Kapitular neben der Verwirkung des Wergeldes Verlust der Hand
217 760 718 798 und den Königsbann androht.
297 807 1430 848 Unter den Körperverletzungen werden Wunden und trockene
218 855 1426 898 Schläge unterschieden. Der Begriff der Wunde, wunta, ahd. auch
215 904 1430 947 tolk, fries. dolg, ags. und nord. ben, sár, wird entweder
215 954 1429 997 durch die Art der Verursachung oder durch die Art der Verletzung
214 1001 1429 1044 näher bestimmt. Wunden werden mit scharfer Waffe geschlagen, mit
216 1047 1428 1090 ‘Ort oder Egge’, Spitze oder Schneide beigebracht. Der Wunde
213 1097 1428 1136 ist die sanguinis effusio wesentlich, wobei manche Volksrechte noch
225 155 285 184 634
336 1228 565 1254 Roth. 200—203.
337 1268 1430 1304 Roth. 13. Lex Sax. 25. Cap. de part. Sax. 13. Vgl. Alfred 4, 2, Aethelstan
216 1309 1430 1346 II 4, Knut II 57. Leges Henrici primi 75, 1 setzen eine grausame Todesstrafe
214 1349 1428 1388 fest, die derart vollstreckt werden soll, daſs der Verbrecher: infelicem prius animam
212 1391 965 1424 exhalasse, quam finem doloribus excepisse videatur.
330 1431 1428 1464 Die poena dupli setzt Roth. 143 mit Rücksicht auf die dem Rechtsleben
208 1470 524 1502 geläufige Strafklausel.
334 1511 1269 1544 Cap. Theod. secund. v. J. 805, c. 5, I 123. Siehe oben S. 542.
334 1551 1426 1588 Die langobardische Rechtssprache nennt die Wunde plaga, den trockenen
207 1589 394 1621 Schlag ferita.
330 1630 1425 1668 Got. dulgs, Schuld scheint seine BedeutuugBedeutung aus der compositio vulneris ent-
207 1670 1425 1710 wickelt zu haben. J. Grimm in der Vorrede zu Rösslers Ausgabe des Altprager
208 1709 480 1741 Stadtrechts p. II f.
330 1750 1424 1789 Vgl. bana, bano oben Anm. 19. Die Grundbedeutung des Wortes ist Schlag,
206 1787 1423 1827 plaga. Ahd. bedeutet bana den Todschlag, wie dafür im Nordischen dráp, Schlag,
208 1826 431 1856 gebraucht wird.
328 1862 1380 1904 Ahd. sêr, Schmerz. Dazu versehren. Vgl. niederl. zeer, wund, verletzt.
327 1904 1421 1946 Grágás II 369: þat er sár, er oddz farvegr er a eđa egiar. Urteil v. J. 1492,
202 1943 1421 1987 Michelsen, Oberhof zu Lübeck 1839, S. 290: na deme … dar doch neyn blodich
182 1985 1422 2027 noch blauw mede wer, ok mit egge unde orde nicht wer gewracht … (Nachtrag
201 2024 570 2064 bei Grimm, RA S. 630).
322 2065 1421 2103 Lex Angl. et Werin. 6. Vgl. Cap. legg. add. 818/9, c. 2, I 281. Livor und
200 2105 881 2137 vulnus (Blau und Blut) unterscheidet Roth. 43.
