1600 2367
558 146 1099 179 § 19. Kriegswesen und Gefolgschaft.
222 224 1430 264 rissenen Gewänder geflickt werden . Ein freier Mann kann in die
223 270 1431 312 Hausgenossenschaft eines anderen Freien aus verschiedenen Gründen
225 318 1431 360 eintreten. Später kommt es vor, daſs Freie, um den Lebensunterhalt
225 365 1431 402 oder eine bessere Lebensführung oder um ausreichenden Schutz zu
225 411 1431 455 gewinnen, mit Beibehaltung ihrer Freiheit Hausdiener eines anderen
225 458 1432 501 werden. Begrifflich ist auch die freie Hausdienerschaft eine Spielart
226 506 1432 549 der Gefolgschaft, wie denn auch die Terminologie der Rechtsquellen
225 553 1431 593 sie in dieselbe einbegreift. Allein für das Gesellschafts- und Ver-
225 599 1432 643 fassungsleben der germanischen Zeit fiel sie jedenfalls nicht ins Ge-
226 647 1431 687 wicht, da bei den damaligen agrarischen Zuständen und bei der noch
227 694 1432 735 ungeschwächten Bedeutung der Geschlechtsverbände kaum ein Be-
228 740 1434 779 dürfnis vorhanden war, einen Gefolgsdienst jener Art zu suchen. Sehr
227 786 1433 829 beliebt war dagegen der Eintritt in militärisch organisierte Gefolg-
228 836 1433 877 schaften, welche eine höhere kriegerische Ausbildung und eine inten-
227 885 1433 927 sivere kriegerische Beschäftigung gewährten, als sie der Dienst im
228 933 1434 974 Volksheere der kampflustigen Jugend zu bieten vermochte. Diese
229 981 1435 1023 Gefolgschaften militärischer Natur sind es, welche die Germania des
229 1028 1433 1065 Tacitus schildert und welche das germanische Heldenlied verklärt.
228 1074 1436 1114 Nur Könige und Fürsten sind in der Lage, ein nennenswertes Gefolge
230 1122 1437 1157 dieser Art zu halten. Das war ein thatsächlicher Vorzug ihrer
231 1167 1436 1208 Stellung , weil nur der Dienst am Hofe, der die Gefolgsgenossen
230 1214 1435 1259 emporhob über die Sphäre des alltäglichen Lebens, der ihnen Kriegs-
229 1261 1437 1304 ruhm, Ehren und Freuden in Aussicht stellte, jene Anziehungskraft
230 1310 1436 1350 ausüben konnte, deren es bedurfte, um die beste Jugend des Volkes
231 1356 1436 1397 zum Eintritt in ein Dienstverhältnis zu veranlassen. Denn haupt-
231 1407 1437 1444 sächlich die Jugend und zwar die adelige Jugend drängte sich in den
232 1452 1436 1491 Gefolgsdienst. Der Jüngling kann schon anläſslich der Wehrhaft-
231 1495 1437 1539 machung, wie sie in der Landesgemeinde stattfindet, in die Gefolg-
232 1546 1438 1587 schaft aufgenommen werden. Dann ist es der princeps, der ihn
232 1591 1438 1633 durch Überreichung von Waffen wehrhaft macht. Hochedle Geburt
231 1639 1439 1682 und hervorragende Verdienste des Vaters machen junge Leute bereits
225 151 283 181 138
352 1748 1439 1784 K. Maurer, KrÜ II 398 nach Saxo Grammaticus V (I, p. 184): den König
231 1787 1438 1824 Frotho gehen einmal seine Gefolgsleute dringend an, er möge heiraten, damit je-
234 1827 1439 1863 mand da sei, der dafür sorge, daſs ihnen ihre alten Kleider geflickt und neue
234 1870 469 1903 gemacht werden.
354 1905 1440 1941 Kein Vorrecht. Von Rechts wegen konnte jeder freie Mann einen anderen
234 1945 1440 1977 in sein Haus aufnehmen, um sich von ihm vereinbarte, auch kriegerische Dienste
234 1984 1440 2020 leisten zu lassen. War er reich und vornehm genug, so mochte es ihm auch ge-
234 2023 1440 2060 lingen mehrere Gefolgsleute um sich zu versammeln. Bei den Langobarden, Angel-
235 2061 1439 2100 sachsen, Nordgermanen und Franken ist nachmals das Recht, ein Gefolge zu halten,
235 2106 702 2138 nicht auf den König beschränkt.
