1600 2404
183 224 1395 273 Liegenschaft dem Besitzer kein Eigentum übertragen — das Grundstück
184 273 1288 320 dem Kläger herausgeben und seinem Nachmanne Ersatz leisten.
266 318 1396 368 Vermag der Beklagte eine Urkunde vorzuweisen, so ist er nach
184 367 1396 409 fränkischem Rechte in seiner Antwort von dem Zwange des Antwort-
183 416 1396 459 formalismus befreit. Er mag erwidern: non malo ordine, sed per testa-
184 463 1397 505 mentum hoc teneo. Eine Buſse wegen rechtswidriger invasio kommt
187 507 1399 554 dann nicht mehr in Frage. Wird die Urkunde angefochten, so darf
187 557 1397 600 der Inhaber selbst den Beweis ihrer Wahrheit führen. Doch steht dem
185 605 1397 655 Kläger frei, geltend zu machen, daſs der in der Urkunde angegebene
186 653 1398 695 Auctor den Besitz des Grundstücks in rechtswidriger Weise er-
187 702 1397 743 worben habe. Kommt es somit auf das Recht des Auctors an, so
187 757 710 794 muſs der Beklagte ihn stellen.
267 796 1399 844 Vermag der Besitzer dreiſsigjährigen unangefochtenen Besitz ein-
188 845 1399 890 zuwenden, so schlieſst er damit nach fränkischem, wie nach west-
189 892 1399 940 gotischem und burgundischem Rechte jeden Anspruch des Klägers
189 937 1402 984 aus. Das langobardische Recht giebt dem Beklagten diesfalls die Be-
188 984 1401 1038 fugnis, sich mit seinem Eide zu verteidigen, ohne daſs dem Kläger ein
189 1032 1401 1079 Urkundenbeweis oder Berufung auf den Zweikampf nachgelassen
192 1081 1402 1132 wird. Fünfjähriger ruhiger Besitz enthebt nach langobardischem
191 1129 1403 1177 Rechte der Pflicht, den Auctor zu stellen. Der Besitzer mag sich
190 1183 953 1225 selbst durch Eid oder Zweikampf wehren.
271 1227 1403 1273 Besondere Grundsätze gelten nach fränkischem Rechte für den
192 1277 1404 1325 Fall, daſs der Beklagte erklärt, das streitige Grundstück als Erbgut zu
466 147 1105 185 § 119. Der Rechtsgang um Liegenschaften.
1333 144 1391 175 517
317 1383 1405 1423 Nach Lex Baiuw. l. c. erhebt der Kläger gegen den firmierenden Gewährs-
192 1422 1403 1467 mann den Klagvorwurf: iniuste territorium meum alteri firmasti, id est farsvirotos,
191 1461 1404 1509 ipsum mihi debes reddere et cum 12 solidis conponere. — Meichelbeck Nr. 530,
192 1501 1403 1545 H. 260: Alprih hatte der Kirche von Freising ein Gut geschenkt, et hanc ipsam
192 1541 1405 1583 traditionem ad ipsa casa Dei firmare et stabilire non potuit, sed iterum de manu
193 1582 1405 1629 supra dicti advocati (des Vogtes der beschenkten Kirche) illam traditionem suscepit
193 1622 1405 1662 et Chonrato dimisit in proprium (es war also der Auctor, nicht der beklagte Be-
193 1662 1404 1707 sitzer, der das Gut dem Kläger restituierte). Alprih vergabt dann der Kirche zum
194 1708 650 1742 Ersatz ein anderes Grundstück.
315 1750 540 1780 Lex Rib. 59, 8.
316 1781 1406 1820 Decr. Childeb. II. c. 3. Cap. a sacerd. propos. v. J. 802, c. 17, I 107.
194 1822 1406 1861 Form. Turon. 39. Leges Eurici, fragm. 277. Lex Wisig. X 2, 3. 4. 5. Lex
195 1863 1405 1907 Burg. 79, 3. — Vgl. Chloth. II. praeceptio c. 13, II 19, wo aber ein iustum pos-
195 1901 1406 1942 sessionis initium verlangt wird. — Über die Form, in welcher die Klage zurück-
195 1941 1406 1986 gewiesen wird, siehe oben S. 347. Der Besitzer kann sich die Besitzzeit seines
195 1978 1405 2020 Vormannes zurechnen. Monumenta Patriae, Chartae II 15, Nr. 8 von circa 890:
195 2020 1406 2066 in suo responso dixit, quod per se et suos donatores per triginta annis et am-
195 2071 646 2106 plius legibus vestiti fuimus …
319 2105 869 2138 Grimoald 4. Liu. 54. Vgl. Liu. 115.
319 2152 467 2178 Roth. 228.
