1600 2367
620 143 1046 175 § 27. Geld- und Münzwesen.
228 217 1430 271 12 saigae. Vermutlich sind es die schweren römischen Silberdenare,
227 264 801 307 die uns hier als saigae begegnen.
306 312 1431 362 Der Goldsolidus war in Austrasien nur Rechnungsgeld und auch
224 358 1431 407 die Silberdenare wurden hier im Verkehr wenig gebraucht. Dieser
222 406 1428 460 ging im groſsen und ganzen nicht über den Tauschhandel hinaus;
223 454 1428 500 thatsächliches Zahlungsmittel blieb das Vieh. Denn die austrasischen
221 501 1427 548 Deutschen befanden sich unter den Merowingern in einem Zustande
223 549 1427 596 wirtschaftlicher Isolierung. Die Handelsbeziehungen, welche in römi-
221 597 1426 649 scher Zeit bestanden hatten, waren durch die Völkerwanderung ver-
220 644 1427 690 schüttet, neue Verkehrswege seitdem nicht erschlossen worden. Erst
222 690 1425 736 die Karolinger begannen Austrasien in das entwickeltere Verkehrs-
222 737 1424 783 leben Neustriens hineinzuziehen. Eine Maſsregel austrasischer Wirt-
220 783 1425 831 schaftspolitik war es auch, daſs das fränkische Münzwesen kurz vor
217 833 1424 880 der Mitte des achten Jahrhunderts, als der Goldvorrat im Reiche fast
216 881 1423 930 erschöpft war, vom Goldsolidus zum Silbersolidus überging. Denn durch
216 928 1422 981 die Art der Neuerung wurde den austrasischen Stämmen die Möglich-
215 976 1422 1023 keit eröffnet, sich über den Tauschhandel emporzuheben und an all-
219 1024 1252 1070 gemeineren Gebrauch des gemünzten Geldes zu gewöhnen.
295 1071 1420 1120 Die neue Münzordnung wird zuerst in einem Kapitulare Karl-
215 1118 1419 1163 manns von 743 erwähnt. Sie rechnet auf den Silbersolidus 12 Denare.
216 1162 1420 1209 Da auf das Pfund Silber 20—22 solidi gingen, so hatte der Silber-
200 1211 1418 1257 solidus rechnungsmäſsig etwa das vierfache Gewicht des Goldsolidus.
214 1258 1419 1309 Schätzt man das Gold auf den zwölffachen Wert des Silbers, so ent-
212 1308 1418 1360 sprechen in runder Zahl drei Silbersolidi dem Goldsolidus. Übrigens
213 1355 1418 1404 war der Silbersolidus nur Rechnungsmünze, ausgeprägt wurde er
212 1401 1420 1451 nicht. Ein Kapitular Pippins von 754—55 bestimmte, daſs auf
213 1447 1417 1500 das Pfund nicht mehr als 22 solidi ausgeprägt werden sollten, von
212 1496 1386 1541 welchen der Münzer einen Solidus als Schlagschatz abziehen dürfe.
211 1542 1416 1588 Seit etwa 780 ist die Ausprägung des Pfundes zu einem Münzwert von
210 1591 1414 1641 20 solidi bezeugt, und dabei ist es auch auf die Dauer geblieben,
210 1638 1414 1681 nur daſs um jene Zeit Karl der Groſse dem leichteren römischen
208 1684 1414 1730 Pfunde von 327 Gramm ein schwereres substituierte, welches von
206 1731 964 1767 jenem mindestens um 40 Gramm differierte.
289 1778 1416 1829 In Baiern hielt man längere Zeit an dem Goldsolidus fest, auf
227 139 287 168 214
319 1880 830 1915 v. Inama-Sternegg, WG I 452.
307 1917 1412 1959 Die Münzfunde weisen ebensowenig einen Silbersolidus wie einen Silber-
207 1958 738 1988 tremissis auf. Müller a. O. S 264.
318 1999 531 2030 Cap. I 32 c. 5.
318 2039 653 2070 Cap. episcoporum I 52.
315 2077 1411 2116 Nach Soetbeer IV 311 wog das neue Pfund 367, nach Guérard I 125
207 2115 1008 2150 und v. Inama-Sternegg I 450 hatte es 408 Gramm.
