1600 2404
200 244 1410 284 seinen letzten Regierungsjahren eine schlaffere geworden . Unter
201 292 1409 331 Ludwig I. begann dann das Provinzialbeamtentum üppig auszuwuchern.
205 339 1409 376 In einem öffentlichen Aktenstücke anerkannte Ludwig I., daſs die öffent-
202 387 1411 424 liche Gewalt zwischen Königtum und Beamtentum, und zwar kraft
201 435 1411 473 göttlichen und weltlichen Rechtes, geteilt sei . Dem ursprünglichen
202 483 1409 521 Charakter des vom König verliehenen Amtes widersprechend, kenn-
201 530 1410 568 zeichnet diese Auffassung die im Zuge begriffene Umwandlung des
204 577 1410 616 Amtes in ein Lehen, welche die Amtsbefugnisse zu einem Eigenrechte
204 624 1410 663 des Beamten gestaltete. Den Anstoſs zu dieser Entwicklung gab die
203 672 1411 708 Ausdehnung der Vassallität auf das höhere Beamtentum, eine Maſs-
205 717 1412 755 regel, die zwar anfänglich ihren ursprünglichen Zweck, nämlich eine
204 763 1412 803 gröſsere Abhängigkeit des Beamten herbeizuführen, erfüllte, aber in
203 812 1166 849 ihrem schlieſslichen Ergebnisse das Gegenteil bewirkte.
288 860 1413 898 Die Verleihung des Amtes erfolgte in karolingischer Zeit für
205 909 1412 946 Lebenszeit des Verleihers und des Beamten, wodurch nicht aus-
205 959 1413 997 geschlossen war, daſs der Beamte sein Amt durch die Art der Amts-
204 1006 1413 1044 führung verwirkte. Andererseits kam es häufig vor, daſs das Amt bei
206 1055 1413 1090 Thronwechsel dem Inhaber verblieb, und nach dem Tode des Inhabers
206 1101 1413 1137 einem seiner Nachkommen zu teil wurde, eine Praxis, welche zu-
206 1148 1414 1184 nächst in Westfrancien eine thatsächliche Vererbung gewisser höherer
207 1191 1049 1231 Ämter der Provinzialverwaltung zur Folge hatte.
287 1242 1409 1282 Neben den ordentlichen Beamten gab es von je auſserordentliche,
208 1289 1412 1326 die nicht mit einem ständigen Amte, sondern nur mit einem vorüber-
208 1336 1413 1375 gehenden Kommissorium betraut waren. Solche auſserordentliche Be-
208 1384 1413 1421 amte faſst der Name der königlichen Missi zusammen. Als das Haus-
207 1428 1414 1471 meieramt mit Anbruch, das Herzogsamt im Laufe der karolingischen
207 1481 1414 1519 Zeit verschwunden war, diente die von Karl dem Groſsen organisierte
207 1530 1414 1567 Einrichtung der Missi als wesentliches Mittel die Verwaltung im Sinne
209 1571 1415 1615 des Königs zu lenken und den Miſsbräuchen und Übergriffen der
209 1623 1415 1660 ordentlichen Beamten zu steuern. Unter Ludwig I. und seinen Nach-
209 1669 1415 1706 folgern verfiel die segensreiche Neuerung und haben nicht selten
412 164 1203 202 § 70. Der fränkische König als Patricius Romanorum
202 167 240 195 82
331 1753 1318 1785 Mühlbacher, Deutsche Geschichte unter den Karolingern S. 214.
334 1793 1416 1824 Die Admonitio ad omnes regni ordines von 823—825, Cap. I 303, c. 2
210 1832 1417 1865 erklärt es für die Aufgabe der Reichsverwaltung, daſs die Kirche geschützt und
211 1873 1416 1905 erhöht, der Friede bewahrt und das Recht gehandhabt werde. Sed quamquam,
210 1912 1417 1945 fährt Ludwig in c. 3 fort, summa huius ministerii in nostra persona consistere videatur,
211 1951 1416 1986 tamen et divina auctoritate et humana ordinatione ita per partes di-
211 1991 1418 2027 visum esse cognoscitur, ut unusquisque vestrum in suo loco et ordine partem
213 2029 1417 2063 nostri ministerii habere cognoscatur … Nec enim ignoramus, quid unicuique
212 2068 1416 2102 vestrum in sibi commissa portione conveniat .. A. O. c. 14: et quoniam,
213 2107 1418 2139 sicut diximus, unusquisque vestrum partem ministerii nostri per partes habere di-
212 2150 387 2176 noscitur …
