<?xml version="1.0" encoding="UTF-8"?>
<PcGts xmlns="http://schema.primaresearch.org/PAGE/gts/pagecontent/2019-07-15" xmlns:xsi="http://www.w3.org/2001/XMLSchema-instance" xsi:schemaLocation="http://schema.primaresearch.org/PAGE/gts/pagecontent/2019-07-15 http://schema.primaresearch.org/PAGE/gts/pagecontent/2019-07-15/pagecontent.xsd">
<Metadata>
<Creator>KK-regJS2PAGE.py</Creator>
<Created>2021-01-18T15:24:52.760237</Created>
<LastChange>2021-01-18T15:24:52.760237</LastChange>
</Metadata>
<Page imageFilename="brunner_rechtsgeschichte01_1887_0380.png" imageWidth="1600" imageHeight="2367">
<TextRegion id="block_0" custom="structure {type:body;}">
<Coords points="227,237 227,274 229,291 229,328 229,331 309,331 309,374 309,383 230,383 230,421 230,426 309,426 309,466 309,473 229,473 229,513 230,520 230,566 231,568 231,606 231,616 231,661 231,662 231,700 232,709 232,751 232,756 313,756 313,796 313,803 233,803 233,850 234,853 234,890 234,900 234,945 235,948 235,988 236,996 236,1033 236,1043 236,1082 239,1095 239,1134 239,1137 317,1137 317,1178 317,1184 238,1184 238,1224 240,1231 240,1275 239,1278 239,1318 238,1327 238,1370 239,1376 239,1411 239,1423 239,1457 240,1469 240,1510 240,1517 240,1555 240,1564 240,1605 241,1612 241,1649 241,1656 321,1656 321,1700 321,1703 241,1703 241,1744 241,1752 241,1793 244,1799 244,1838 1452,1838 1452,1799 1452,1793 1452,1752 1451,1744 1451,1703 1451,1700 1451,1656 919,1656 919,1649 919,1612 1451,1612 1451,1605 1451,1564 1450,1555 1450,1517 1450,1510 1450,1469 1450,1457 1450,1423 1449,1411 1449,1376 1449,1370 1449,1327 1449,1318 1449,1278 1446,1275 1446,1231 1446,1224 1446,1184 1445,1178 1445,1137 611,1137 611,1134 611,1095 1447,1095 1447,1082 1447,1043 1443,1033 1443,996 1443,988 1443,948 1445,945 1445,900 1443,890 1443,853 1443,850 1443,803 1442,796 1442,756 1311,756 1311,751 1311,709 1442,709 1442,700 1442,662 1442,661 1442,616 1441,606 1441,568 1440,566 1440,520 1440,513 1440,473 1439,466 1439,426 724,426 724,421 724,383 1441,383 1441,374 1441,331 405,331 405,328 405,291 1438,291 1438,274 1438,237 227,237"/>
<TextLine id="line_0">
<Coords points="227,244 309,244 327,242 382,242 403,251 461,251 481,241 687,241 710,240 820,240 842,240 894,240 915,238 1102,238 1124,237 1438,237 1438,273 1124,273 1102,268 915,268 894,268 842,268 820,269 710,269 687,274 481,274 461,272 403,272 382,272 327,272 309,273 227,273 227,244"/>
<Baseline points="227,273 309,273 327,272 382,272 403,272 461,272 481,274 687,274 710,269 820,269 842,268 894,268 915,268 1102,268 1124,273 1438,273"/>
<TextEquiv><Unicode>nicht frei von Ausdrücken, welche der fränkischen Rechtsterminologie</Unicode></TextEquiv>
</TextLine>

<TextLine id="line_1">
<Coords points="229,291 405,291 405,328 229,328 229,291"/>
<Baseline points="229,328 405,328"/>
<TextEquiv><Unicode>angehören.</Unicode></TextEquiv>
</TextLine>

<TextLine id="line_2">
<Coords points="309,338 430,338 458,337 497,337 525,336 577,336 599,334 858,334 893,334 1007,334 1036,333 1088,333 1109,332 1359,332 1379,331 1441,331 1441,359 1379,359 1359,367 1109,367 1088,361 1036,361 1007,369 893,369 858,371 599,371 577,365 525,365 497,365 458,365 430,374 309,374 309,338"/>
<Baseline points="309,374 430,374 458,365 497,365 525,365 577,365 599,371 858,371 893,369 1007,369 1036,361 1088,361 1109,367 1359,367 1379,359 1441,359"/>
<TextEquiv><Unicode>Streitig ist das Geltungsgebiet, streitig der Entstehungsort und</Unicode></TextEquiv>
</TextLine>

<TextLine id="line_3">
<Coords points="230,387 278,387 299,384 561,384 581,384 635,384 655,383 724,383 724,412 655,412 635,413 581,413 561,421 299,421 278,416 230,416 230,387"/>
<Baseline points="230,416 278,416 299,421 561,421 581,413 635,413 655,412 724,412"/>
<TextEquiv><Unicode>die Entstehungszeit der Lex.</Unicode></TextEquiv>
</TextLine>

<TextLine id="line_4">
<Coords points="309,434 370,434 390,431 559,431 582,430 757,430 778,429 825,429 848,428 1039,428 1062,428 1120,428 1143,427 1197,427 1219,427 1267,427 1287,426 1439,426 1439,463 1287,463 1267,456 1219,456 1197,456 1143,456 1120,456 1062,456 1039,463 848,463 825,458 778,458 757,460 582,460 559,466 390,466 370,463 309,463 309,434"/>
<Baseline points="309,463 370,463 390,466 559,466 582,460 757,460 778,458 825,458 848,463 1039,463 1062,456 1120,456 1143,456 1197,456 1219,456 1267,456 1287,463 1439,463"/>
<TextEquiv><Unicode>Der Verfasser, vermutlich ein Geistlicher, will wie die Epitoma-</Unicode></TextEquiv>
</TextLine>

<TextLine id="line_5">
<Coords points="229,485 315,485 336,482 387,482 403,480 541,480 560,478 718,478 733,477 827,477 847,476 1014,476 1035,475 1204,475 1226,474 1292,474 1313,482 1344,482 1366,473 1440,473 1440,502 1366,502 1344,502 1313,502 1292,503 1226,503 1204,509 1035,509 1014,513 847,513 827,506 733,506 718,508 560,508 541,509 403,509 387,510 336,510 315,511 229,511 229,485"/>
<Baseline points="229,511 315,511 336,510 387,510 403,509 541,509 560,508 718,508 733,506 827,506 847,513 1014,513 1035,509 1204,509 1226,503 1292,503 1313,502 1344,502 1366,502 1440,502"/>
<TextEquiv><Unicode>toren des Breviars römisches Recht überhaupt darstellen, sind es doch</Unicode></TextEquiv>
</TextLine>

<TextLine id="line_6">
<Coords points="230,528 443,528 464,527 705,527 727,523 887,523 906,523 1026,523 1050,523 1097,523 1120,531 1152,531 1174,522 1345,522 1388,520 1440,520 1440,550 1388,550 1345,559 1174,559 1152,551 1120,551 1097,552 1050,552 1026,558 906,558 887,554 727,554 705,557 464,557 443,566 230,566 230,528"/>
<Baseline points="230,566 443,566 464,557 705,557 727,554 887,554 906,558 1026,558 1050,552 1097,552 1120,551 1152,551 1174,559 1345,559 1388,550 1440,550"/>
<TextEquiv><Unicode>vorzugsweise Konstitutionen römischer Kaiser, die er exzerpiert. So-</Unicode></TextEquiv>
</TextLine>

<TextLine id="line_7">
<Coords points="231,578 300,578 320,585 353,585 373,585 441,585 461,574 646,574 667,571 819,571 842,570 910,570 931,579 964,579 980,571 1032,571 1049,579 1086,579 1103,570 1200,570 1213,569 1279,569 1292,568 1441,568 1441,606 1292,606 1279,598 1213,598 1200,598 1103,598 1086,599 1049,599 1032,599 980,599 964,598 931,598 910,598 842,598 819,605 667,605 646,603 461,603 441,605 373,605 353,605 320,605 300,606 231,606 231,578"/>
<Baseline points="231,606 300,606 320,605 353,605 373,605 441,605 461,603 646,603 667,605 819,605 842,598 910,598 931,598 964,598 980,599 1032,599 1049,599 1086,599 1103,598 1200,598 1213,598 1279,598 1292,606 1441,606"/>
<TextEquiv><Unicode>weit er vom Breviarium abweicht, faſst er das zu seiner Zeit praktisch</Unicode></TextEquiv>
</TextLine>

<TextLine id="line_8">
<Coords points="231,624 368,624 394,622 537,622 558,620 652,620 672,620 717,620 738,618 830,618 872,617 928,617 957,625 989,625 1016,617 1138,617 1159,617 1349,617 1370,616 1442,616 1442,645 1370,645 1349,646 1159,646 1138,645 1016,645 989,645 957,645 928,646 872,646 830,654 738,654 717,648 672,648 652,649 558,649 537,652 394,652 368,661 231,661 231,624"/>
<Baseline points="231,661 368,661 394,652 537,652 558,649 652,649 672,648 717,648 738,654 830,654 872,646 928,646 957,645 989,645 1016,645 1138,645 1159,646 1349,646 1370,645 1442,645"/>
<TextEquiv><Unicode>geltende römische Recht ins Auge. Wo er örtliche Rechtssätze oder</Unicode></TextEquiv>
</TextLine>

<TextLine id="line_9">
<Coords points="231,669 505,669 527,666 689,666 711,666 811,666 832,672 864,672 885,664 946,664 968,663 1048,663 1068,672 1135,672 1154,663 1356,663 1379,662 1442,662 1442,691 1379,691 1356,697 1154,697 1135,691 1068,691 1048,692 968,692 946,692 885,692 864,692 832,692 811,699 711,699 689,700 527,700 505,700 231,700 231,669"/>
<Baseline points="231,700 505,700 527,700 689,700 711,699 811,699 832,692 864,692 885,692 946,692 968,692 1048,692 1068,691 1135,691 1154,697 1356,697 1379,691 1442,691"/>
<TextEquiv><Unicode>Rechtsausdrücke aufnimmt, bringt er sich nicht zum Bewuſstsein, daſs</Unicode></TextEquiv>
</TextLine>

<TextLine id="line_10">
<Coords points="232,718 275,718 296,716 377,716 398,714 554,714 577,713 755,713 777,711 866,711 891,719 933,719 955,709 1114,709 1135,709 1229,709 1249,709 1311,709 1311,745 1249,745 1229,738 1135,738 1114,739 955,739 933,740 891,740 866,746 777,746 755,742 577,742 554,751 398,751 377,745 296,745 275,747 232,747 232,718"/>
<Baseline points="232,747 275,747 296,745 377,745 398,751 554,751 577,742 755,742 777,746 866,746 891,740 933,740 955,739 1114,739 1135,738 1229,738 1249,745 1311,745"/>
<TextEquiv><Unicode>sie nicht allgemein anwendbar seien, wo römisches Recht gilt.</Unicode></TextEquiv>
</TextLine>

<TextLine id="line_11">
<Coords points="313,763 418,763 439,761 558,761 585,761 678,761 708,760 770,760 799,760 846,760 871,759 932,759 959,759 990,759 1013,757 1189,757 1216,756 1366,756 1392,765 1442,765 1442,784 1392,784 1366,794 1216,794 1189,787 1013,787 990,788 959,788 932,788 871,788 846,789 799,789 770,790 708,790 678,796 585,796 558,791 439,791 418,793 313,793 313,763"/>
<Baseline points="313,793 418,793 439,791 558,791 585,796 678,796 708,790 770,790 799,789 846,789 871,788 932,788 959,788 990,788 1013,787 1189,787 1216,794 1366,794 1392,784 1442,784"/>
<TextEquiv><Unicode>Auſser Zweifel steht, daſs die Lex in Churrätien praktisch an-</Unicode></TextEquiv>
</TextLine>

<TextLine id="line_12">
<Coords points="233,812 388,812 422,811 541,811 576,810 623,810 679,809 745,809 781,808 837,808 872,807 935,807 970,805 1180,805 1214,803 1443,803 1443,834 1214,834 1180,837 970,837 935,837 872,837 837,838 781,838 745,839 679,839 623,840 576,840 541,841 422,841 388,850 233,850 233,812"/>
<Baseline points="233,850 388,850 422,841 541,841 576,840 623,840 679,839 745,839 781,838 837,838 872,837 935,837 970,837 1180,837 1214,834 1443,834"/>
<TextEquiv><Unicode>gewendet worden ist. Von den drei überlieferten Handschriften</Unicode></TextEquiv>
</TextLine>

<TextLine id="line_13">
<Coords points="234,864 379,864 407,860 478,860 508,867 559,867 588,859 640,859 661,857 847,857 890,856 965,856 986,855 1132,855 1154,862 1206,862 1226,853 1378,853 1403,853 1443,853 1443,880 1403,880 1378,882 1226,882 1206,882 1154,882 1132,884 986,884 965,884 890,884 847,886 661,886 640,887 588,887 559,887 508,887 478,888 407,888 379,890 234,890 234,864"/>
<Baseline points="234,890 379,890 407,888 478,888 508,887 559,887 588,887 640,887 661,886 847,886 890,884 965,884 986,884 1132,884 1154,882 1206,882 1226,882 1378,882 1403,880 1443,880"/>
<TextEquiv><Unicode>stammen zwei aus der Ostschweiz. Eine Urkunde aus Rankweil im</Unicode></TextEquiv>
</TextLine>

<TextLine id="line_14">
<Coords points="234,908 375,908 396,907 575,907 603,905 718,905 745,905 811,905 837,903 1045,903 1075,901 1126,901 1152,901 1199,901 1222,900 1313,900 1355,900 1445,900 1445,929 1355,929 1313,931 1222,931 1199,931 1152,931 1126,931 1075,931 1045,940 837,940 811,934 745,934 718,935 603,935 575,942 396,942 375,945 234,945 234,908"/>
<Baseline points="234,945 375,945 396,942 575,942 603,935 718,935 745,934 811,934 837,940 1045,940 1075,931 1126,931 1152,931 1199,931 1222,931 1313,931 1355,929 1445,929"/>
<TextEquiv><Unicode>heutigen Vorarlberg enthält eine Bezugnahme auf die Lex . Nicht</Unicode></TextEquiv>
</TextLine>

<TextLine id="line_15">
<Coords points="235,955 516,955 544,954 598,954 629,953 692,953 720,953 762,953 790,952 821,952 843,952 909,952 931,952 1083,952 1104,949 1232,949 1240,948 1443,948 1443,977 1240,977 1232,978 1104,978 1083,987 931,987 909,981 843,981 821,981 790,981 762,981 720,981 692,982 629,982 598,988 544,988 516,985 235,985 235,955"/>
<Baseline points="235,985 516,985 544,988 598,988 629,982 692,982 720,981 762,981 790,981 821,981 843,981 909,981 931,987 1083,987 1104,978 1232,978 1240,977 1443,977"/>
<TextEquiv><Unicode>unwahrscheinlich ist, daſs sie in dem gesamten rätisch-romanischen</Unicode></TextEquiv>
</TextLine>

<TextLine id="line_16">
<Coords points="236,1003 360,1003 388,1003 448,1003 478,1002 605,1002 631,1001 736,1001 764,1000 808,1000 836,999 911,999 932,998 1038,998 1066,1006 1119,1006 1141,996 1269,996 1296,996 1443,996 1443,1032 1296,1032 1269,1033 1141,1033 1119,1026 1066,1026 1038,1027 932,1027 911,1028 836,1028 808,1029 764,1029 736,1029 631,1029 605,1031 478,1031 448,1032 388,1032 360,1033 236,1033 236,1003"/>
<Baseline points="236,1033 360,1033 388,1032 448,1032 478,1031 605,1031 631,1029 736,1029 764,1029 808,1029 836,1028 911,1028 932,1027 1038,1027 1066,1026 1119,1026 1141,1033 1269,1033 1296,1032 1443,1032"/>
<TextEquiv><Unicode>Gebiete und darüber hinaus bis nach Istrien zur Geltung gelangte.</Unicode></TextEquiv>
</TextLine>

<TextLine id="line_17">
<Coords points="236,1051 322,1051 344,1051 391,1051 413,1050 502,1050 521,1047 713,1047 722,1071 728,1071 759,1048 806,1048 828,1047 881,1047 901,1054 958,1054 976,1045 1022,1045 1043,1045 1190,1045 1213,1044 1265,1044 1285,1043 1347,1043 1369,1043 1447,1043 1447,1072 1369,1072 1347,1072 1285,1072 1265,1073 1213,1073 1190,1079 1043,1079 1022,1074 976,1074 958,1075 901,1075 881,1075 828,1075 806,1076 759,1076 728,1082 722,1082 713,1078 521,1078 502,1079 413,1079 391,1079 344,1079 322,1080 236,1080 236,1051"/>
<Baseline points="236,1080 322,1080 344,1079 391,1079 413,1079 502,1079 521,1078 713,1078 722,1082 728,1082 759,1076 806,1076 828,1075 881,1075 901,1075 958,1075 976,1074 1022,1074 1043,1079 1190,1079 1213,1073 1265,1073 1285,1072 1347,1072 1369,1072 1447,1072"/>
<TextEquiv><Unicode>Denn die dritte Handschrift, die wir von ihr besitzen, hat sich einst</Unicode></TextEquiv>
</TextLine>

<TextLine id="line_18">
<Coords points="239,1107 276,1107 297,1097 434,1097 454,1095 611,1095 611,1126 454,1126 434,1134 297,1134 276,1127 239,1127 239,1107"/>
<Baseline points="239,1127 276,1127 297,1134 434,1134 454,1126 611,1126"/>
<TextEquiv><Unicode>zu Aquileja befunden.</Unicode></TextEquiv>
</TextLine>

<TextLine id="line_19">
<Coords points="317,1145 384,1145 400,1144 649,1144 670,1143 723,1143 743,1142 804,1142 824,1141 877,1141 897,1149 966,1149 987,1141 1017,1141 1038,1139 1173,1139 1195,1140 1226,1140 1245,1137 1445,1137 1445,1168 1245,1168 1226,1167 1195,1167 1173,1173 1038,1173 1017,1168 987,1168 966,1169 897,1169 877,1169 824,1169 804,1170 743,1170 723,1170 670,1170 649,1178 400,1178 384,1172 317,1172 317,1145"/>
<Baseline points="317,1172 384,1172 400,1178 649,1178 670,1170 723,1170 743,1170 804,1170 824,1169 877,1169 897,1169 966,1169 987,1168 1017,1168 1038,1173 1173,1173 1195,1167 1226,1167 1245,1168 1445,1168"/>
<TextEquiv><Unicode>Den Entstehungsort der Lex hat man in Istrien , in Oberitalien</Unicode></TextEquiv>
</TextLine>

<TextLine id="line_20">
<Coords points="238,1191 299,1191 327,1191 358,1191 386,1188 583,1188 614,1188 744,1188 787,1187 847,1187 878,1187 941,1187 973,1186 1098,1186 1125,1185 1275,1185 1305,1184 1446,1184 1446,1221 1305,1221 1275,1213 1125,1213 1098,1214 973,1214 941,1214 878,1214 847,1215 787,1215 744,1224 614,1224 583,1219 386,1219 358,1219 327,1219 299,1220 238,1220 238,1191"/>
<Baseline points="238,1220 299,1220 327,1219 358,1219 386,1219 583,1219 614,1224 744,1224 787,1215 847,1215 878,1214 941,1214 973,1214 1098,1214 1125,1213 1275,1213 1305,1221 1446,1221"/>
<TextEquiv><Unicode>und in Churrätien  gesucht. Für ihre rätische Herkunft sprechen</Unicode></TextEquiv>
</TextLine>

<TextLine id="line_21">
<Coords points="240,1237 508,1237 530,1236 660,1236 703,1235 758,1235 779,1234 840,1234 861,1233 975,1233 995,1232 1128,1232 1158,1231 1267,1231 1296,1231 1363,1231 1392,1232 1446,1232 1446,1260 1392,1260 1363,1266 1296,1266 1267,1260 1158,1260 1128,1266 995,1266 975,1263 861,1263 840,1263 779,1263 758,1264 703,1264 660,1266 530,1266 508,1275 240,1275 240,1237"/>
<Baseline points="240,1275 508,1275 530,1266 660,1266 703,1264 758,1264 779,1263 840,1263 861,1263 975,1263 995,1266 1128,1266 1158,1260 1267,1260 1296,1266 1363,1266 1392,1260 1446,1260"/>
<TextEquiv><Unicode>durchschlagende Gründe. Die Lex enthält Wörter, welche wir, wie</Unicode></TextEquiv>
</TextLine>

<TextLine id="line_22">
<Coords points="239,1290 300,1290 320,1288 381,1288 403,1289 465,1289 486,1285 533,1285 553,1293 623,1293 643,1284 703,1284 720,1292 783,1292 805,1280 995,1280 1018,1279 1065,1279 1085,1278 1162,1278 1176,1279 1328,1279 1351,1279 1449,1279 1449,1308 1351,1308 1328,1314 1176,1314 1162,1309 1085,1309 1065,1309 1018,1309 995,1318 805,1318 783,1318 720,1318 703,1314 643,1314 623,1315 553,1315 533,1315 486,1315 465,1316 403,1316 381,1317 320,1317 300,1318 239,1318 239,1290"/>
<Baseline points="239,1318 300,1318 320,1317 381,1317 403,1316 465,1316 486,1315 533,1315 553,1315 623,1315 643,1314 703,1314 720,1318 783,1318 805,1318 995,1318 1018,1309 1065,1309 1085,1309 1162,1309 1176,1314 1328,1314 1351,1308 1449,1308"/>
<TextEquiv><Unicode>atto und atta für avus und ava, hornungus  für filius naturalis, weder</Unicode></TextEquiv>
</TextLine>

<TextLine id="line_23">
<Coords points="238,1337 270,1337 283,1336 399,1336 421,1335 497,1335 517,1335 547,1335 562,1334 677,1334 700,1332 775,1332 797,1332 868,1332 890,1329 941,1329 960,1328 1331,1328 1346,1327 1449,1327 1449,1357 1346,1357 1331,1358 960,1358 941,1359 890,1359 868,1361 797,1361 775,1361 700,1361 677,1367 562,1367 547,1362 517,1362 497,1363 421,1363 399,1370 283,1370 270,1365 238,1365 238,1337"/>
<Baseline points="238,1365 270,1365 283,1370 399,1370 421,1363 497,1363 517,1362 547,1362 562,1367 677,1367 700,1361 775,1361 797,1361 868,1361 890,1359 941,1359 960,1358 1331,1358 1346,1357 1449,1357"/>
<TextEquiv><Unicode>in Istrien, noch in Italien, wohl aber auf rätisch-alamannischem Boden</Unicode></TextEquiv>
</TextLine>

<TextLine id="line_24">
<Coords points="239,1382 424,1382 451,1382 579,1382 621,1380 685,1380 712,1380 743,1380 771,1379 878,1379 905,1377 1005,1377 1033,1377 1085,1377 1114,1377 1160,1377 1188,1377 1240,1377 1261,1376 1321,1376 1351,1376 1449,1376 1449,1411 1351,1411 1321,1405 1261,1405 1240,1405 1188,1405 1160,1405 1114,1405 1085,1406 1033,1406 1005,1406 905,1406 878,1408 771,1408 743,1408 712,1408 685,1408 621,1408 579,1409 451,1409 424,1410 239,1410 239,1382"/>
<Baseline points="239,1410 424,1410 451,1409 579,1409 621,1408 685,1408 712,1408 743,1408 771,1408 878,1408 905,1406 1005,1406 1033,1406 1085,1406 1114,1405 1160,1405 1188,1405 1240,1405 1261,1405 1321,1405 1351,1411 1449,1411"/>
<TextEquiv><Unicode>nachweisen können. Nur in Rätien finden wir die der Lex eigen-</Unicode></TextEquiv>
</TextLine>

<TextLine id="line_25">
<Coords points="239,1428 379,1428 400,1427 488,1427 518,1427 570,1427 591,1426 709,1426 735,1426 862,1426 885,1425 932,1425 957,1425 1089,1425 1118,1424 1179,1424 1208,1424 1255,1424 1282,1423 1450,1423 1450,1452 1282,1452 1255,1453 1208,1453 1179,1453 1118,1453 1089,1454 957,1454 932,1454 885,1454 862,1455 735,1455 709,1455 591,1455 570,1455 518,1455 488,1456 400,1456 379,1457 239,1457 239,1428"/>
<Baseline points="239,1457 379,1457 400,1456 488,1456 518,1455 570,1455 591,1455 709,1455 735,1455 862,1455 885,1454 932,1454 957,1454 1089,1454 1118,1453 1179,1453 1208,1453 1255,1453 1282,1452 1450,1452"/>
<TextEquiv><Unicode>tümliche Form des Wortes Falsicia für Falcidia und die technische</Unicode></TextEquiv>
</TextLine>

<TextLine id="line_26">
<Coords points="240,1474 433,1474 461,1473 555,1473 577,1471 764,1471 790,1472 838,1472 865,1474 971,1474 992,1480 1075,1480 1105,1471 1153,1471 1173,1471 1213,1471 1235,1469 1390,1469 1413,1478 1450,1478 1450,1498 1413,1498 1390,1509 1235,1509 1213,1499 1173,1499 1153,1500 1105,1500 1075,1509 992,1509 971,1509 865,1509 838,1501 790,1501 764,1501 577,1501 555,1501 461,1501 433,1510 240,1510 240,1474"/>
<Baseline points="240,1510 433,1510 461,1501 555,1501 577,1501 764,1501 790,1501 838,1501 865,1509 971,1509 992,1509 1075,1509 1105,1500 1153,1500 1173,1499 1213,1499 1235,1509 1390,1509 1413,1498 1450,1498"/>
<TextEquiv><Unicode>Anwendung dieses Ausdruckes für quarta pars, die im Anschluſs an</Unicode></TextEquiv>
</TextLine>

<TextLine id="line_27">
<Coords points="240,1524 299,1524 325,1522 475,1522 503,1520 555,1520 582,1519 642,1519 672,1520 848,1520 875,1520 943,1520 986,1518 1088,1518 1117,1518 1225,1518 1259,1517 1369,1517 1403,1517 1450,1517 1450,1546 1403,1546 1369,1555 1259,1555 1225,1547 1117,1547 1088,1555 986,1555 943,1548 875,1548 848,1548 672,1548 642,1548 582,1548 555,1549 503,1549 475,1552 325,1552 299,1553 240,1553 240,1524"/>
<Baseline points="240,1553 299,1553 325,1552 475,1552 503,1549 555,1549 582,1548 642,1548 672,1548 848,1548 875,1548 943,1548 986,1555 1088,1555 1117,1547 1225,1547 1259,1555 1369,1555 1403,1546 1450,1546"/>
<TextEquiv><Unicode>den Wortlaut der Lex entstanden ist . Gegen Istrien spricht die</Unicode></TextEquiv>
</TextLine>

<TextLine id="line_28">
<Coords points="240,1567 516,1567 543,1568 596,1568 623,1566 699,1566 729,1574 823,1574 847,1566 954,1566 981,1566 1042,1566 1070,1573 1164,1573 1186,1565 1370,1565 1398,1564 1451,1564 1451,1591 1398,1591 1370,1593 1186,1593 1164,1600 1070,1600 1042,1593 981,1593 954,1594 847,1594 823,1601 729,1601 699,1601 623,1601 596,1597 543,1597 516,1605 240,1605 240,1567"/>
<Baseline points="240,1605 516,1605 543,1597 596,1597 623,1601 699,1601 729,1601 823,1601 847,1594 954,1594 981,1593 1042,1593 1070,1600 1164,1600 1186,1593 1370,1593 1398,1591 1451,1591"/>
<TextEquiv><Unicode>Ämterverfassung der Lex, gegen Istrien und gegen Oberitalien der</Unicode></TextEquiv>
</TextLine>

<TextLine id="line_29">
<Coords points="241,1620 340,1620 359,1618 484,1618 505,1618 556,1618 576,1614 764,1614 784,1612 919,1612 919,1641 784,1641 764,1645 576,1645 556,1647 505,1647 484,1648 359,1648 340,1649 241,1649 241,1620"/>
<Baseline points="241,1649 340,1649 359,1648 484,1648 505,1647 556,1647 576,1645 764,1645 784,1641 919,1641"/>
<TextEquiv><Unicode>starke Einfluſs des fränkischen Rechtes.</Unicode></TextEquiv>
</TextLine>

<TextLine id="line_30">
<Coords points="321,1666 378,1666 398,1664 639,1664 666,1662 774,1662 802,1667 870,1667 898,1657 999,1657 1019,1657 1051,1657 1072,1657 1124,1657 1146,1657 1229,1657 1250,1656 1451,1656 1451,1685 1250,1685 1229,1685 1146,1685 1124,1685 1072,1685 1051,1685 1019,1685 999,1686 898,1686 870,1688 802,1688 774,1700 666,1700 639,1700 398,1700 378,1695 321,1695 321,1666"/>
<Baseline points="321,1695 378,1695 398,1700 639,1700 666,1700 774,1700 802,1688 870,1688 898,1686 999,1686 1019,1685 1051,1685 1072,1685 1124,1685 1146,1685 1229,1685 1250,1685 1451,1685"/>
<TextEquiv><Unicode>Die Abfassungszeit pflegte man früher in das achte Jahrhundert</Unicode></TextEquiv>
</TextLine>

<TextLine id="line_31">
<Coords points="241,1723 279,1723 300,1715 408,1715 450,1712 548,1712 570,1712 617,1712 638,1710 765,1710 795,1706 904,1706 930,1705 978,1705 1006,1705 1153,1705 1175,1704 1218,1704 1239,1703 1334,1703 1355,1704 1451,1704 1451,1734 1355,1734 1334,1741 1239,1741 1218,1733 1175,1733 1153,1742 1006,1742 978,1734 930,1734 904,1737 795,1737 765,1744 638,1744 617,1740 570,1740 548,1741 450,1741 408,1742 300,1742 279,1742 241,1742 241,1723"/>
<Baseline points="241,1742 279,1742 300,1742 408,1742 450,1741 548,1741 570,1740 617,1740 638,1744 765,1744 795,1737 904,1737 930,1734 978,1734 1006,1742 1153,1742 1175,1733 1218,1733 1239,1741 1334,1741 1355,1734 1451,1734"/>
<TextEquiv><Unicode>zu setzen. Allein die Rechte, welche die principes als groſse Kron-</Unicode></TextEquiv>
</TextLine>

<TextLine id="line_32">
<Coords points="241,1761 373,1761 394,1760 535,1760 558,1759 605,1759 626,1758 822,1758 843,1755 896,1755 916,1752 1049,1752 1071,1752 1145,1752 1167,1753 1224,1753 1246,1752 1452,1752 1452,1782 1246,1782 1224,1781 1167,1781 1145,1781 1071,1781 1049,1782 916,1782 896,1784 843,1784 822,1792 626,1792 605,1787 558,1787 535,1793 394,1793 373,1789 241,1789 241,1761"/>
<Baseline points="241,1789 373,1789 394,1793 535,1793 558,1787 605,1787 626,1792 822,1792 843,1784 896,1784 916,1782 1049,1782 1071,1781 1145,1781 1167,1781 1224,1781 1246,1782 1452,1782"/>
<TextEquiv><Unicode>vasallen ausüben, die Behandlung der Knechte nach den Grundsätzen</Unicode></TextEquiv>
</TextLine>

<TextLine id="line_33">
<Coords points="244,1807 296,1807 316,1805 614,1805 635,1805 695,1805 717,1805 765,1805 786,1799 1036,1799 1057,1800 1265,1800 1286,1800 1337,1800 1356,1799 1452,1799 1452,1829 1356,1829 1337,1829 1286,1829 1265,1835 1057,1835 1036,1838 786,1838 765,1833 717,1833 695,1834 635,1834 614,1835 316,1835 296,1835 244,1835 244,1807"/>
<Baseline points="244,1835 296,1835 316,1835 614,1835 635,1834 695,1834 717,1833 765,1833 786,1838 1036,1838 1057,1835 1265,1835 1286,1829 1337,1829 1356,1829 1452,1829"/>
<TextEquiv><Unicode>des Immobiliarrechtes und die vorgeschrittene Entwicklung des Lehn-</Unicode></TextEquiv>
</TextLine>

</TextRegion>
<TextRegion id="block_1" custom="structure {type:header;}">
<Coords points="583,159 583,198 1077,198 1077,159 583,159"/>
<TextLine id="line_34">
<Coords points="583,162 596,162 614,162 652,162 679,162 733,162 751,162 805,162 821,161 935,161 952,159 1077,159 1077,184 952,184 935,185 821,185 805,185 751,185 733,198 679,198 652,186 614,186 596,193 583,193 583,162"/>
<Baseline points="583,193 596,193 614,186 652,186 679,198 733,198 751,185 805,185 821,185 935,185 952,184 1077,184"/>
<TextEquiv><Unicode>§ 51. Die Lex Romana Curiensis</Unicode></TextEquiv>
</TextLine>

</TextRegion>
<TextRegion id="block_2" custom="structure {type:pageNum;}">
<Coords points="226,167 226,195 285,195 285,167 226,167"/>
<TextLine id="line_35">
<Coords points="226,167 285,167 285,195 226,195 226,167"/>
<Baseline points="226,195 285,195"/>
<TextEquiv><Unicode>362</Unicode></TextEquiv>
</TextLine>

</TextRegion>
<TextRegion id="block_3" custom="structure {type:note;}">
<Coords points="352,1902 352,1934 353,1944 353,1976 355,1979 355,2016 355,2018 245,2018 245,2054 246,2057 246,2093 246,2098 355,2098 355,2135 355,2136 326,2136 326,2169 1174,2169 1174,2136 1131,2136 1131,2135 1131,2098 1279,2098 1279,2093 1279,2057 1452,2057 1452,2054 1452,2018 1453,2016 1453,1979 923,1979 923,1976 923,1944 1010,1944 1010,1934 1010,1902 352,1902"/>
<TextLine id="line_36">
<Coords points="352,1906 546,1906 565,1906 617,1906 635,1913 683,1913 701,1905 736,1905 756,1905 844,1905 861,1905 885,1905 902,1903 939,1903 955,1902 1010,1902 1010,1926 955,1926 939,1928 902,1928 885,1928 861,1928 844,1929 756,1929 736,1929 701,1929 683,1930 635,1930 617,1930 565,1930 546,1934 352,1934 352,1906"/>
<Baseline points="352,1934 546,1934 565,1930 617,1930 635,1930 683,1930 701,1929 736,1929 756,1929 844,1929 861,1928 885,1928 902,1928 939,1928 955,1926 1010,1926"/>
<TextEquiv><Unicode>Wartmann, UB. von St. Gallen II Nr 421.</Unicode></TextEquiv>
</TextLine>

<TextLine id="line_37">
<Coords points="353,1945 696,1945 712,1944 763,1944 779,1944 923,1944 923,1975 779,1975 763,1969 712,1969 696,1976 353,1976 353,1945"/>
<Baseline points="353,1976 696,1976 712,1969 763,1969 779,1975 923,1975"/>
<TextEquiv><Unicode>Bethmann-Hollweg und Wagner.</Unicode></TextEquiv>
</TextLine>

<TextLine id="line_38">
<Coords points="355,1986 492,1986 509,1984 560,1984 577,1984 726,1984 740,1983 906,1983 932,1983 992,1983 1006,1981 1081,1981 1098,1979 1151,1979 1163,1980 1235,1980 1252,1979 1297,1979 1309,1979 1357,1979 1369,1979 1453,1979 1453,2003 1369,2003 1357,2004 1309,2004 1297,2004 1252,2004 1235,2004 1163,2004 1151,2003 1098,2003 1081,2005 1006,2005 992,2006 932,2006 906,2014 740,2014 726,2015 577,2015 560,2008 509,2008 492,2016 355,2016 355,1986"/>
<Baseline points="355,2016 492,2016 509,2008 560,2008 577,2015 726,2015 740,2014 906,2014 932,2006 992,2006 1006,2005 1081,2005 1098,2003 1151,2003 1163,2004 1235,2004 1252,2004 1297,2004 1309,2004 1357,2004 1369,2003 1453,2003"/>
<TextEquiv><Unicode>Savigny und neuerdings Schupfer. Man stützt sich dafür auf den Fund-</Unicode></TextEquiv>
</TextLine>

<TextLine id="line_39">
<Coords points="245,2030 284,2030 302,2026 346,2026 362,2024 524,2024 541,2032 589,2032 606,2023 822,2023 847,2023 922,2023 939,2022 978,2022 995,2021 1060,2021 1081,2018 1148,2018 1169,2020 1233,2020 1250,2020 1380,2020 1397,2018 1452,2018 1452,2042 1397,2042 1380,2044 1250,2044 1233,2044 1169,2044 1148,2043 1081,2043 1060,2045 995,2045 978,2046 939,2046 922,2047 847,2047 822,2054 606,2054 589,2048 541,2048 524,2050 362,2050 346,2051 302,2051 284,2051 245,2051 245,2030"/>
<Baseline points="245,2051 284,2051 302,2051 346,2051 362,2050 524,2050 541,2048 589,2048 606,2054 822,2054 847,2047 922,2047 939,2046 978,2046 995,2045 1060,2045 1081,2043 1148,2043 1169,2044 1233,2044 1250,2044 1380,2044 1397,2042 1452,2042"/>
<TextEquiv><Unicode>ort der Handschrift von Aquileja-Udine, allein ihr Text steht nach Zeumer dem</Unicode></TextEquiv>
</TextLine>

<TextLine id="line_40">
<Coords points="246,2066 289,2066 307,2065 341,2065 360,2066 444,2066 463,2072 490,2072 509,2064 580,2064 600,2063 654,2063 673,2063 727,2063 745,2063 909,2063 927,2061 1035,2061 1052,2057 1222,2057 1240,2060 1279,2060 1279,2084 1240,2084 1222,2083 1052,2083 1035,2091 927,2091 909,2093 745,2093 727,2087 673,2087 654,2087 600,2087 580,2093 509,2093 490,2089 463,2089 444,2089 360,2089 341,2089 307,2089 289,2090 246,2090 246,2066"/>
<Baseline points="246,2090 289,2090 307,2089 341,2089 360,2089 444,2089 463,2089 490,2089 509,2093 580,2093 600,2087 654,2087 673,2087 727,2087 745,2093 909,2093 927,2091 1035,2091 1052,2083 1222,2083 1240,2084 1279,2084"/>
<TextEquiv><Unicode>der St. Galler so nahe, daſs eine gemeinsame Vorlage anzunehmen ist.</Unicode></TextEquiv>
</TextLine>

<TextLine id="line_41">
<Coords points="355,2104 468,2104 485,2103 619,2103 639,2102 769,2102 788,2101 912,2101 930,2100 980,2100 997,2108 1018,2108 1037,2098 1131,2098 1131,2122 1037,2122 1018,2123 997,2123 980,2124 930,2124 912,2125 788,2125 769,2132 639,2132 619,2133 485,2133 468,2135 355,2135 355,2104"/>
<Baseline points="355,2135 468,2135 485,2133 619,2133 639,2132 769,2132 788,2125 912,2125 930,2124 980,2124 997,2123 1018,2123 1037,2122 1131,2122"/>
<TextEquiv><Unicode>Hegel, Haenel, Stobbe, Pertile und v. Salis.</Unicode></TextEquiv>
</TextLine>

<TextLine id="line_42">
<Coords points="326,2143 391,2143 411,2143 491,2143 508,2143 543,2143 561,2142 615,2142 761,2140 824,2140 842,2140 858,2140 878,2140 922,2140 940,2140 974,2140 992,2139 1046,2139 1066,2138 1101,2138 1121,2136 1174,2136 1174,2161 1121,2161 1101,2162 1066,2162 1046,2169 992,2169 974,2164 940,2164 922,2164 878,2164 858,2164 842,2164 824,2165 761,2165 615,2167 561,2167 543,2167 508,2167 491,2167 411,2167 391,2167 326,2167 326,2143"/>
<Baseline points="326,2167 391,2167 411,2167 491,2167 508,2167 543,2167 561,2167 615,2167 761,2165 824,2165 842,2164 858,2164 878,2164 922,2164 940,2164 974,2164 992,2169 1046,2169 1066,2162 1101,2162 1121,2161 1174,2161"/>
<TextEquiv><Unicode>Z2 f. RG IV 266.Z2 f. RG IV 265, VI 156.</Unicode></TextEquiv>
</TextLine>

</TextRegion>
</Page>
</PcGts>