1600 2367
229 227 1433 273 aus welchen der Verfasser die individuellen Beziehungen nicht durch-
230 273 1434 327 gängig tilgte. Die Sammlung ist uns in einer vermutlich aus Tours
231 320 1432 367 stammenden Handschrift überliefert, und zwar ist sie in der Schnell-
231 374 1175 416 schrift des Altertums, in tironischen Noten geschrieben.
311 438 1010 477 III. Alamannische Formelsammlungen.
312 487 1437 532 Wie uns die Vorschriften der Lex Alamannorum und zahlreiche
233 534 1439 581 Urkunden des achten Jahrhunderts beweisen, hatte Schwaben ein früh
234 583 1440 628 entwickeltes Urkundenwesen. Doch fehlt es an Formelsammlungen
235 629 1441 674 aus älterer Zeit. Die Urkunden wurden hier bis ins neunte Jahr-
235 674 1442 724 hundert vorzugsweise von den Gerichtsschreibern abgefaſst, deren For-
236 721 1441 768 melbücher uns nicht erhalten sind. Erst seit dem neunten Jahrhundert,
238 769 1444 819 als die Klöster anfingen die Geschäftsurkunden durch ihre eigenen
238 818 1444 865 officiales schreiben zu lassen, entstand in kirchlichen Kreisen ein leb-
237 866 1445 912 hafteres Bedürfnis nach Anlegung von Formelsammlungen. Hervor-
239 928 463 960 zuheben sind
321 968 1447 1014 1. Die Formulae Morbacenses, eine in dem elsässischen
240 1016 1447 1062 Kloster Murbach entstandene Sammlung von indiculi und epistolae,
243 1068 1144 1114 deren Kern (1—26) den Jahren 774—791 angehört.
323 1112 1449 1156 2. Die Formulae Augienses, drei im Kloster Reichenau ent-
244 1156 1449 1204 standene Sammlungen verschiedener Entstehungszeit. Collectio A,
243 1203 1449 1259 hauptsächlich Eingangs- und Schluſsformeln für Urkunden enthaltend,
244 1249 1451 1302 ist mit Benutzung Marculfs wahrscheinlich gegen Ende des achten
246 1299 1454 1349 Jahrhunderts abgefaſst worden. Gröſsere rechtsgeschichtliche Ausbeute
248 1347 1455 1401 gewährt Collectio B, deren Grundstock, eine Sammlung von Mustern
247 1393 1454 1439 für Traditionsurkunden und Prekarien (1—12), dem achten Jahr-
248 1442 1454 1489 hundert angehört. Die übrigen Stücke (13—43) sind in der Zeit vom
250 1488 1457 1540 Ausgang des achten bis zur Mitte des neunten Jahrhunderts hinzu-
251 1533 1456 1589 gefügt worden. Collectio C ist eine Sammlung von Reichenauer Brief-
251 1586 852 1630 formeln aus den Jahren 823—844.
227 165 286 194 410
608 153 1052 189 § 58. Die Formelsammlungen.
375 1678 1460 1722 Sie wurde zuerst von Carpentier herausgegeben und daher auch als Samm-
253 1719 1461 1769 lung der Carpentierschen Formeln bezeichnet. Auf Grund sorgfältiger Entzifferung
255 1759 1461 1803 der Handschrift durch W. Schmitz hat sie Zeumer a. O. aufs neue ediert.
254 1799 1461 1848 Ungefähr gleichzeitig erschien ein Faksimiledruck, Monumenta tachygraphica codicis
255 1838 1462 1881 Parisiensis latini 2718 transcripsit, adnotavit, edidit Guil. Schmitz, fasciculus
256 1878 1463 1928 prior formulas et capitulare Ludovici Pii Aquisgranense continens; adiectae sunt
257 1918 1360 1963 XXII tabulae phototypae notarum Tironianarum simulacra exhibentes, 1882.
382 1956 1369 2000 Zeumer, Archiv VIII 475. Breſslau, Forschungen XXVI 40 ff.
383 2008 620 2039 Zeumer S 330.
382 2047 620 2075 Zeumer S 342.
381 2073 1467 2114 Die Formeln 44—46 sind Zusatzformeln einer erst neuerdings aufgefundenen
262 2116 1173 2155 Handschrift und bei Zeumer S 724 als Nachtrag abgedruckt.
