1600 2367
251 250 1409 290 ist es Sache ihrer Sippe, sie durch Eid oder Zweikampf zu reinigen.
253 296 1457 334 Die Schuldige aber ist nicht bloſs der Rache des Ehemanns und seiner
252 344 1370 383 Verwandten, sondern auch ihrer eigenen Blutsfreunde ausgesetzt.
332 390 1454 430 Den Pflichten, welche der Sippeverband auferlegte, insbesondere
251 437 1455 478 der Teilnahme an der Fehde und der Magenhaftung konnte der
253 484 1454 527 einzelne sich nicht entziehen, so lange er innerhalb der Sippe ver-
251 531 1453 574 blieb. Doch war es zulässig, sich durch Austritt aus der Sippe,
249 577 1454 620 durch Entsippung von diesen Pflichten zu befreien. So wenigstens
250 624 1453 668 schon nach dem altsalischen Volksrechte, welches für die Entsippung
252 670 1453 708 eine rechtsförmliche gerichtliche Handlung vorschreibt, die einen
252 718 1452 753 altertümlichen Charakter hat. Der Ausscheidende zerbricht nämlich
251 765 1451 806 über seinem Haupte vier Erlenstäbe, wirft sie von sich und erklärt,
252 812 1452 851 daſs er sich lossage von der Eideshilfe, von der Erbschaft und von
247 861 1451 901 jeder Gemeinschaft mit der Sippe. Mit den Pflichten werden auch
251 910 1450 948 die Rechte der Sippe aufgegeben. Wenn einer seiner früheren
246 957 1453 1000 Geschlechtsgenossen stirbt, hat der Entsippte keinen Anspruch auf
249 1006 577 1041 Erbe und Wergeld.
326 1052 1448 1094 Wohl ebenso alt, wenn auch erst in jüngeren Quellen bezeugt,
246 1097 1449 1139 ist das Recht der Sippe, einen Genossen, für dessen Handlungen sie
247 1143 1450 1180 nicht haften will, aus ihrem Kreise auszuscheiden, sich von ihm los-
246 1189 1449 1232 zusagen. Ein angelsächsisches Gesetz setzt die Befugnis der Mag-
245 1237 1448 1277 schaft voraus, sich von einem Totschläger loszusagen (forsacan). Da-
245 1284 1449 1324 mit entzieht sie sich der Fehde und der Wergeldhaftung, darf aber
245 1332 1448 1376 andrerseits dem Ausgeschlossenen weder Nahrung noch Obdach ge-
246 1379 1446 1418 währen. Quellen des 15. Jahrhunderts, welche der Landschaft
245 1427 1446 1470 Drente angehören, kennen eine gerichtliche Handlung, opsechen, Auf-
245 1473 1446 1519 sagung genannt, welche an drei auf einander folgenden Gerichtstagen
243 1521 1446 1559 von den gemeinen Magen oder von den Magen der Vaterseite oder
242 1568 1448 1604 von denen der Mutterseite vorgenommen wird, um die Gemeinschaft
242 1614 1445 1656 mit einem Sippegenossen aufzuheben. Hennegauer Handfesten des
252 172 291 201 92
728 166 980 204 § 13. Die Sippe.
361 1709 1445 1746 Rothari 202. 203. Grimoald 7. Lex Thuringorum 15. Gregor von Tours,
241 1749 1445 1784 Hist. Fr. V 32: aut idoneam redde filiam tuam aut certe moriatur, ne stuprum hoc
240 1790 649 1823 generi nostro notam infligat.
361 1827 1445 1860 Wilda, Strafrecht S 811. 823. Bei Gregor von Tours, Hist. Fr. IX 33
240 1867 1444 1902 S 388 sagt König Guntram: parens mea haec est; si quicquam mali exercuit in
241 1907 657 1938 domum viri sui, ego ulciscar.
359 1946 567 1972 Lex Salica 60.
359 1985 1441 2017 And. Ans. Siegel, Gerichtsverf. S 184 und Cosack, Eidhelfer S 24.
238 2024 1441 2058 Allein der Wortlaut von Codex 3. 5. 6 ff. spricht gegen die von ihnen ver-
239 2064 1314 2096 fochtene Ansicht, auch wenn Codex 1. 2. 4 mit ihr vereinbar sein sollten.
361 2104 1161 2137 Edm. II 1 § 2. Schmid, Gesetze der Angels. S 177.
358 2143 1443 2174 Feith, Ordelboek van den Etstoel van Drenthe, 1870 in den Verhande-
