1600 2367
243 253 1452 296 fungierende Sippe, die durch ihre Vertreter den Jüngling wehrhaft
243 299 1452 346 macht. Von einem Dritten vorgenommen kann die Wehrhaftmachung
244 346 1451 390 Adoptionsakt sein. Die Wirkung der Wehrhaftmachung ist in allen
244 393 1450 438 Fällen die Aufnahme in das Heer, womit das Recht verbunden war,
243 442 1451 481 in den Volks- und Gerichtsversammlungen zu erscheinen. Emanzi-
245 488 1200 527 pationshandlung ist die Wehrhaftmachung an sich nicht.
325 537 1451 582 Als Vorbereitung, vielleicht auch als Ersatz der Wehrhaftmachung
245 583 1451 630 scheint die Förmlichkeit der capillaturiae, das Abschneiden des Haupt-
245 630 1451 669 haars gedient zu haben. Buſsfällig macht sich nach dem ältesten
246 676 1451 723 Rechte der salischen Franken, wer an einem Knaben ohne Einwilligung
245 722 1451 764 der Verwandten die Haarschur vornimmt. Geschenke, die der Sohn
245 769 1450 811 aus Anlaſs der capillaturiae vom Vater erhielt, braucht er sich nach
244 816 1451 859 salischem Rechte bei der Erbteilung nicht anrechnen zu lassen. Sie
245 864 1451 911 haben nicht den Charakter der Abschichtung, wie sie später bei der
244 913 1449 961 Entlassung aus der väterlichen Were und Munt vorzukommen pflegte.
323 962 1450 1000 Nach dem Tode des Vaters stehen seine erwachsenen Söhne
242 1010 1450 1053 sich gleichberechtigt gegenüber und zwar auch dann, wenn sie
243 1058 1451 1103 etwa, was noch in der folgenden Periode häufig vorkam, in unge-
243 1103 1403 1142 teilter Erbschaft und in häuslicher Gemeinschaft sitzen blieben.
248 175 285 204 78
723 176 971 207 § 12. Das Haus.
366 1196 1450 1238 Übereinstimmend Heusler, Institutionen II 435. Sohm a. O. S 554 sieht
244 1242 1449 1277 in der Wehrhaftmachung die Freilassung aus der väterlichen Gewalt. Nach Schrö-
245 1281 1449 1317 der, RG I 62 endigte die väterliche Munt bei Lebzeiten des Vaters für die Söhne
244 1321 1450 1358 durch Wehrhaftmachung, doch sei dabei vorausgesetzt worden, daſs der Sohn aus
244 1360 1450 1401 der väterlichen Hausgenossenschaft ausschied. Damit ist im Grunde genommen zu-
244 1399 1175 1436 gegeben, daſs die Wehrhaftmachung die Emanzipation nicht ist.
367 1439 1454 1477 Lex Sal. Hessels Tit. 100; Cap. 2 zur Lex Sal. c. 2. Ahd. Glossen Graff
245 1476 1450 1518 III 447, II 481 haben für „capillaturae“ die Übersetzungen antfahsi, fahsreitî. Im
244 1516 1449 1562 9. Jahrh. scheint diese Sitte bei den Franken abgekommen zu sein, denn in Cap.
245 1555 1451 1594 legg. add. v. J. 818—19 c. 21, I 285 de pueris invitis parentibus detonsis ist mit
244 1596 899 1629 der Haarschur die geistliche Tonsur gemeint.
367 1635 1450 1671 Lex Sal. Hessels Tit. 69. 24, 5 (Cod. 2 ff.). Sal. 24, 1 setzt für den Kna-
244 1676 1449 1710 ben unter zwölf Jahren (vor dem salischen Mündigkeitstermin) das dreifache Wer-
243 1715 1449 1751 geld an. Weil wehrlos, soll er höher gebüſst werden wie der Wehrhafte. Das
245 1756 1448 1798 dreifache Wergeld hat aber auch der puer crinitus ohne Rücksicht auf sein Alter,
244 1794 1448 1830 Wir können daraus schlieſsen, daſs die Haarschur nicht mit dem Eintritt des 12.
244 1833 1449 1870 Jahres stattfinden muſste, sondern später vorgenommen werden konnte und daſs sie
244 1872 1176 1907 mit der Wehrhaftmachung zusammenhängt oder dieselbe ersetzt.
367 1912 1090 1941 Lex Sal. Hessels Tit. 100. Sohm a. O. S 345.
369 1952 1449 1990 Gerade diese ganerbschaftlichen Verhältnisse sind ein Argument gegen die
245 1991 1449 2030 Ansicht, daſs die Wehrhaftmachung Emanzipation gewesen sei, denn die ungeteilte
243 2031 1449 2066 Erbengemeinschaft unter erwachsenen Brüdern setzt voraus, daſs dieselben bis zum
243 2070 1448 2106 Tode des Vaters im väterlichen Hause gelebt haben. In Rothari 167, De fratres
244 2109 1449 2145 qui in casam cummunem remanserunt, wird der Fall besprochen, daſs einer von
245 2149 1448 2191 ihnen durch Königsdienst oder durch Kriegsdienst etwas erwirbt. Cap. Aquisgr.
