1600 2404
176 226 1387 269 von Karl dem Groſsen aufs neue eingeschärft worden, kam aber unter
180 273 1387 321 seinen Nachfolgern auſser Gebrauch. Erzbischof Hinkmar von Reims
180 319 1386 364 schrieb dreist an Karl den Kahlen i. J. 868, Karl der Groſse habe
174 365 1384 420 jenes Verbot aufgehoben. Ein westfränkisches Kapitular v. J. 877
177 414 1387 459 setzt die Entbehrlichkeit der königlichen Erlaubnis zum Eintritt in
178 473 672 512 den geistlichen Stand voraus.
257 511 1386 554 Je mehr die Kirche ihre Abhängigkeit vom Königtum lockerte,
178 558 1383 602 desto rücksichtsloser nahm sie ihrerseits das brachium seculare für ihre
177 604 1386 654 Zwecke in Anspruch. Die Synode von Meaux-Paris v. J. 845/6 ver-
177 652 1388 703 langte, daſs der König unter Brief und Siegel jedem Bischof eine Voll-
178 702 1387 751 macht gebe, welche ihm ganz allgemein auf sein jeweiliges Verlangen
179 748 1388 792 das weltliche Beamtentum zur Verfügung stelle. Dazu hat sich
176 796 1387 840 denn freilich selbst Karl der Kahle nicht herbeigelassen, wenn er auch
178 844 1389 892 so weit ging, wenigstens in Italien jedem Bischof für seinen Sprengel
177 891 1389 936 die Gewalt eines ständigen königlichen Missus zu verleihen, und die
177 938 1388 983 Grafen und Vassallen allgemein anwies, wo sie irgend können, die
180 985 1388 1030 Bischöfe in ihrer amtlichen Thätigkeit zu unterstützen. Ein Kapi-
179 1032 1390 1079 tular unbestimmten Ursprungs, welches wohl der spätkarolingischen Zeit
180 1079 1390 1128 und Westfrancien angehört, läſst die Missi und die Bischöfe dafür
180 1131 1391 1180 sorgen, daſs dem Volke die Kunst, zu beten und das Kreuz zu
178 1178 1391 1228 schlagen, durch Prügel und Fasten beigebracht werde. Darin soll der
178 1226 1390 1271 Graf den Bischof unterstützen, sofern ihm die Huld des Königs
179 1287 348 1318 lieb sei.
260 1322 1390 1365 Extensiv und intensiv entwickelte sich die kirchliche Disziplinar-
180 1368 1388 1417 und Gerichtsgewalt über Laien wegen Sünden und kirchlicher Ver-
181 1413 1390 1465 gehen. In Anlehnung an das weltliche Rügeverfahren entstand im
179 1460 1389 1506 fränkischen Reiche das eigenartige Verfahren der geistlichen Send-
182 1507 1389 1561 gerichte, wie es uns um die Wende des neunten und zehnten Jahr-
181 1556 1390 1601 hunderts in voller Ausbildung quellenmäſsig vorliegt. Um das Er-
179 1604 1390 1650 scheinen vor dem geistlichen Richter und die Erfüllung der auferlegten
1324 130 1400 176 325
645 150 914 185 § 96. Die Kirche.
304 1700 899 1741 Loening, Kirchenrecht II 171, Anm. 1.
305 1740 816 1783 Cap. Caris. c. 10, Pertz, LL I 539.
304 1779 1391 1818 Mansi XIV 836, c. 71: auctoritatem sigillo regio roboratam more tractoriae
179 1830 464 1863 (siehe oben S. 231).
304 1867 574 1895 Siehe oben S. 196.
306 1899 868 1942 Cap. Papiense v. J. 876, c. 12, II 103.
305 1942 683 1981 Cap. incertum I 257, c. 2.
304 1975 1388 2019 Nach Cap. Suession. c. 9, LL I 419 haben die Bischöfe das Recht, Kolo-
181 2013 1390 2055 nen zur Pönitenz wider ihren Willen zu peitschen oder peitschen zu lassen. Die
184 2053 1391 2097 Senioren, die sie solcher Zucht entziehen wollen, zahlen den Königsbann und er-
183 2089 1390 2134 dulden neben der Exkommunikation eine vom König arbiträr bestimmte Strafe
180 2146 359 2180 (Harmschar).
