1600 2788
231 324 1516 374 Magnus, Hieronymus, ſelbſt Iſidorus als Autoren angeführt,
231 388 1521 436 während man noch Andre ſtillſchweigend für die Verfaſſer anſehen zu
231 451 1521 500 dürfen glaubte. Es iſt immerhin möglich, daß alle die genannten
231 515 1521 564 Männer den Phyſiologus nicht bloß benutzt und erwähnt, ſondern auch
231 577 1521 626 vielleicht erweitert oder ſonſt in einer ihnen eigenthümlichen Weiſe ge-
230 641 1517 690 faßt haben. Verfaſſer im eigentlichen Sinne waren ſie aber nicht.
229 705 1523 754 Daß die handſchriftlichen Zeugniſſe für ſolche Autorſchaft in jeder Weiſe
229 769 1186 816 unzureichend ſind, braucht kaum erwähnt zu werden.
327 831 1523 879 Aus gleichen Gründen kann man auch der Anſicht Cahier's
231 896 1517 947 nicht beitreten, daß Tatian (zweite Hälfte des zweiten Jahrhunderts)
233 959 1523 1007 der Verfaſſer ſei. Es hat dies ſchon Pitra zurückgewieſen. Tatian
231 1022 1523 1071 ſpricht zwar von einer von ihm verfaßten Schrift über die Thiere und
231 1086 1524 1135 führt einige Beiſpiele von Inſtinkt an. Aber abgeſehen davon, daß
231 1148 1523 1200 er die angezogene Schrift wahrſcheinlich noch als Heide verfaßt hat und
231 1213 1522 1262 daß ſie ſich dem ganzen Zuſammenhang der ihre Erwähnung enthal-
235 229 304 262 140
632 227 1104 266 Die Zoologie des Mittelalters.
229 1305 1521 1346 ein Inhaltsverzeichniß dieſer aus dem 14. Jahrhundert ſtammenden Handſchrift.
229 1355 1521 1395 Wie ſchon die Ueberſchrift erkennen läßt (Excerptio de Hexaemeron Ambrosii, lib.
231 1403 1523 1445 5. de natura bestiarum et piscium) und der Inhalt beſtätigt, gehört ſie entſchie-
229 1453 812 1493 den nicht in die Reihe der Phyſiologi.
379 1501 797 1540 ſ. oben S. 112, Anm. 12.
381 1550 1526 1591 ſ. Pitra, a. a. O. T. III. p. LXIII, flgde. Der ſogenannte Phyſiologus
231 1600 1521 1641 des Florinus der Leipziger Bibliothek, den Freytag erwähnt (Analecta p. 967)
231 1646 1526 1688 und deſſen Inhaltsverzeichniß bereits Thierfelder a. a. O. mitgetheilt hat, iſt
231 1694 1526 1738 völlig verſchieden. Er enthält 119 Thiere in fortlaufenden Diſtichen und trägt die
229 1746 1526 1785 Unterſchrift: Magister Florinus composuit. Explicit Physiologus. anno do-
231 1794 1522 1834 mini 1493. Er beginnt mit Homo. Bos. Ovis. Aries. Agnus. Hedus. Hircus.
231 1844 1524 1886 Capra u. ſ. f. Ebenſowenig gehört zu den Phyſiologen die Schrift eines Unge-
231 1890 1526 1933 nannten aus dem 11. Jahrhundert: περὶ ζῴων τινῶν ἰδιότητος, welche
231 1939 1526 1982 Matthaei in den Ποικιλα Ἑλληνικα. Moskau, 1811 herausgegeben hat. Es
232 1987 1526 2031 werden 53 Thiere geſchildert; drei fernere Beſchreibungen ſind nicht erhalten. Sie
231 2039 1524 2081 iſt der bereits erwähnten Schrift des Manuel Phile verwandt (ſ. S. 112. Anm. 12).
383 2087 1523 2127 Oratio ad Graecos. ed. Otto. Jenae 1851. p. 68. cap. 15 (n. 24. ed.
233 2134 1526 2179 57. ed. Worth) καὶ περὶ μὲν τούτου ἐν τῲ περὶ ζῴων ἀκριβέστερον ἡμῖν
231 2329 1526 2375 πιτήκων. Aehnliches kommt ſehr vielfach vor; ſo die Selbſtheilung der Hunde und
231 2382 1528 2424 Löwen ganz wie hier bei Cyrillus Alexandrinus, περὶ ζῴων ἰδιότητος. (Gre-
233 2434 1359 2474 gorii Nazianzeni Carmina selecta. Romae 1590. p. 95. v. 14-17.))
