1600 2396
275 272 1462 345 Beispiele eines eigentümlichen Scharfblickes. Schon in der Ilias z. B.
276 321 1468 386 heisst Poseidon der »Erderschütterer«; dieser Gott, d. h. also das
277 369 1467 436 Wasser und namentlich das Meer, wird immer als Ursache der Erd-
279 422 1467 491 beben genannt: das stimmt mit den Ergebnissen der modernsten
280 473 1474 536 Wissenschaft genau überein! Jedoch will ich auf solche Züge nur
282 519 1472 585 als Kontrast zu der Beschränktheit jener Helden einer angeblichen
287 568 1472 637 »Aufklärung« hingewiesen haben. — Weit auffallenderen Beispielen
286 616 1483 687 der Reinigung der Wirklichkeit von dem Scheine begegnen wir auf
287 668 1476 733 dem Gebiete der Astrophysik, namentlich in der Schule des Pytha-
288 717 1478 791 goras. Die Lehre von der Kugelgestalt der Erde findet sich schon
289 769 1481 831 bei den frühesten Adepten, und selbst das viele Phantastische, was
291 816 1479 883 den Vorstellungen dieser Ältesten noch anhaftete, ist äusserst lehrreich,
292 867 1449 930 weil es das zukünftige Richtige gewissermassen in nuce enthält.
292 918 1486 985 Und so gesellte sich denn bei den Pythagoreern mit der Zeit zu der
294 967 1490 1029 Lehre von der Kugelgestalt der Erde und von der Neigung der
297 1019 1489 1079 Erdbahn auch die der Achsendrehung sowie der Bewegung um einen
298 1071 1490 1135 Mittelpunkt im Raume, verbürgt von Philolaus an, einem Zeitgenossen
301 1116 1492 1178 des Demokrit; eine Generation nachher war auch das hypothetische
304 1165 1492 1227 »Centralfeuer« durch die Sonne ersetzt. Nicht als Philosoph freilich,
303 1215 1496 1277 sondern als Astronom hat dann später (etwa 250 v. Chr.) Aristarchos
305 1266 1498 1327 das heliozentrische System klar begründet, die Entfernung von Sonne
305 1314 1499 1375 und Mond zu berechnen unternommen und in der Sonne (1900 Jahre
306 1363 1502 1426 vor Giordano Bruno) einen der zahllosen Fixsterne erkannt. Welche
272 206 303 232 86
650 174 1083 217 Das Erbe der alten Welt.
308 1465 1502 1520 Astronom Schiaparelli mit Recht bemerkt: »Solche Männer sind nicht wert zu
309 1503 1505 1562 verstehen, welche gewaltige spekulative Kraft nötig war, um zu der Idee von der
310 1545 1505 1608 Kugelgestalt der Erde, ihres freien Schwebens im Raume und ihrer Beweglichkeit
312 1586 1505 1649 zu gelangen: Ideen, ohne welche wir weder einen Kopernikus, noch einen Kepler,
314 1627 1456 1684 einen Galilei, einen Newton gehabt hätten« (im unten citierten Werke, S. 16).
458 1668 1508 1719 Zeller: Die Philosophie der Griechen, 3. Aufl., S. 369. Mehr technisch
315 1711 1512 1770 aber ungemein lichtvoll auseinandergesetzt in der Schrift von Schiaparelli: Die
323 1751 1511 1810 Vorläufer des Kopernikus im Altertum (nach dem italienischen Original ins Deutsche
317 1794 1512 1853 übertragen vom Verfasser und M. Curtze, erschienen in der Altpreussischen Monats-
317 1833 1512 1893 schrift, Jahrgang 1876). »Wir sind in der Lage, konstatieren zu können, dass
320 1874 1514 1932 die Entwickelung der physischen Prinzipien dieser Schule durch logische Ver-
320 1914 1513 1976 kettung der Ideen zur Theorie der Bewegung der Erde führen musste«. (S. 5 fg.)
321 1956 1515 2010 Viel Ausführlicheres über »die geradezu revolutionäre Anschauung, dass nicht die
322 1999 1517 2054 Erde den Mittelpunkt des Universums einnehme« in dem vor kurzem erschienenen
324 2040 1519 2092 Buch von Wilhelm Bauer: Der ältere Pythagoreismus (1897), S. 54 fg., 64 fg. u. s. w.
467 2079 1518 2130 »Aristarchos stellt die Sonne unter die Zahl der Fixsterne und lässt die
326 2120 1517 2174 Erde sich durch den Sonnenkreis (d. h. die Ekliptik) bewegen und sagt, sie werde
328 2162 1521 2224 je nach ihrer Neigung beschattet«, berichtet Plutarch. Für dieses und die anderen
