1600 2396
128 296 1305 340 Hellenen) zum erstenmale die Seele vom Körper losgetrennt, jene selbe
128 344 1304 382 Seele, über die dann Aristoteles aus der Stille seiner Studierstube so
127 393 1305 437 viel Erbauliches zu melden wusste; in der dionysischen Verzücktheit
128 443 1304 487 fühlte sich der Mensch eins mit den unsterblichen Göttern und folgerte
127 492 1302 531 daraus, dass auch seine individuelle, menschliche Seele unsterblich sein
126 541 1304 586 müsse, was dann wiederum später Aristoteles und andere scharfsinnig
125 590 1302 631 zu begründen suchten. Mich dünkt, es wirbelt uns noch immer ein
125 639 1304 680 wenig im Kopf herum! Trotzdem wollen wir versuchen, über diese
126 689 1300 731 uns so zäh anhaftende Erbschaft ein wenig zur Besinnung zu kommen.
222 738 1302 777 Zu diesem Seelenglauben hat die hellenische Dichtkunst als
123 787 1302 827 solche nichts beigetragen; sie schickte sich ehrfurchsvoll in das
124 831 1301 875 Übliche — die feierliche Bestattung des Patroklos z. B., der vor der-
123 884 1303 928 selben zur letzten Ruhe nicht eingehen konnte, die Vollführung der
123 934 1303 974 nötigen Weiheakte durch Antigone an der Leiche ihres Bruders — weiter
122 983 1301 1025 nichts. Dem Unsterblichkeitsglauben hat sie allerdings unbewusst Vor-
121 1031 1299 1072 schub geleistet, indem sie die Götter zwar nicht als unerschaffen,
122 1080 1300 1122 doch aber zu ihrer grösseren Verherrlichung als unsterblich auffassen
120 1130 1302 1170 zu müssen glaubte — was z. B. bei den arischen Indern nicht der
120 1179 1301 1219 Fall war. Der Begriff der Sempiternität, d. h. der Unsterblich-
1261 212 1302 235 103
421 190 1012 232 Hellenische Kunst und Philosophie.
119 1269 1299 1304 zu verwundern; es war altes Stammgut; sehr auffallend ist dagegen, dass der Hellene
118 1310 1298 1343 in der Blütezeit seiner Kraft diesen Glauben verloren hatte, oder vielmehr sich
118 1351 1299 1383 vollkommen indifferent dagegen verhielt. »Ein endloses Weiterleben der Seele
118 1392 1299 1426 wird auf diesem (homerischen) Standpunkte weder behauptet noch geleugnet; dieser
120 1433 1299 1467 Gedanke fällt hier überhaupt gar nicht in den Kreis der Betrachtung« (Rhode,
119 1474 1299 1507 Psyche, S. 195). Eine merkwürdige Bestätigung von Schiller’s Behauptung,
119 1514 1298 1547 dass der ästhetische Mensch, d. h. Derjenige, in dem das Sinnliche und Moralische
119 1556 1297 1588 einander nicht feindlich entgegen streben, »keine Unsterblichkeit brauche, um sich
118 1597 1296 1629 zu stützen und zu halten« (Brief an Goethe vom 9. 7. 1796). Ob die Geten
119 1637 1297 1670 Goten und folglich Germanen waren, wie Jakob Grimm behauptete, oder nicht,
118 1678 1296 1711 kann uns hier gleichgültig sein; eine erschöpfende Diskussion dieser übrigens sehr
119 1719 1296 1751 interessanten Frage findet man in Wietersheim-Dalm: Geschichte der Völker-
118 1760 1296 1793 wanderung, I, 597 fg.; das Ergebnis fällt gegen Grimm’s Ansicht aus. — Die Märe,
119 1800 1294 1833 dass der Getenkönig Zalmoxis die Unsterblichkeitslehre von Pythagoras gelernt
119 1841 1293 1874 habe, bezeichnet Rhode als »eine absurde pragmatisierende Fabel« (Psyche, S. 320).
256 1876 1294 1915 Über diesen äusserst wichtigen Punkt, die Genese des Unsterblichkeits-
120 1921 1293 1955 glaubens bei den Griechen betreffend, vergl. namentlich Rhode|: Psyche, S. 296.
255 1963 1294 1995 Ich citierte schon oben (S. 71) ein altes Vedalied, nach welchem »die
120 2003 1293 2037 Götter diesseits der Schöpfung entstanden sind«; in ihrer Eigenschaft als Indivi-
119 2041 1293 2077 duen können sie aber nach indischer Überzeugung die »Sempiternität« ebenfalls
119 2085 1292 2119 nicht besitzen, und Çankara sagt in den Vendânta-Sûtra’s, von den einzelnen
120 2125 1292 2156 Göttern redend: »Solche Worte wie Indra u. s. w. bedeuten, ähnlich wie z. B. das
119 2166 1292 2197 Wort ‚General‛, nur das Innehaben eines bestimmten Postens. Wer also gerade
