1600 2648
104 2321 1391 2477 134. In Frankreich nahm die Charte Ludwigs XVIII.
221 2423 1393 2488 das Engliſche Verfahren zum Vorbilde (Act. 33. 55. 56.),
1293 164 1370 202 103
242 148 1181 204 Unverantwortlichkeit des Koͤnigs.
168 261 1371 311 to an impeachment by the commons in parliament. In der
193 324 1371 374 ausfuͤhrlichen Monographie: Die Miniſterverantwortlichkeit in
156 383 1372 441 conſtitutionellen Monarchieen. Leipz. 1833. wird dieſe Beſtim-
46 446 1372 494 mung der bill of rights angeeignet und uͤberhaupt unrichtig an-
157 504 1373 563 gegeben (S. 38.) und endlich mit Unrecht angenommen, (S. 104.)
194 561 1375 618 daß dem Koͤnige von England das Begnadigungsrecht zwar nicht
128 625 1287 685 waͤhrend des Proceſſes, aber nach erkannter Strafe zuſtehe.
201 697 564 744 Vgl. oben 125.
200 762 1377 818 Als das Miniſterium im J. 1807. die Abgaben von der Nord-
196 828 1378 882 Americaniſchen Einfuhr einen Monath laͤnger erhoben hatte, als
198 891 1378 945 die American act vorſchrieb, geſtand es die Verletzung des Ge-
146 954 1379 1009 ſetzes zu, „denn warum ſollte ſonſt die Krone ihre Praͤrogative
198 1021 1378 1067 aufgeben und um eine bill of indemnity einkommen, wenn es
199 1074 1379 1125 klar, daß kein Geſetz verletzt ſey?“ Merkwuͤrdig aber ſind die
192 1135 1380 1193 ſchriftlichen Proteſtationen der Oppoſition bei Hansard, The
198 1201 1381 1248 parliamentary debates from the year 1803. to the present
199 1260 1381 1308 time. Vol. IX. p. 996-1001. Am heftigſten beſtritten ward in
198 1320 1382 1373 beiden Haͤuſern im Jahr 1818. die nach Suspenſion der Habeas
200 1385 1384 1441 Corpus-Acte geforderte Strafloſigkeit nicht bloß fuͤr die Miniſter,
200 1447 1383 1505 ſondern auch fuͤr die Magiſtratsperſonen, welche die Klagen vie-
200 1510 1383 1566 ler unſchuldig Verhafteten fuͤrchteten, nicht minder fuͤr die An-
203 1567 1382 1637 geber (informers, oder wie die Oppoſition ſagt: spies). S.
201 1620 1383 1695 Hansard Vol. XXXVII. Auch die wegen Miswachs der Futter-
201 1683 1384 1751 Kraͤuter geſetzwidrig erlaubte Hafer-Einfuhr gab 1826. zu eini-
204 1754 1384 1830 gen Debatten uͤber die erbetene indemnity Stoff. Hansard, New
130 1810 529 1853 Series Vol. XVI.
210 1873 889 1923 Commentaries B. I. c. 7. p. 245 sq.
184 1941 1386 1994 Die Erwaͤgung, wie incommenſurabel Menſchliches zum Himm-
176 2002 1254 2056 liſchen ſtehe, war auch dem Mittelalter nicht verſchloſſen.
325 2072 1074 2126 Daz der bâbest niht gesünden müge,
324 2123 938 2179 swer des giht, daz ist ein lüge.
197 2159 1389 2246 ſagt im 13ten Jahrhundert Vridank in Wilhelm Grimm’s Ausg.
200 2240 344 2287 S. 149.
