1600 2447
312 270 1454 318 Recht habe, dasz sie zwei Abtheilungen des Blattes entsprechen,
315 321 1452 365 welche vom Ende der Blase ausgehn; denn bei echten Blättern sind,
312 371 1454 421 so lange sie sehr jung sind, nach dem, was ich gesehen habe, die
314 420 1455 468 Fiedertheile niemals genau einander gegenüber gestellt. Sie müssen
314 470 1455 514 sich daher eine nach der andern entwickeln, und das wird auch mit
315 528 893 563 den beiden Antennen der Fall sein.
396 569 1455 611 Auf einem viel früheren Stadium, wenn die halb entwickelten
319 620 1457 669 Blasen nur \frac {1}{300} Zoll (0,0846 Mm.) Durchmesser haben oder wenig
319 669 1457 718 mehr, bieten sie ein gänzlich verschiedenes Ausehn dar. Eine solche
418 1328 1326 1362 mehr, bieten sie ein gänzlich verschiedenes Ausehn dar. Eine solche
318 713 1456 763 ist auf der linken Seite der beistehenden Figur dargestellt (Fig. 24).
1246 1326 1375 1345 ist auf der linken Seite der beistehenden Figur dargestellt (Fig. 24).
330 1421 1466 1472 Die jungen Blätter haben in diesem Alter breite abgeplattete Seg-
329 1475 1467 1520 mente, an welchen die späteren Theilungen durch Vorragungen ange-
328 1521 1469 1568 deutet sind, wie auf der rechten Seite der Figur eine solche gezeichnet
329 1572 1469 1619 ist. In einer groszen Anzahl von Präparaten, welche mein Sohn un-
330 1619 1469 1668 tersucht hat, erschienen die jungen Blasen so, als würden sie durch
330 1670 1470 1723 das schräge Überschlagen der Spitze und des mit einer Vorragung
334 1719 1471 1769 versehenen einen Randes gegen den gegenüberstehenden Rand gebildet.
335 1770 1472 1822 Die kreisförmige Höhlung zwischen der eingefalteten Spitze und der
333 1821 1474 1874 eingefalteten Vorragung zieht sich augenscheinlich zu der engen Mün-
335 1871 1474 1925 dung zusammen, worin die Klappe und der Kragen entwickelt wird,
338 1921 1477 1967 während die Blase selbst durch den Zusammenflusz der einander gegen-
337 1971 1476 2024 überliegenden Ränder des übrigen Blattes gebildet wird. Gegen diese
338 2022 1477 2067 Ansicht lassen sich aber schwere Einwendungen erheben; denn wir
340 2073 1476 2117 müssen in diesem Falle vermuthen, dasz die Klappe und der Kragen
339 2122 1480 2174 unsymmetrisch von den Seiten der Spitze und Vorragung aus entwickelt
418 1326 1375 1362 Fig. 24. (Utricularia vulgaris.) Junges Blatt aus einer Winterknospe, welches auf
469 1359 1324 1387 der linken Seite eine Blase in ihrem frühesten Entwickelungsstadium zeigt.
309 209 369 237 384
724 194 1452 229 Utricularia neglecta. Cap. 17.
