1600 2447
281 1490 520 1513 (Pinguicula vulgaris).
265 1614 524 1633 Stückchen Fleisch ein-
261 262 1403 296 hatte, wieder bewegen würde; nach 10 Stunden war eine Spur von Ein-
260 301 1403 337 krümmung vorhanden, dieselbe nahm aber während der nächsten 24 Stun-
261 339 1403 372 den nicht zu. Desgleichen wurde ein Stückchen Fleisch auf den Rand
261 378 1403 411 eines Blattes gelegt, welches vier Tage früher über einem Stück Fliege
261 417 1405 450 stark eingekrümmt worden war und sich dann wieder ausgebreitet hatte;
260 456 1403 488 das Fleisch verursachte auch nicht einmal eine Spur von Einkrümmung.
263 493 1405 530 Im Gegentheil bogen sich die Ränder etwas zurück, als wären sie be-
261 532 1406 568 schädigt, und blieben so die nächstfolgenden drei Tage lang, so lange
263 575 698 602 das Blatt beobachtet wurde.
342 610 1407 645 5. Versuch. — Ein groszes Stück einer Fliege wurde halbwegs
261 648 1407 685 zwischen die Mittelrippe und den einen Rand gelegt. Ein kurzer Ab-
262 687 1406 722 schnitt dieses Randes der Fliege gerade gegenüber zeigte nach 3 Stunden
263 726 1408 764 eine Spur von Einkrümmung, und war nach 7 Stunden stark eingebo-
264 764 1409 803 gen. Nach 24 Stunden war der einwärts gefaltete Rand nur 0,16 Zoll
264 804 1408 841 (4,064 Mm.) von der Mittelrippe entfernt. Der Rand fieng nun an, sich
263 844 1408 876 wieder auszubreiten, trotzdem die Fliege auf dem Blatte liegen gelassen
548 883 1409 916 wurde, so dasz am nächsten Morgen (d. h. 48 Stunden
548 922 1409 955 von der Zeit an, wo die Fliege zuerst aufgelegt wurde)
548 961 1411 994 der eingefaltete Rand beinahe vollständig seine ursprüng-
548 999 1409 1032 liche Stellung wieder erlangt hatte, da er nun 0,3 Zoll
548 1039 1410 1072 (7,62 Mm.) (anstatt 0,16 Zoll) von der Mittelrippe ent-
547 1076 1409 1108 fernt war. Indessen war immer noch eine Spur von Bie-
548 1117 765 1149 gung sichtbar.
627 1152 1407 1186 6. Versuch. — Ein junges und concaves Blatt
549 1192 1410 1226 wurde ausgesucht, dessen Ränder unbedeutend und auf na-
548 1231 1409 1267 türliche Weise eingekrümmt waren. Zwei ziemlich grosze,
547 1271 1408 1306 längliche, rechteckige Stückchen gerösteten Fleisches
548 1310 1409 1342 wurden nun, 0,46 Zoll (11,68 Mm.) von einander ent-
548 1349 1410 1383 fernt, so aufgelegt, dasz ihre Enden den eingefalteten
561 1388 1411 1416 Rand berührten. Nach 24 Stunden war der Rand be-
548 1423 1410 1461 deutend und gleichmäszig eingebogen (s. Fig. 16), und
547 1464 1408 1500 zwar über die ganze Strecke und noch 0,12 oder 0,13
546 1501 1408 1537 Zoll (3,048 oder 3,302 Mm.) oberhalb und unterhalb
548 1541 1407 1578 eines jeden Stückes; es war daher der Rand zwischen
549 1579 1410 1616 den beiden Stücken in einer gröszeren Ausdehnung affi-
549 1617 1410 1654 cirt worden, in Folge ihrer verbundenen Einwirkung,
548 1657 1410 1692 als jenseits derselben. Die Fleischstückchen waren zu
264 1695 1409 1734 grosz, um vom Rande umfaszt werden zu können, sie wurden aufgerichtet,
265 1733 1408 1770 eines von ihnen so, dasz es beinahe senkrecht stand. Nach 48 Stunden
266 1775 1409 1807 war der Rand beinahe ausgebreitet und die Fleischstückchen waren herab-
264 1812 1410 1850 gesunken. Als das Blatt nach zwei Tagen wieder untersucht wurde, war
267 1851 1410 1890 der Rand vollständig wieder ausgebreitet, mit Ausnahme des naturgemäsz
265 1891 1409 1929 eingefalteten Randes, und eines der Fleischstückchen, deren Ende zuerst
265 1928 1411 1965 die Kante berührt hatte, war nun 0,067 Zoll (1,70 Mm.) von ihr ent-
265 1968 1410 2006 fernt, so dasz dies Stückchen um so viel quer über die Blattscheibe ge-
268 2012 590 2039 schoben worden war.
348 2046 1411 2080 7. Versuch. — Ein Stückchen Fleisch wurde dicht an den einge-
268 2086 1411 2121 krümmten Rand eines ziemlich jungen Blattes gelegt und wurde, nach-
265 2122 1410 2159 dem sich der Rand wieder ausgebreitet hatte, 0,11 Zoll (2,795 Mm.)
685 180 1404 211 Pinguicula vulgaris. Cap. 16.
260 189 315 215 336
