1600 2447
290 288 1429 331 kinson untersuchte meinetwegen Pflanzen im Naturzustande und fand,
289 339 1429 384 dasz dies gewöhnlich der Fall ist; aber die jüngeren Blasen hatten
290 393 943 434 häufig ihre Klappen nach oben gekehrt.
370 438 1429 481 Das allgemeine äuszere Ansehn einer Blase von der Seite be-
292 488 1433 530 trachtet ist in der beistehenden Figur wiedergegeben, wobei die An-
293 537 1430 583 hänge der dem Beschauer zugekehrten Seite allein dargestellt sind
293 587 1433 634 (Fig. 18). Die untere Seite, wo der Stiel entspringt, ist nahezu
300 1189 1440 1240 gerade; ich habe sie die ventrale Oberfläche genannt. Die andere
300 1240 1438 1282 dorsale Oberfläche ist convex und endigt in zwei langen, aus mehre-
301 1291 1439 1336 ren Reihen von Chlorophyll enthaltenden Zellen gebildeten und, haupt-
301 1342 1441 1382 sächlich an der äuszeren Seite, sechs oder sieben lange, zugespitzte,
303 1393 1440 1436 vielzellige Borsten tragenden Verlängerungen. Diese Verlängerungen
302 1440 1443 1486 der Blase können passenderweise die Antennen genannt werden,
302 1491 1442 1535 denn die ganze Blase (vergl. Fig. 17) ist einem entomostraken Kru-
303 1541 1443 1585 stenthiere merkwürdig ähnlich, wobei der kurze Stiel den Schwanz
303 1589 1445 1634 darstellt. In Fig. 18 ist nur die nähere, dem Beschauer zu gelegene
305 1639 1445 1687 Antenne dargestellt. Unterhalb der beiden Antennen ist das Ende
304 1690 1443 1734 der Blase leicht abgestutzt und hier liegt der allerwichtigste Theil
306 1739 1450 1789 des ganzen Gebildes, nämlich der Eingang und die Klappe. Auf
302 1790 1445 1840 jeder Seite des Eingangs ragen von drei bis (selten) sieben lange,
308 1841 1447 1888 vielzählige Borsten nach auszen vor; aber nur diejenigen (vier an
306 1890 1449 1939 Zahl) auf der näheren, dem Beschauer zugekehrten Seite sind in der
306 1942 1448 1988 Zeichnung wiedergegeben. Diese Borsten bilden zusammen mit den
308 1991 1449 2038 von den Antennen getragenen eine Art von hohlem, den Eingang
307 2049 619 2091 umgebenden Kegel.
386 2093 1451 2139 Die Klappe senkt sich in die Höhlung der Blase hinein, oder auf-
310 2143 1453 2191 wärts in Fig. 18. Sie ist auf allen Seiten an die Blase angeheftet,
379 1104 1345 1133 Fig. 18. (Utricularia neglecta.) Blase, bedeutend vergröszert, c Kragen, undeutlich
695 1138 1035 1158 durch die Wandungen gesehn.
289 221 347 250 360
697 211 1429 244 Utricularia neglecta. Cap. 17.
