1600 2432
86 145 1175 185 Die Theol. d. Judenth., Chriſtenth. u. Islam ringen vergebens mit ihr.
89 234 1267 283 auf die Erkenntniß ihrer Unangemeſſenheit. Denn wo iſt dann
92 293 1267 339 die Grenze im Vorgang der Aufhebung? und wo iſt dann das
93 350 1268 398 Recht, von dem, was wir an der Welt gewahren, auf die Be-
91 407 1270 455 ſchaffenheit ihrer Urſache zu ſchließen, da dieſe Urſache der Welt
93 468 547 514 ganz heterogen ſein kann?
179 523 1270 571 So endigt die Arbeit des Mittelalters, das Weſen Gottes durch
90 581 1272 629 ſeine Eigenſchaften beſtimmen zu wollen, mit der gründlichen Einſicht
91 640 1271 687 in die Unangemeſſenheit dieſer Vorſtellung über Gott an das reli-
94 697 1273 745 giöſe Ideal. Jede Ausflucht iſt auch hier vergeblich. Die
94 755 1274 803 Aufgabe iſt unlösbar, den Gehalt des Ideals in uns feſtzuhalten
95 813 1274 860 und doch menſchliche, endliche Form und Mannigfaltigkeit aufzu-
94 870 1273 918 heben. Spinozas hartes Wort in Bezug auf jeden ſolchen Verſuch,
98 929 1275 974 Intellekt und Wille Gottes ſeien dem unſrigen nicht ähnlicher, als
99 987 1276 1034 das Geſtirn des Hundes dem bellenden Thiere, entwickelt nur
99 1045 1276 1093 Sätze der Theologie des Judenthums. So erklärt Abraham ben
101 1102 1276 1148 David: „Der Wille Gottes iſt von dem unſrigen ſpezifiſch ver-
100 1161 1276 1208 ſchieden; denn unſer Wille gründet ſich auf ein Begehren, und
101 1219 1278 1265 dieſes beſteht in dem Wunſche, etwas zu beſitzen was man nicht
99 1276 1278 1322 hat. Gott aber bedarf nichts, ſondern alle Dinge bedürfen ſeiner,
101 1334 1280 1379 und ſein Wille iſt dem Zwecke nach gerade das Entgegengeſetzte
100 1392 1275 1436 von dem, was wir uns unter unſerem Willen vorſtellen .“
100 1449 1279 1495 Und Maimuni geht bis zu der Frage: „Findet denn zwiſchen
101 1508 1278 1553 unſerem und Gottes Wiſſen eine andere Gleichheit als die des
103 1566 1279 1611 Namens ſtatt ?“ Wenn in Bezug auf eine weitere Schwierig-
103 1624 1280 1669 keit Kirchenväter und Scholaſtiker erklären, die Eigenſchaften
104 1682 1279 1727 in Gott ſeien untereinander identiſch , ſo iſt dieſe Identität des
102 1739 1279 1786 Unterſchiedenen ein hölzernes Eiſen. Wenn Thomas ſagt, daß
103 1798 1280 1843 das Mehrfache der Eigenſchaften, durch welche wir Gott erkennen,
104 1855 1280 1901 in der Abſpiegelung Gottes in der Welt ſowie in der Auf-
102 1914 1281 1959 faſſung vermittelſt unſeres Intellektes gegründet ſei, und nun
1200 146 1265 179 367
240 2038 847 2074 Emunah Ramah übſ. von Weil S. 70.
239 2082 1154 2119 Maimuni, More Nebochim übſ. von Scheyer Bd. III, 130.
239 2128 1283 2164 So ſchon bei Auguſtinus de trinitate VI c. 7: Deus multipliciter
111 2172 1283 2209 quidem dicitur magnus, bonus, sapiens, beatus, verus: sed eadem magni-
110 2217 643 2253 tudo ejus est, quae sapientia etc.
