1600 2407
262 286 1348 330 Das Beispiel erscheint so lehrreich, dass es ausführlicher be-
160 325 1348 373 sprochen werden mag unter Beihilfe der Originalfigur aus den
159 363 1348 409 Botan. Jahrbüchern für Systematik etc. Bd. XI. S. 19. Kronfeld
159 402 1347 447 hat gefunden, dass die Blüten des Eisenhutes, der Ranunculaceen-
161 441 1346 491 Gattung Aconitum, dem Insektenbesuche zur Kreuzungsvermitte-
162 481 1348 526 lung von Hummeln, ja so gut wie ausschliesslich aus Gründen der
158 1957 1349 2003 Körpergrösse und Blütenorganisation dem Besuch von der Hyme-
159 1997 1348 2043 nopteren Gattung Bombus angepasst sei; wo immer Aconitum
158 2035 1350 2081 blühend angetroffen wurde, sah man die Blüten von Hummeln
158 2072 1350 2117 besucht. Zur Erzielung kräftigen Samens ist demnach die Gattung
158 2110 1350 2156 Aconitum von Bombus abhängig, und zwar viel mehr, als Bombus
159 2149 1350 2188 zum Nahrungsgewinn von Aconitum, da nicht eine einzige Bom-
1280 203 1349 238 123
545 192 960 227 Aconitum und Bombus.
