1600 2747
311 195 1501 250 Vber diß iſt zu wiſſen/ das der Meſſing in ſolchem brennen ein ſchwe-
233 247 1501 306 ren bekombt/ dann ſo man in die acht Toͤpff 64. Pfund Kupffer einſetzt/ ſo
235 302 1502 358 waͤchſt dem Meſſing in den neun Stunden 26. Pfund Meſſing am Ge-
236 357 1501 412 wicht zu/ daß man widerumb 90. Pfund Meſſing außgeuſt/ thut auff ei-
235 406 1502 465 nen Ofen die Wochen uͤber/ als auff 14. Feuer 3. Centner 34. Pfund Meſ-
234 462 1503 517 ſing Zuwachs/ etliche Meſſingbrenner ſagen/ daß der Goßlariſche Gal-
233 516 1501 577 mey im Zuwachs mehr bringe/ als der Berg Galmey/ aber er mache den
233 569 1503 624 Meſſing im Bruch graͤhlicht/ darumb will er mit dem glůhen/ daß der
235 621 1503 677 Zeug in der Arbeit nicht reiß/ fleiſſig gewartet/ und nur mit der Holtz-
237 673 616 728 flamme gegluͤhet ſeyn.
340 726 1503 782 Diß hab ich auffs kuͤrtzſte/ wie das Kupffer zu Meſſing gebrannt
237 779 1503 834 wird/ den jenigen die nichts darvon wiſſen/ unvermeldet nicht woͤllen laſ-
234 834 1502 888 ſen/ wie aber ferner die Keſſel geſchlagen/ und der Drat mit dem Leib/ und
236 887 1503 945 am Waſſer darauß gezogen wird/ das iſt zu Ilſenburg auffm Hartz/ und
238 937 1327 994 an vielen Orten zuſehen.
328 988 1504 1045 Wie die Meſſingoͤfen/ die Brittaniſchen Stein/ ſo wol auch die Haͤ-
266 1101 466 1141 hende Figur.
329 1143 1506 1254 Hiemit will ich das dritte Buch vom Kupffer und derſelbigen Ar-
240 1198 1505 1256 beit/ ſambt anderm nohtwendigen Bericht/ darzu gehoͤrig/ beſchloſſen
344 1253 1377 1311 haben/ und wird der Leſer/ was ihm noch hierinn mangeln
592 1308 1182 1368 mag/ ſelbſt ferner nachzudencken
234 122 346 175 262
613 116 1058 181 Das dritte Buch/
1334 2423 1506 2467 APPEN-
