1600 2755
261 222 1528 274 und mach das jenige was ſich zu Boden geſetzt/ trucken/ heb jedes abſonderlich auff/ die-
262 268 1528 317 weil je eines ſchoͤner iſt als das andere; weil nun der Lapis Lazuli eben eine ſo ſchoͤne blaue
262 310 1528 359 tinctur hat/ wie die Anima lunæ iſt/ ſo ſtehet zu erachten/ daß er gantz ſilberiſcher Eigen-
261 354 1528 403 ſchafft ſeyn muß/ deßgleichen geben die Wißmuhtgraupen oder Schlacken/ welche nach
261 395 1529 448 dem herauß ſchmeltzen deß Wißmuhts zurůck bleiben/ die gemeine blaue Farb/ Zaffer
262 441 1530 490 genannt/ welche blaue Farb ebenmaͤſſig anzeigt/ daß das Wißmuth Ertz eine unzeitige
262 484 1530 535 Silber Geburt ſey/ und alſo nichts ungereimtes waͤre/ fleiſſig nachzuſinnen/ auff was
262 529 1534 578 Weiſe etwann durch Kunſt und natůrliche Beforderung/ dergleichen unzeitigen ſilberi-
259 574 1530 622 ſchen Ertzen zu beſſerer Maturation moͤcht geholffen werden/ wie ich droben davon mei-
258 616 1350 664 ne Gedancken wohlmeinendlich und ohnmaßgebig allbereit herauß gelaſſen.
350 657 1531 708 Sonſten ſtehet hier auch zubemercken/ daß das feine Silber anders nichts iſt als
260 702 1532 750 ein halb reiffes Gold/ welches wenn es ſeine Zeit in der Erden gehabt haͤtte/ und auch nit
260 744 1532 793 durch wiederwaͤrtige Accidentien deß Orts verhindert worden waͤre/ wůrde es zu ſei-
261 788 1532 836 ner gaͤntzlichen Maturation kommen/ und zu Gold worden ſeyn/ und daß dem alſo ſey/
260 832 1532 880 bezeugen unterſchiedliche Waſſer/ und Gradir-Oele wie ſie genannt werden/ ſo man
259 877 1533 922 hin und wieder in Bůchern beſchrieben findet/ deren eines mehr/ das andere weniger/
260 919 1531 966 wenn man Silber-Lameln darinn digerirt/ etwas in Warheit davon maturiren/ daß es
261 959 1532 1007 im Scheidwaſſer in Geſtalt eines ſchwartzen Kalcks zu Boden faͤllt/ wiewol es gemein-
264 1000 1532 1044 lich ohn Nutz iſt/ und niemand von mir darzu/ ſondern vielmehr von dergleichen abge-
263 1044 1532 1087 rahten wird/ es waͤre denn daß ſich etwann jemand mit ein oder andern Prob nur bloß
263 1086 1529 1134 der Warheit erkundigen wolte/ auff welchen Fall er es mehr als auff einen Weg alſo be-
263 1129 1533 1175 finden wird; deren Maturation Urſach auch anders nichts iſt als eine ſulphuriſche Hitze/
263 1173 1532 1220 welche die ingredientia derſelben als Antimonium, Vitriol, Schweffel und andere die
260 1215 1533 1263 viel mineraliſche Schweffel in ſich haben/ und gemeinlich zu ſolchen gradirenden Li-
263 1259 1533 1310 quoribus genommen werden/ von ſich geben/ welches dann eben das jenige Feuer iſt/ ſo
305 1304 1496 1356 die Ertze in der Erden kochet und zeitiget/ will alſo hiemit meinen Commentarium
423 1350 1380 1396 ůber unſers Authoris erſtes Buch beſchlieſſen/ und zu dem jenigen
561 1394 1254 1436 ſchreiten/ was etwa ůber das zweyte zu berichten
772 1435 1023 1477 wird vorfallen.
696 1523 1125 1622 Ende deß erſten Buchs.
259 148 335 213 92
467 139 1330 213 Das erſte Buch/ von den Silber Ertzen.
1427 2457 1539 2513 Das
