1600 2612
226 332 1436 383 den Entwurf nicht völlig abgelehnt, so beginnt über die
224 402 1435 452 Vorlage der Regierung und die hierzu von der früheren
223 472 1435 524 Kammer beantragten Veränderungen die Berathung der
224 542 1435 588 anderen Kammer; beide Kammern treten sodann in
223 612 1434 664 Wechselverkehr, bis eine vollständige Einigung der-
223 683 1434 734 selben und damit ein Beschluss der Stände erzielt ist.
222 751 1432 804 Dem Monarchen steht es jederzeit frei, den eingebrachten
223 821 1430 867 Gesetzentwurf zurückzuziehen; er würde hieran selbst
222 891 1429 931 durch die unveränderte Annahme desselben von Seiten
221 960 1431 1012 der Stände nicht gehindert sein. Erst wenn die stän-
220 1031 1432 1083 dische Berathung und Beschlussfassung beendigt ist, hat
221 1102 1435 1149 er sich frei darüber zu entschliessen, ob er den Entwurf
220 1172 1431 1223 in seiner nunmehrigen Gestalt durch seine Sanction
219 1242 1431 1289 zum Gesetze erheben will. Er thut diess, indem er
230 232 303 269 142
668 223 1004 273 Dritter Abschnitt.
335 1359 1428 1402 Manche Verfassungsurkunden haben ein besonderes Ver-
218 1409 1429 1453 einigungsverfahren eingerichtet. — Die Redaction der gefassten
217 1458 1429 1503 Beschlüsse wird in den meisten Staaten der Regierung überlassen.
220 1508 1427 1552 Siehe aber die Bemerkungen Mohl’s, Staatsrecht, Völkerrecht,
218 1559 680 1602 Politik, Bd. 2. S. 563 flg.
332 1614 1429 1659 Die entgegengesetzte Ansicht könnte nur von der völlig
217 1662 1427 1708 unrichtigen Vorstellung ausgehen, als wenn die Vorlage eines
220 1714 1426 1758 Gesetzentwurfs wie eine privatrechtliche Vertragsofferte des Mo-
219 1764 1427 1807 narchen aufzufassen sei, welche durch Acceptation der Stände
218 1815 770 1856 zum fertigen Vertrage würde.
333 1870 1428 1913 Für die Frage, bis zu welcher Zeit die Entschliessung des
218 1920 1429 1963 Monarchen geschehen müsse, damit die ständische Zustimmung
216 1969 1428 2010 noch als bestehend gelte, enthalten nur einzelne Gesetze eine
216 2019 1428 2060 Vorschrift, z. B. verlangt das Bayerische Gesetz vom 25. Juli
217 2069 1427 2110 1850 Art. 40., dass die Entscheidung des Königs spätestens beim
218 2118 1425 2162 Schlusse der Ständeversammlung im Landtagsabschiede erfolge.
216 2168 1424 2212 (Siehe auch Sächsische Verfassungsurkunde §. 113.) v. Rönne
216 2218 1424 2259 a. a. O. S. 177 behauptet, dass die Sanction bis zum Zusammentritte
217 2268 1426 2310 der nächsten Ständeversammlung geschehen müsse, und stützt sich
215 2318 1428 2352 dafür auf die Discontinuität der Kammern. Dieser Grund ist
208 2369 1425 2412 jedenfalls unrichtig, da aus dieser Discontinuität keineswegs folgt,
