1600 2090
213 636 1055 753 Kurtzgefaßte Nachricht
177 766 1090 856 Von einigen Buchdruckern ſo
223 854 1054 919 wohl inn-als auſſerhalb Teutſchland.
432 1063 1092 1111 Nachdem ich in meinem erſten Theil der
397 1107 1091 1157 ſo noͤthig als nuͤtzlichen Buchdru-
456 1155 1090 1202 ckerkunſt eine hinlaͤngliche Nach-
452 1202 1091 1250 richt von den Buchdruckern in Leip-
454 1249 1090 1297 zig mitgetheilet habe; So habe ich
455 1295 1089 1344 mich entſchloſſen dem andern Theil
453 1341 1089 1392 eine Nachricht von einigen Buchdru-
455 1389 1088 1438 ckern ſo wohl inn - als auſſerhalb
176 1432 1088 1483 Teutſchland vorzuſetzen. Warum ich dieſe Nach-
176 1479 1086 1531 richt ſo, und nicht anders eingerichtet, davon habe
176 1526 1042 1576 ich bereits in meiner Vorrede Rechenſchafft gegeben.
228 1571 1086 1624 Ehe ich aber noch meine Nachrichten anfange, ſo
174 1617 1086 1669 will ich erſt noch verſchiedene Anmerckungen in An-
175 1664 1085 1716 ſehung der Leipziger einſchalten. Es betreffen ſelbige
174 1711 1088 1761 einige Jnſignia. Jn der kurtzen Nachricht von den
176 1755 1085 1814 Buchdruckern in Leipzig p. 99. habe ich angegeben,
608 1805 639 1845 A
1023 1815 1086 1855 daß
