1600 2779
243 307 1522 381 geburt folgt dem Stand der Mutter . Sie konn-
243 378 1525 450 ten daher, wenn ſie gleich aus einer Blutſchande geboh-
242 449 1527 513 ren waren, doch zu den anſehnlichſten Staatsbedienun-
244 515 1526 579 gen gelangen. Non enim impedienda eſt dignitas eius, qui
246 576 1526 645 nihil admiſit, ſagt Papinian . Ein Ausſpruch, wel-
248 647 1523 716 cher der Denkungsart der Roͤmer Ehre macht. Nur al-
246 716 1526 780 lein in dem Fall, da bey der Bewerbung um eine Ehren-
246 783 1529 851 ſtelle ein unehelich gebohrner Competent mit einem ehelich
247 849 1528 913 gebohrnen certirte, mußte der erſtere nachſtehen . Ob
247 919 1530 987 ſich die Sache heutiges Tages anders verhalte, iſt ſtrei-
245 986 1529 1050 tig. Soviel iſt richtig, die alten teutſchen Rechte halten
241 1049 1530 1116 die unehelichen Kinder nicht fuͤr Buͤrger des Staats, ſon-
239 1115 1530 1180 dern fuͤr Fremde und Leibeigene . Sie waren Leibei-
238 1182 1531 1247 gene der teutſchen Koͤnige und Kaiſer, und wurden des-
27 1254 1531 1315 wegen auch Koͤnigs-Kinder genennt . Starben
242 1317 1531 1384 ſie, ohne eheliche Leibeserben zu hinterlaſſen, ſo verfiel
242 205 305 257 86
564 191 1222 260 1. Buch. 5. Tit. §. 116.
1450 1390 1533 1449 ihre
346 1494 1530 1546 vlpian. Fragm. Tit. V. §. 8. Connubio interveniente, li-
295 1556 1527 1602 beri ſemper patrem ſequuntur; non interveniente connubio,
291 1615 1531 1663 matris conditioni accedunt. celsus L. 19. D. h. t. Vulgo
290 1671 1531 1716 quaeſitus matrem ſequitur. ulpianus L. 24. D. eodem. Lex
289 1728 1529 1774 naturae haec eſt, ut qui naſcitur ſine legitimo matrimonio,
286 1785 1531 1833 matrem ſequatur, niſi lex ſpecialis aliud inducit. Ueber dieſe
291 1842 1530 1894 Stelle verdient Barth. chesius in Interpretat. iuris lib. I. c. 27.
291 1902 1528 1956 n. 10. Iurispr. Rom. et Att. T. II. nachgeſehen zu werden.
292 1954 1570 2012 Durch Verwechſelung der Zahl iſt dieſes Allegat irrig zur No-
258 2021 784 2080 te 74. S. 69. gekommen.
339 2091 1534 2149 L. 6. pr. D. de decurionib. et filiis eor. Eben ſo denkt
294 2151 1534 2207 auch Ulpian L. 2. §. 7. eodem. Nullum patris delictum
296 2198 1533 2257 innocenti filio poenae eſt, ideoque nec ordine decurionum,
295 2265 1513 2311 aut caeteris honoribus, propter eiusmodi cauſam, prohibetur.
343 2343 771 2391 L. 3. §. 2. D. eodem.
345 2414 1536 2468 puffendorf Obſervat. iuris univ. Tom. III. Obſ. XIII. §. 5.
342 2479 1538 2543 haltaus Gloſſar. germ. voc. Koͤnigskinder. Wieſand
303 2552 922 2606 juriſtiſches Woͤrterbuch h. voc.
