1600 2779
94 224 1394 301 maͤſigen und erbfaͤhigen Kindern gleichgeachtet werden
93 296 1392 369 koͤnnen . Zu den rechtmaͤſigen Kindern werden endlich
212 393 1390 472 IV) auch die von hohen Standesperſonen evangeli-
95 464 1392 534 ſcher Religion , als von regierenden Reichsfuͤrſten oder
98 534 1390 608 Reichsgrafen, aus einer ſogenannten Gewiſſens-Ehe
94 560 1393 673 erzeugte Kinder nach der gemeinen Meinung der Rechts-
95 660 1392 738 gelehrten, und dem Reichsherkommen gerechnet . Denn
1315 148 1390 197 93
458 117 973 178 de Statu Hominum.
1296 2488 1371 2515 tate
1172 754 1389 800 evan-
190 848 1389 910 Ich habe dieſen Satz gegen eine Meinung des H. GR.
223 905 1391 959 Kochs de ſucc. ab int. §. 36. in meiner Comment. de con-
142 963 1390 1019 ditione liberorum ex ſtupro violento aut nec violento nec volun-
139 1021 1391 1084 tario procreatorum quoad ſucceſſionem ab inteſtato recte aeſti-
140 1076 1388 1139 manda, §. 12 — 14. ſo im IV. Faſcikel meiner Opuſculor.
142 1128 1387 1197 (Erlangen 1790. 8.) befindlich iſt, zu vertheidigen ge-
141 1192 1388 1256 ſucht, wo ich uͤberhaupt die Materie von der vermeintlichen
145 1253 859 1314 Ehe in mehreres Licht geſetzt habe.
191 1340 1391 1400 Unter katholiſchen Standesperſonen iſt freylich die Gewiſſens-
148 1398 1391 1455 ehe an den Orten, wo das Tridentiniſche Concilium gilt, einer
146 1455 1392 1516 groͤßern Schwierigkeit ausgeſetzt, denn dieſes erklaͤrt ſchlech-
143 1514 1391 1569 terdings Seſſ. XXIV. cap. 1. de reformat. matrim. eine jede
142 1565 1390 1622 eheliche Verbindung fuͤr nichtig und kraftlos, welche anders
139 1629 1387 1686 als in Gegenwart des Pfarrers und zweener oder dreyer Zeu-
139 1688 1385 1744 gen iſt eingegangen worden. P. Benedikt XIV. in Con-
138 1747 1383 1802 ſtitut. Satis nobis §. 6. et 7. de an. 1741. erlaubt eine Ge-
134 1804 1385 1860 wiſſensehe nur denn, wenn eine gravis, urgens, et urgen-
134 1857 1380 1914 tiſſima cauſa eine Diſpenſation rechtfertiget. Man ſehe Paul.
140 1918 1380 1973 Ioſ. a riegger Inſtitut. iurisprud. eccleſiaſt. P. IV. §. LXXIII.
137 1973 1017 2025 et LXXIV. S. 47. (edit. Vindobon. 1777.)
182 2062 1383 2117 S. Franc. Ge. dietterich Tract. de legitimis natalibus
136 2121 1381 2182 inter Illuſtres praeſumendis. Argentorati 1776. und vorzuͤglich
134 2180 1381 2244 Chriſt. Ignat. wiese in der unter Io. Ge. schloer Vorſitz
135 2232 1354 2295 zu Maynz 1782 vertheidigten Diſſertation, welche betitelt iſt:
139 2289 1373 2347 Vindiciae legitimorum natalium liberorum, e matrimoniis S.
136 2345 1374 2404 R. I. Principum Comitumve Auguſtanae Confeſſioni addicto-
131 2402 1374 2464 rum, ſolo mutuo conſenſu matrimoniali, neglecta omni ſolemni-
