1600 2790
256 267 1526 348 gen zu verhelffen . Soviel von denen natuͤrlichen
231 339 1496 402 Verbindlichkeiten im ſtrengſten Sinn des Civilrechts,
257 401 1551 467 welche in den buͤrgerlichen Gerichten nicht voͤllig wirk-
256 471 1530 541 ſam ſind; nun koͤnnte zwar noch manches uͤber die Wir-
261 536 1506 608 kungen des Pfandrechts, der Buͤrgſchaft, des Eides,
264 604 1533 666 der Compenſation, des Conſtitutums, u. ſ. w. in An-
267 667 1533 743 ſehung dieſer natuͤrlichen Verbindlichkeiten geſagt wer-
267 737 1533 804 den , damit ich jedoch die noͤthige Grenzen nicht
266 804 1535 870 uͤberſchreite, ſo behalte ich mir vor, von dieſen Gegen-
262 871 1533 943 ſtaͤnden an denjenigen Orten der Pandecten zu handeln,
266 935 1537 1000 wo dieſe Materien ſelbſt vorkommen werden. Da in-
265 1003 1538 1077 zwiſchen Hellfeld in dieſem §. uns noch auf den Be-
268 1065 1537 1145 grif der Billigkeit hinleiten will, ſo wird es noͤthig
271 1137 1535 1208 ſeyn, auch hiervon die noͤthige Erlaͤuterung zu geben,
271 1196 1538 1275 zumahl da der Unterſchied zwiſchen Recht und Bil-
271 1270 1538 1346 ligkeit groͤſtentheils auf undeutlichen Begriffen beru-
270 1336 1539 1410 her . Hellfeld ſagt, die natuͤrliche nicht reprobirte
273 1403 1541 1467 Verbindlichkeit komme unter dem Nahmen der Billig-
267 183 357 241 192
653 160 1168 245 1. Buch. 1. Tit.
1449 1467 1543 1510 keit
393 1583 1538 1642 Die dagegen gemachten Einwuͤrffe einiger Rechtsgelehr-
343 1642 1538 1702 ten hat Herr Prof. Weber a. a. O. 6. Abſchn. §. 92.
336 1708 898 1759 und ff. gruͤndlich widerlegt.
391 1765 1540 1831 Hiervon handelt P. Weber im 8. 9. 10. und 11. Ab-
340 1829 1292 1889 ſchnitt ſeines mehrgedachten claſſiſchen Werks.
395 1899 1539 1957 Ueber die Billigkeit, deren rechtmaͤſige Anwendung,
337 1956 1540 2017 und ihren Unterſchied vom ſtrengen Recht iſt viel geſchrie-
337 2008 1558 2072 ben Man findet die Schriften beym lipenius in Bi-
340 2071 1539 2126 blioth. real. iurid. T. l. S. 36. u. folg. und in
344 2125 1538 2191 Schotts Supplement. S. 14. vollſtaͤndig angefuͤhrt. Ich
344 2187 1538 2251 ſetze nur noch folgende hinzu: Ge Chriſtoph. nelleri
346 2240 1537 2312 Principia iuris de aequitate; in Opuſculis T. I.
344 2301 1537 2361 P. I. N. II. S. 16. 27. und Ernſt Ferd. Kleins Ab-
322 2360 1536 2429 handlung uͤber die Billigkeit bey Entſchei-
348 2416 1536 2480 dung der Rechtsfaͤlle, in Deſſelben Annalen der Ge-
310 2475 1536 2543 ſezgebung und Rechtsgelehrſamkeit in den Preuß Staa-
351 2537 1500 2602 ten 1. Band (Berlin u. Stettin 1788.) S. 357-390.
