1600 2526
597 173 1058 215 Das Erwachen vom Irresein.
182 251 1435 316 qualitativ unter sich verschiedenen Traumzuständen ähnlich ist, so
177 304 1432 370 zeigt auch der psychische Prozess, mittelst dessen das Individuum,
176 357 1432 416 wenn die Gehirnkrankheit geheilt wird, zum gesunden Leben zurück-
174 407 1429 477 kehrt, die mannigfaltigsten Modificationen. Bald gleicht die Genesung
174 457 1429 520 dem einfachen Erwachen: während das Individuum sich staunend zu-
171 509 1428 577 rechtzufinden sucht, versinken die der Krankheit angehörigen Vor-
171 561 1427 624 stellungsmassen in kurzer Zeit und das alte Ich tritt unversehrt und
170 614 1423 678 unbeeinträchtigt wieder an ihre Stelle. Anderemale lösen sich die
170 667 1424 730 schon geknüpften Verbindungen schwerer, und indem das alte Ich
168 721 1423 783 nur langsam erstarkt, besteht die Genesung noch einmal aus einem
165 773 1421 842 peinlichen Kampfe, in welchem der Erwachte jetzt oft des Zuspruchs,
163 825 1420 893 der Belehrung, der Leitung durch fremden Willen zur eigenen Kräf-
162 879 1418 945 tigung bedarf. Es ist nicht selten, dass dann doch nicht jeder Faden
166 932 1418 996 des Wahngespinstes sich herausziehen lässt, und auch der Genesene
161 985 1416 1048 behält mitunter für lange Zeit oder für immer als kleine Ueberreste
155 1041 1415 1102 gewisse Tics und Bizarrerieen, gewisse Verschrobenheiten und Ver-
154 1094 1414 1155 stimmungen an sich, ja er erleidet zuweilen von hier aus eine durch-
153 1146 868 1193 greifende Aenderung seines Charakters.
222 1207 1411 1274 Es ist unzulässig, diese Processe auf das moralische Gebiet zu verlegen,
151 1250 1412 1315 wohin sie so wenig als der Process im Anfang der Erkrankung gehören; aber
148 1296 1410 1362 es ist richtig, dass dem schon früher haltlosen Reconvalescenten eine richtige
147 1338 1408 1400 sittliche Führung noth thut und dass nicht selten hier erst für den Irrenarzt eine
147 1383 1407 1444 neue Wirksamkeit an dem Genesenen beginnt, welche freilich meistens die Sache
146 1427 893 1471 seiner ersten Jugenderziehung hätte sein sollen.
234 1483 1405 1549 Von grossem Interesse sind die Fälle, wo erst kurz vor dem
141 1533 1403 1612 Tode die geistige Gesundheit oder doch eine entschiedene Besserung
142 1589 1402 1660 des Geisteszustandes eintritt. Es kommt diess am häufigsten bei
137 1643 1399 1708 Maniacis vor,  etwas seltener bei Melancholischen, beinahe nie in
138 1697 1398 1766 den secundären Zuständen der Verrücktheit und des Blödsinns; wo
136 1746 1396 1815 schwerere, anatomische Läsionen des Gehirns vorhanden sind, wo die
130 1803 1396 1869 kranken Vorstellungen das Ich vollständig durchdrungen und zersetzt
130 1845 1393 1922 haben, scheinen die Grundbedingungen einer Rückkehr zum normalen
131 1911 1390 1977 Vorstellen zu fehlen. Wie lange Zeit hiezu nöthig ist, ist freilich unmessbar.
202 1973 1389 2033 Brierre de Boismont  erzählt den Fall eines Gärtners, der in seinem
129 2017 1388 2077 22sten Jahre nach einem heftigen Schreck, den ihm eine Bärenmaske auf einem
128 2062 1387 2126 Maskenballe einjagte, geisteskrank wurde, von dort an zwei und fünfzig Jahre
184 159 227 198 92
252 2151 1385 2209 In dem Irrenhause der Quäker bei York unter 33 Todesfällen von Ma-
123 2195 1383 2255 niacis — 8mal, unter 45 Melancholischen — 8mal (Julius, Beiträge zur brittischen
122 2239 1382 2299 Irrenheilkunde p. 255). Die drei von Parchappe (Traité de la folie. Docum. necrosc.
120 2283 1356 2342 Par. 1841. p. 1—4) angeführten Beispiele betreffen gleichfalls Fälle von Manie.
259 2330 813 2372 Gazette des hopitaux. 1844. No. 54.
