1600 2735
341 332 1537 395 nune  ſtatt dâ ne, jâ ne, dî ne (die ne) ſî ne (fie
345 386 1534 443 ne) nie ne, wie ne, ſô ne, dû ne, dû ne, nû ne; incliniert
345 434 1534 499 hingegen ſtatt des ne die umdrehung en an das fol-
348 481 1534 550 gende verbum, ſo verbleibt jenen wörtern die länge,
349 532 1535 586 natürlich weil ſie dann auslauten, z. b. jâ enſol, ſô
341 585 1538 640 enweiƷ, nie enkan. Aus dieſer zuerſt von Lachmann
351 632 1538 696 entwickelten regel ergibt ſich theils b ſtätigung des
352 682 1537 741 oben ſ. 88. 97. vermutheten urſprünglichen ja, du,
352 733 1539 791 nu etc. , denn ein von natur langer (ich meine,
332 785 1509 848 ein nicht als bloßer auslaut verlängerter) vocal muß
354 832 1539 891 auch inlautend lang bleiben, z. b. tuoƷ (Triſt. 11a M.
357 881 1541 940 S. 1, 63b 100a 140b) gêƷ f. tuo ëƷ, gè ëƷ. Theils
359 933 1544 988 ſtimmt ſie zu dem für die mittelh. conſ. gültigen
360 981 1546 1050 grundſatz. daß eine unorganiſche wiederum nicht
360 1031 1541 1094 eine organiſche) ten. des auslauts inlautend zur alten
362 1082 1542 1139 med. zurückkehre, folglich auch, wenn ſie durch in-
364 1130 1543 1188 clination inlautend wird, z. b. gaber, meider, truogich
343 1179 1546 1247 ſt. gap ër, meit ër, truoc ich. Beſondere aufmerk-
368 1230 1545 1287 ſamkeit verdient die verkürzung des ie in nine, dine,
362 1280 1548 1346 ſine; die auslaute nie, die, ſie ſtehen freilich nicht für
351 1328 1549 1393 ni, di, ſi, wie jâ, dû für ja, du, aber unorganiſch
353 1380 1550 1446 waren ſie entſprungen aus i-e (oben ſ. 104.) und dar-
362 1431 1551 1496 um geht wohl bei der anlehnung das der frühern
369 1480 1552 1542 flexion, nicht der wurzel angehörige e auf; das u in
358 1529 1553 1595 diu hingegendarf auf dieſe weiſe nicht ausgeſtoßen und
360 1582 1555 1645 dine nicht f. diu en geſetzt werden. — Ob und wann
374 1631 1555 1727 ähnliche kürzungen auch außer der eigentlichen an-
362 1682 1557 1746 lehnung ſtattfinden, wenn im verſe auf ſolche unur-
370 1730 1558 1795 ſprüngliche vocallängen ein zu elidierender vocal oder
379 1780 1557 1848 ein conſ. mit kurzem voc. folgt z. b. da’rbôt, do ge-
361 1830 1593 1899 lac. igenôte f. dâ erbôt, dô gelac, ie genôte)? gehört
373 1884 1048 1952 in die mittelh. metrik .
290 258 373 302 372
566 226 1248 303 I. mittelhochdeutſche vocale.
453 2003 1562 2064 Widerſpricht nicht der ſ. 331. b. c. vorgetragnen regel,
465 2047 1564 2100 weil das aulehnende n. zu der vorigen ſilbe tritt (jan-e,
398 2089 1565 2148 dun-e, wie in den, duƷ), keine neue beginnt; darum
465 2130 1565 2188 kann auch das zuſ. geſetzte (nicht angelehnte) nie-man,
467 2173 1485 2232 ie-man keine kürzung in i men, ni-men erfahren.
469 2221 1569 2286 Ob auch jazen (annuere) ſt. des ſ. 97. ſtehenden jâzen,
431 2226 1568 2326 ebenſo duzen (tuiſſare) und nicht dûzen geſagt werden
401 2314 1568 2364 müße? zweifle ich, weil ein i ſyncopiert ſcheint, vor
377 2351 1571 2417 dem der lange voc. beſtand und nach deſſen ausſtoß er ſich
376 2393 1599 2461 erhielt, früher alſo: jâizen, dûizen (vgl. nord jâta, þûa).
462 2454 1572 2512 Lachmann (rec. d. Nib. col. 215.) nimmt ſelbſt kürzung
473 2495 1573 2562 des inlautenden (freilich unorganiſchen -ie in hier an, ſo-
444 2537 1573 2617 bald en, inne folgt (hirinne, hir en hove); KolocƷ. 65. 70.
