1600 2762
747 2114 913 2208 §. 6.
256 2188 1401 2328 Eigne Annahme hoͤherer Wuͤrden.
256 2316 1464 2423 So wie die Nazion urſpruͤnglich das Recht hat,
161 2410 1465 2484 ihrem Souverain eine gewiſſe Wuͤrde beizulegen oder
160 2435 1466 2591 annehmen zu laſſen, ſo kann es, auch nach den heut-
484 164 1127 232 Von den Titeln, Wapen
142 162 253 230 446
1323 2558 1445 2615 zutage
237 298 1452 373 ſ. Io. Petr. Ludwig diſſ. de auſpicio regum. Hal.
338 370 1453 425 1701. und nachher unter dem Titel: de iure reges
335 430 1450 490 appellandi. Hal. 1704. und in Opuſc. Miſcell.
337 495 821 554 Tom. I. p. 1 — 120.
238 555 1452 617 Ejusdem Naeniae Pontificis de iure reges appellandi.
337 624 1454 680 Hal. 1702. und in Opuſc. cit. Tom. I. p. 129.
335 688 1456 746 auch teutſch: Paͤpſtlicher Unfug wider die Krone
337 753 1454 805 Preuſſen, welche Clemens XI. in einem den 16.
336 818 1459 874 April 1701. ausgeſtreuten irrigen Brevi zu Verklei-
336 880 1456 941 nerung aller gekroͤnten Haͤupter begangen. Coͤln
342 941 1409 1007 1702. Dagegen erſchienen Joh. Heinr. Imhof
341 994 1463 1085 Anmerkungen contra ſcriptum Paͤpſtlicher Unfug
338 1060 976 1119 titulirt. Nuͤrnberg 1702. 8.
220 1109 1458 1196 Dietr. Herm. Kemmerich diſſ. de Corona Boruſſiae.
340 1195 588 1254 Lipſ. 1704.
284 1273 1460 1354 Dies geſchah von dem gegenwaͤrtigen Papſt Pius VI.
274 1342 1462 1413 durch Vermittelung des damaligen Staats- und Kabi-
277 1405 1459 1472 netsminiſter von Herzberg. ſ. von Herzberg hiſtoriſche
277 1459 1462 1542 Nachrichten von dem ehemals von den Paͤpſten beſtrit-
276 1531 1460 1600 tenen nunmehro aber anerkanten Preuſſiſchen Koͤnigstitel
265 1582 1462 1686 in der Berliner Monatsſchrift Auguſt 1786. S. 101. ff.
279 1646 966 1730 Vergl. May 1787. S. 501.
301 1704 1463 1794 Vattel, Real und de Martens a. a. O. Indes glaubt
281 1786 1463 1862 Koͤhler in ſeiner Reichshiſtorie, daß der Kaiſer bey der
280 1856 1464 1928 preuſſiſchen Koͤnigswuͤrde ſein Recht einigermaaſſen aus-
248 1927 1466 1993 geuͤbt habe, indem die Erhebung mit Erlaubnis und
284 1977 1325 2063 vorherigem Einverſtaͤndnis deſſelben geſchehen ſey.
