1600 2762
572 1620 720 1675 §. 17.
71 1709 1227 1781 Beraubung der Freiheit, Sklaverey ꝛc.
119 1817 1273 1901 Bey den chriſtlichen Nazionen in Europa iſt der
32 1881 1272 1957 dem freigebohrnen Menſchen ganz zuwiderlaufende bar-
30 1945 1274 2020 bariſche Stand der Sklaverey, und die ehedem her-
33 2001 1274 2084 ſchende Gewonheit, die Kriegsgefangenen als Sklaven
32 2064 1275 2149 zu behandeln, zwar aufgehoben, obgleich in der hier
35 2129 1275 2199 und da noch uͤblichen Leibeigenſchaft einige Spuren da-
35 2147 1275 2268 von anzutreffen ſind a]; bey der Pforte hingegen ſind
36 2244 1274 2325 iene Grundſaͤtze noch groͤſtentheils im Schwange. Be-
39 2305 1277 2390 ſonders pflegen auch die Unterthanen derienigen Nazion,
40 2367 1275 2450 die mit ihr nicht in Buͤndnis und Freundſchaft ſteht,
38 2430 1278 2514 wenn ſie auf ihr Gebiet kommen, zu Sklaven gemacht
40 2490 1277 2580 und ihre Guͤter confiſcirt zu werden b]. Daher haben
1167 277 1257 333 337
42 267 1127 358 in Anſ. der einzeln. Buͤrger u. Unterthanen.
102 2563 894 2645 Guͤnth. Voͤlk. R. 2. B. Y
1192 2561 1280 2597 ver-
138 399 1256 476 Es muͤſſen iedoch allerdings gewiſſe Grade beobachtet,
133 461 1257 546 erſt glimpfliche Vorſtellungen, dann Drohungen, Res
132 529 1255 607 preſſalien ꝛc. und endlich Gewalt angewandt werden.
136 596 734 667 Moſer a. a. O. S. 187. ff.
145 660 1257 742 In vielen Buͤndniſſen, Handelsvertraͤgen ꝛc. wird be-
134 731 1259 807 dungen, daß die beiderſeitigen Unterthanen in des andern
137 791 1259 867 Theils Landen, ohne Unterſchied der Religion, gedultet
137 849 1262 925 werden, auch wohl das Recht der Religionsuͤbung ge-
137 913 1262 992 nieſſen ſollen. Mit Bewilligung des Souverains, kann
137 977 1263 1047 einem auswaͤrtigen ſogar ein beſonderer Religionsſchutz
137 1040 1264 1109 in des andern Landen zuſtehn, wie z. B. die lutheriſche
109 1098 1265 1174 Kirche in Warſchau den daͤniſchen Schutz genieſſet. Bey
137 1160 1265 1231 Abtretung von Laͤndern wird mehrenteils feſtgeſetzt, daß
137 1221 1263 1285 die herſchende Religion darinn ungeſtoͤrt bleiben ſoll.
138 1294 484 1349 Moſer a. a. O.
150 1348 1267 1417 M. vergl. Io. Ernſt ab Auerswalde diſſ. de eo quod
140 1412 1267 1483 lege naturali pro fidei ſociis propter religionem
143 1484 858 1550 afflictis iuſtum eſt. Viteb. 1723.
