1600 2699
162 304 1252 351 ſie vollkommene Selbſtändigkeit hat, ein ſolches wählen,
160 361 1294 409 wodurch dann hinſichtlich ihrer Rechtsverhältniſſe, unbeſcha-
162 418 1295 466 det ihres ſonſtigen völkerrechtlichen Charakters, die Zuſtän-
162 475 1147 523 digkeit der fremden Staatsgewalten begründet wird.
79 532 1293 581 II. Die weſentliche Bedeutung der Exterritorialität beſchränkt ſich
165 591 291 637 darauf,
235 648 1295 696 daß kein Recht der inneren Hoheitsgewalt, insbeſondere
230 705 1296 753 kein Act der polizeilichen oder richterlichen Gewalt ge-
231 763 1296 811 gen die exterritoriale Perſon oder Sache ausgeübt wer-
231 820 396 866 den darf,
162 877 1297 924 wogegen alle übrigen Rechte, die dem Einzelſtaat gegen aus-
163 933 1237 982 wärtige Staaten zuſtehen (§. 29 u. f.) unberührt bleiben.
63 991 1296 1039 III. Selbſt die Ausübung der inneren Hoheitsgewalt iſt nicht
163 1049 1297 1098 ausgeſchloſſen, inſofern die exterritoriale Perſon Befugniſſe
168 1107 1297 1155 erwerben oder genießen will, welche die ſtaatsbürgerliche Ei-
167 1164 1048 1212 genſchaft in dem fremden Staate vorausſetzen.
62 1222 1296 1269 IV. Sie iſt eben ſo wenig befreit von den Laſten, welche auf dem
164 1280 1296 1326 Gebrauch einzelner, dem fremden Staat zugehöriger Sachen
164 1336 1235 1384 haften, wofern nicht jener aus Gefälligkeit davon abſteht.
80 1393 1298 1443 V. Auch in Beziehung auf Privatrechte, welche ſie in dem frem-
163 1451 1296 1498 den Staat erwirbt oder ertheilt, wird ſie der öffentlichen
164 1508 1298 1557 Ordnung und dem dortigen Rechtsſyſtem unterworfen, na-
167 1565 1298 1612 mentlich in Betreff aller Realrechte an unbeweglichen Sa-
170 1623 1298 1669 chen,  ſo wie in Betreff der im fremden Staat eingegan-
168 1675 1297 1728 genen obligatoriſchen Verhältniſſe, vorbehaltlich der nach den
169 1738 1280 1786 Perſonalſtatuten des Exterritorialen zu beurtheilenden Fragen.
166 1794 1297 1843 VI. Mit der Exterritorialität der Perſon iſt auch zugleich eine
1252 219 1294 251 79
45 216 1070 260 §. 42. Voͤlkerrecht im Zuſtand des Friedens.
140 1879 1298 1920 Warum ſollte z. B. der Souverän eines fremden Staates nicht auch an-
127 1928 883 1967 derwärts ein eigentliches Domicil haben können?
140 1975 1295 2015 Anerkannt iſt dies unter Anderm im Weſtph.-Osnabr. Frieden V. §. 28.
126 2023 1297 2063 hinſichtlich der ehemaligen Reichsritter: nisi forte in quibusdam locis ra-
124 2074 1297 2112 tione bonorum et respectu territorii vel domicilii aliis statibus repe-
122 2120 408 2159 riantur subjecti.“
137 2166 1298 2208 Insbeſondere alſo das Recht der Selbſterhaltung und Vertheidigung; Recht
124 2215 323 2254 auf Achtung.
135 2262 1021 2305 Z. E. Anlegung einer Druckerei, Betrieb eines Handels.
139 2311 768 2351 Z. B. von Erlegung des Chauſſeegeldes.
136 2358 1293 2398 Allgemein anerkannt. Bynkershoek, c. XVI. Merlin, Répertoire m.
125 2405 1295 2445 ministre public. S. 5. §. 4. art. 6 et 8. Wheaton, I, 2, 3. §. 16. All-
128 2453 600 2493 gem. Preuß. G. O. I, 2, 66.
