1600 2699
312 281 1557 330 ſtreitig machen und müſſen folglich die Rückwirkungen dieſes Rechts
312 339 1557 386 auf ſich ſelbſt anerkennen. Es iſt ein Act der Occupation eines
311 395 1559 442 Theiles des feindlichen Gebietes; auf offener See aber ein Act der
311 453 1558 501 Prävention, den ein ſpäter Kommender ohne Kränkung nicht ſtören
311 510 1558 558 darf. (§. 73.) In der That beſteht nun darüber nicht der min-
312 568 1558 615 deſte Zweifel, daß ein effectiver Blocadeſtand, d. h. in ſofern ein
312 626 1590 673 im Kriegsſtand begriffenes Gebiet durch feindliche Kriegsmacht
312 677 1590 730 wirklich eingeſchloſſen iſt, es ſei zur See oder zu Lande, den Neu-
312 740 1590 787 tralen die Verbindlichkeit auferlegt, ſich jeder Störung dieſer krie-
312 797 1592 845 geriſchen Maaßregel und der darin begriffenen Zwecke zu enthal-
313 850 1593 901 ten;  der weſentliche Zweck iſt aber die Abſchließung des blokirten
311 910 1559 960 Ortes von jedem auswärtigen Verkehr und von jeder auswärtigen
312 968 1592 1016 Unterſtützung, welche nicht nur durch Zufuhren von Lebensmitteln,
314 1025 1559 1073 ſondern auch durch Mittheilung von Nachrichten und Verſendun-
313 1083 1596 1131 gen nach Außen geleiſtet werden kann.  Wer dennoch hiergegen
313 1140 1561 1187 handelt, es ſei durch Ein- oder Auslaufen, ſtört nicht nur die
314 1197 1561 1245 Aufmerkſamkeit der blokirenden Kriegsmacht, ſondern läßt auch eine
313 1254 1560 1302 Vereitelung der Blocadezwecke befürchten, oder macht ſich offenbar
313 1311 1560 1359 zu einem Gehülfen des Feindes; er kann ſich alſo dann keiner
314 1368 1560 1416 anderen Behandlung getröſten, als dem Feinde ſelbſt zu Theil wer-
314 1425 1596 1474 den würde. Wegnahme der Schiffe oder ſonſtiger Transport-
313 1482 1600 1538 mittel mit allem darauf Befindlichen, und dann ferner nach Um-
313 1539 1600 1592 ſtänden eine Appropriation dieſer Gegenſtände, ſo wie Repreſſalien
313 1593 1600 1645 gegen die Führer und Mitſchuldigen erſcheinen demnach im Allge-
314 1653 1600 1707 meinen ganz als eine kriegsrechtliche Conſequenz, welche ſich auch
315 1710 1600 1759 die Staaten bisher und wechſelſeitig ohne allen Einſpruch zuge-
315 1767 1559 1817 ſtanden haben. Dennoch fehlt es in der Ausübung dieſes an ſich
314 1825 1373 1872 unſtreitigen Rechts nicht an Zweifeln und Controverſen.
313 196 377 229 258
788 195 1555 238 Zweites Buch. §. 154.
408 1939 1557 1981 Wenn man ſogar neutrale Ströme im Blocadezuſtand erklärt hat, wie
396 1986 1556 2030 im J. 1803. wegen der franzöſiſchen Beſetzung Hannovers, ſo findet dieſes
392 2034 1557 2076 allenfalls eine Rechtfertigung in der Gemeinſchaftlichkeit eines Fluſſes. Ge-
391 2080 1557 2122 wiß ſind aber hier beſondere Modificationen zu Gunſten der Neutralen zu
392 2128 1556 2171 ſtatuiren. Dennoch iſt dieſes nicht immer geſchehen. Vgl. Jacobſen S. 707.
405 2176 1558 2218 Jouffroy detaillirt S. 160. die einzelnen Zwecke der Blocade näher; jedoch
391 2224 1529 2265 ſcheinen die daran geknüpften unterſchiedlichen Wirkungen nicht begründet;
392 2272 1130 2312 auch ſind ſie in der Praxis nicht angenommen.
406 2319 1558 2361 Eine der älteſten und wichtigſten Urkunden für das neuere Europäiſche
391 2367 1558 2407 Blocaderecht iſt das Edict der Generalſtaaten der vereinigten Niederlande
390 2415 1556 2456 von 1630. (commentirt von Bynkershoeck in quaest. publ. I, 11.) worin
