1600 2566
414 279 1267 321 6. Mathematische Behandlung der Axiome der Physik.
287 339 1479 390 Durch die Untersuchungen über die Grundlagen der Geometrie
202 388 1477 443 wird uns die Aufgabe nahe gelegt, nach diesem Vorbilde diejenigen
196 440 1477 489 physikalischen Disciplinen axiomatisch zu behandeln, in denen schon
200 491 1475 541 heute die Mathematik eine hervorragende Rolle spielt; dies sind in
201 542 1360 589 erster Linie die Wahrscheinlichkeitsrechnung und die Mechanik.
286 592 1472 646 Was die Axiome der Wahrscheinlichkeitsrechnung  angeht, so
202 642 1474 699 scheint es mir wünschenswert, daß mit der logischen Untersuchung
202 693 1478 750 derselben zugleich eine strenge und befriedigende Entwickelung
204 744 1473 800 der Methode der mittleren Werte in der mathematischen Physik,
203 795 1330 849 speciell in der kinetischen Gastheorie Hand in Hand gehe.
287 847 1474 899 Ueber die Grundlagen der Mechanik liegen von physikalischer
203 896 1473 945 Seite bedeutende Untersuchungen vor; ich weise hin auf die
200 946 1474 999 Schriften von Mach , Hertz , Boltzmann  und Volk-
200 998 1476 1046 mann ; es ist daher sehr wünschenswert, wenn auch von den
200 1048 1475 1099 Mathematikern die Erörterung der Grundlagen der Mechanik auf-
198 1102 1472 1149 genommen würde. So regt uns beispielsweise das Boltzmann-
200 1151 1471 1205 sche Buch über die Principe der Mechanik an, die dort angedeu-
199 1202 1471 1256 teten Grenzprocesse, die von der atomistischen Auffassung zu den
200 1252 1471 1306 Gesetzen über die Bewegung der Continua führen, streng mathe-
198 1303 1471 1354 matisch zu begründen und durchzuführen. Umgekehrt könnte man
198 1354 1470 1409 die Bewegung über die Gesetze starrer Körper durch Grenzpro-
197 1406 1472 1455 cesse aus einem System von Axiomen abzuleiten suchen, die auf
197 1454 1472 1503 der Vorstellung von stetig veränderlichen, durch Parameter zu
197 1505 1473 1558 definirenden Zuständen eines den ganzen Raum stetig erfüllenden
196 1555 1472 1612 Stoffes beruhen — ist doch die Frage nach der Gleichberechtigung
197 1607 1471 1661 verschiedener Axiomensysteme stets von hohem principiellen In-
197 1659 334 1690 teresse.
281 1709 1469 1765 Soll das Vorbild der Geometrie für die Behandlung der phy-
198 1759 1470 1813 sikalischen Axiome maßgebend sein, so werden wir versuchen, zu-
196 1811 1468 1864 nächst durch eine geringe Anzahl von Axiomen eine möglichst all-
195 1861 1468 1911 gemeine Klasse physikalischer Vorgänge zu umfassen und dann
195 1912 1467 1966 durch Adjunktion neuer Axiome der Reihe nach zu den specielle-
195 1963 1469 2019 ren Theorieen zu gelangen — wobei vielleicht ein Einteilungsprin-
204 171 266 203 272
732 176 942 212 D. Hilbert,
330 2072 1449 2117 Vgl. Bohlmann, Ueber Versicherungsmathematik 2 te Vorlesung aus:
194 2112 1467 2161 Klein und Riecke, Ueber angewandte Mathematik und Physik, Leipzig und
194 2157 378 2184 Berlin 1900.
328 2201 1466 2247 Die Mechanik in ihrer Entwickelung, Leipzig, zweite Auflage. Leipzig 1889.
326 2245 1011 2285 Die Principien der Mechanik, Leipzig 1894.
328 2287 1257 2331 Vorlesungen über die Principe der Mechanik, Leipzig 1897.
327 2330 1387 2377 Einführung in das Studium der theoretischen Physik, Leipzig 1900.
