1600 2506
292 226 1481 280 die jungen Häuptlinge, wie die Jünglinge, die heiraten wollen,
295 277 1482 329 faſten und ſich den ſeltſamſten Büßungen unterziehen. Man
295 325 1482 376 purgiert ſie mit der Frucht gewiſſer Euphorbien, man läßt
295 373 1481 425 ſie in Kaſten ſchwitzen und gibt ihnen von den Marirri
295 422 1481 474 oder Piaches bereitete Mittel ein, die in den Landſtrichen
296 469 1482 522 jenſeits der Alleghanies Kriegstränke, Tränke zum
296 517 1481 569 Mutmachen (war-physics) heißen. Die karibiſchen Marirri
297 566 1482 618 ſind die berühmteſten von allen; ſie ſind Prieſter, Gaukler
297 615 1481 666 und Aerzte in einer Perſon, und ihre Lehre, ihre Kunſtgriffe
297 663 1477 715 und ihre Arzneien vererben ſich. Letztere werden unter Auf-
298 711 1479 763 legen der Hände gereicht und mit verſchiedenen geheimnis-
296 760 1480 809 vollen Gebärden oder Handlungen, wie es ſcheint, von Uralters
298 807 1478 859 her bekannte Manipulationen des tieriſchen Magnetismus.
298 855 1480 907 Ich hatte Gelegenheit, mehrere Leute zu ſprechen, welche die
297 904 1479 956 verbündeten Kariben genau hatten beobachten können, ich
297 951 1480 1003 konnte aber nicht erfahren, ob die Marirri eine Kaſte für
297 1000 1480 1052 ſich bilden. In Nordamerika hat man gefunden, daß bei den
298 1048 1479 1100 Shawanoes, die in mehrere Stämme zerfallen, die Prieſter,
296 1096 1479 1147 die die Opfer vornehmen (wie bei den Hebräern), nur aus
298 1144 1478 1196 einem Stamme, dem der Mequachakes, ſein dürfen. Wie
296 1192 1480 1245 mir dünkt, muß alles, was man noch in Amerika über die
297 1241 1478 1292 Spuren einer alten Prieſterkaſte ausfindig macht, von be-
295 1290 1479 1341 deutendem Intereſſe ſein, wegen jener Prieſterkönige in Peru,
296 1337 1478 1389 die ſich Söhne der Sonne nannten, und jener Sonnen-
297 1386 1480 1437 könige bei den Natchez, bei denen man unwillkürlich an die
295 1434 1480 1485 Heliaden der erſten öſtlichen Kolonie von Rhodus denkt. Um
297 1482 1480 1532 Sitten und Gebräuche des karibiſchen Volkes vollkommen
296 1530 1480 1589 kennen zu lernen, müßte man die Miſſionen in den Llanos,
295 1578 1481 1630 die am Carony und die Savannen ſüdlich von den Gebirgen
296 1627 1480 1677 von Pacaraimo zugleich beſuchen. Je mehr man ſie kennen
297 1675 1480 1726 lernt, verſichern die Franziskaner, deſto mehr müſſen die Vor-
298 1722 1482 1776 urteile ſchwinden, die man gegen ſie in Europa hat, wo ſie
297 1771 1482 1823 für wilder, oder um mich des naiven Ausdrucks eines Herrn
297 1820 1482 1872 von Montmartin zu bedienen, für weit weniger liberal
297 1869 1482 1922 gelten als andere Völkerſchaften in Guyana. Die Sprache
848 130 918 165 248
295 1999 1484 2042 uxorum suarum pro non legitimis habent. Uxores ducunt
295 2042 1482 2086 quotquot placet. Ex uxoribus cariores cum regulo sepeliri
293 2085 1131 2129 patiuntur. (Anghiera, Decas III, Lib. 9.)
426 2128 1111 2171 Diodorus Siculus, Lib. V, § 56.
429 2172 1478 2216 „Die Kariben ſind ziemlich hübſch gewachſen und fleiſchicht;
293 2213 1479 2261 ſie ſind aber nicht ſehr liberal, denn ſie eſſen gern Menſchenfleiſch,
