1600 2680
61 274 1312 339 Zutritt hatte, es war nach Cicero  das Orakel der ganzen
62 331 1310 402 Stadt, und dieſe juriſtiſchen Erkundigungsbüreaus gehörten
60 402 1310 468 weſentlich mit zur Phyſiognomie Roms. Von dieſer Auffaſſung
59 467 1306 527 ausgehend ſchenkte einſt der Senat einem namhaften Juriſten,
58 531 1309 596 um dem Volk den Weg zu kürzen, ein Haus an bequem gele-
58 594 1309 658 gener Stelle.  Wer einen ſolchen Zuſpruch zu Hauſe nicht
59 659 1307 719 erwarten konnte, wie namentlich der Anfänger, oder es dem
56 723 1308 782 Volk bequemer machen wollte, verſtand ſich zur ambulanten
54 785 1305 848 Praxis und verlegte, ſo zu ſagen, ſein Büreau auf die juriſti-
53 849 1304 914 ſche Börſe, das Forum, mitten in das Gewühl des Verkehrs
53 916 1303 975 und das Getreibe der Rechtspflege, um hier für alle Fälle des
53 979 1304 1040 unmittelbarſten Bedürfniſſes mit Rath und That ſofort bei der
51 1041 320 1093 Hand zu ſein.
128 1116 1302 1183 Die ganze Einrichtung habe ich berührt nicht ihrer ſelbſt
48 1183 1300 1247 wegen, ſondern weil ſie ein unentbehrliches Hülfsmittel für
46 1247 1298 1311 das Verſtändniß des römiſchen Rechts iſt. Daß letzteres ſo
46 1311 1299 1376 und nicht anders geworden, hat zum weſentlichen in ihr ſeinen
50 1373 1297 1439 Grund; ſie hinweggedacht — und Vieles hätte völlig anders
45 1439 1297 1503 werden müſſen. Dahin gehört vor allem der von der römiſchen
43 1501 1295 1563 Jurisprudenz mit eiſerner Strenge durchgeführte Formalismus
44 1564 1293 1631 (§. 46). Bei manchen Ausflüſſen deſſelben  muß, wie ich
42 1626 1290 1693 meine, jeden Unbefangenen ein gewiſſes Grauen beſchleichen,
42 1694 1293 1755 und es gehört ein eingefleiſchter Romanismus dazu, um keinen
43 1756 1293 1823 Anſtoß an ihnen zu nehmen oder gar für das heutige Recht
41 1820 1292 1884 ihre Gültigkeit zu vertheidigen. Man denke ſich, daß an einem
39 1886 1291 1950 verkehrten Wort (z. B. heres ne esto ſtatt exheres esto) die
41 1942 1288 2014 Gültigkeit des ganzen Teſtaments oder der Verluſt des Pro-
38 2009 1290 2079 zeſſes hing, und daß ein einziges weggelaſſenes oder geſetztes et
1240 194 1310 226 441
471 185 890 230 Die Jurisprudenz. §. 42.
217 2179 901 2220 de orat. I, 45 oraculum totius civitatis.
218 2232 760 2280 L. 2 §. 37 de orig. jur. (1. 2).
217 2286 567 2329 Cic. de orat. III, 33.
220 2336 1284 2401 Eine Blumenleſe daraus habe ich bei einer andern Gelegenheit
37 2388 1042 2445 gegeben. S. Gerbers und meine Jahrbücher B. 1. S. 31 fl.
