1600 2659
114 164 1248 210 I. Der Selbſtändigkeitstrieb. 2. Zu-Sich-Kommen des Rechts. §. 26.
80 256 1315 311 es Geſetz. Das concrete wie das abſtrakte Recht verdankt dem
79 318 1313 373 Geſetz nicht ſeine Exiſtenz, ſondern bloß ſeine formelle Anerken-
78 380 1311 440 nung. Das ältere Privatrecht, aus dem die Urſprünglichkeit,
82 445 1312 501 Selbſtändigkeit, die gewaltige Kraft und der Trotz des indi-
81 508 1314 564 viduellen Rechtsgefühls uns von allen Seiten anſchaut, und
82 571 1315 627 jene moderne Idee, die ihm untergelegt werden ſoll — in der
83 634 1316 691 That es kann kaum ſchneidendere Gegenſätze geben, und ein alter
81 697 1314 756 Römer würde dieſe ihm angedichtete Vorſtellung, als wenn er
79 761 1311 818 ſein Recht lediglich dem Staat verdanke, als ob die Rechts-
76 825 1312 882 grundſätze, die einem Römer nicht minder hoch und theuer wa-
75 889 1310 947 ren, als andern Völkern die religiöſen Glaubensſätze, ein Gegen-
74 951 1307 1009 ſtand des bloßen Volksbeliebens ſeien — willkührlich eingeführt,
76 1014 1311 1072 willkührlich wieder aufzuheben — mit Entrüſtung zurückgewieſen
76 1076 1312 1134 haben. Wie verfuhr denn das Volk, als es gezwungen war, die
73 1141 1309 1199 privatrechtliche Autonomie hinſichtlich der Höhe der Legate zu
75 1202 1311 1261 beſchränken? Es wählte dazu einen Weg, der uns in der That
75 1261 1307 1324 durch das Uebermaß der Aengſtlichkeit faſt lächerlich erſcheint.
75 1329 1309 1391 Es wurden nicht die Legate über den geſetzlich beſtimmten Betrag
74 1392 1297 1449 für nichtig erklärt, ſondern dem Legatar die Annahme des Ueber
72 1455 1310 1511 ſchuſſes indirekt unterſagt. Da dies praktiſch auf ein Verbot
72 1517 1310 1572 höherer Legate hinauslief, ſo kann der Grund, warum das Volk
72 1581 1308 1640 dieſen Zweck auf einem Umwege verfolgte, nur darin gefunden
72 1646 1308 1700 werden, daß es ſich ſcheute, die privatrechtliche Autonomie direkt
69 1708 351 1756 zu beſchränken.
1272 172 1314 203 61
193 1893 1305 1941 Man vergleiche z. B. die bekannte Stelle bei Cicero pro Caecina
70 1945 1306 1992 c. 26: fundus a patre relinqui potest, at usucapio fundi, hoc est
69 1995 1307 2042 finis sollicitudinis ac periculi litium non a patre relinquitur, sed a le-
71 2038 1305 2092 gibus. Aquae ductus, haustus, iter, actus a patre, sed rata auc-
69 2098 1221 2141 toritas harum rerum omnium a jure civili sumitur.
199 2147 1304 2197 Das Legat war und blieb ſeinem ganzen Betrage nach gültig und
67 2197 1305 2247 klagbar, aber der Legatar, der ſich die Kürzung deſſelben auf das geſetzliche
67 2248 1303 2298 Maximum nicht hatte gefallen laſſen, daſſelbe vielmehr zum ganzen Betrage
51 2297 1301 2349 eingeklagt hatte, mußte zur Strafe dem Erben den vierfachen Werth des
65 2353 394 2395 Ueberſchuſſes zahlen.
