1600 2586
290 211 1238 253 3. Das religiöſe Prinzip — das Fas, die pontifices. §. 18.
172 296 1377 353 ſich in graues Alterthum, iſt eine der urſprünglichſten Einrich-
172 358 1380 417 tungen, die Rom kennt. Die Innehaber dieſer Aemter waren
173 410 1377 473 aber die Träger und Pfleger des Fas. Den weltlichen Beam-
172 473 1379 530 ten verblieben zwar ſtets die unentbehrlichen religiöſen Functio-
173 539 1381 595 nen ihres Amtes, wie z. B. die Auſpicien und Opfer, aber
175 601 1380 655 Zweifel, Streitfälle, Verſtöße gegen die religiöſe Ordnung
175 662 1382 713 u. ſ. w. fielen ausſchließlich der Cognition jener geiſtlichen
175 722 1379 776 Beamten anheim.  Ihre urſprüngliche Function ſcheint we-
175 782 1378 838 nig anders als begutachtender Natur geweſen zu ſein, aber,
176 843 1381 898 wie ſo oft, gewann auch hier das Gutachten bald den Einfluß
176 904 1380 956 des Richterſpruches. Das Pontificalcollegium wenigſtens dür-
177 963 1380 1018 fen wir als ein geiſtliches Gericht bezeichnen und brauchen,
175 1025 1382 1077 wenn wir mit dieſer Bezeichnung an die geiſtlichen Gerichte des
174 1085 1380 1138 Mittelalters erinnern, eine nähere Vergleichung beider keines-
177 1145 1381 1203 wegs zu ſcheuen. Wir wollen die geiſtliche Gerichtsbarkeit die-
177 1206 1384 1262 ſes Collegiums, inſoweit ſie auf das römiſche Civilrecht einen
177 1267 1381 1322 Einfluß ausgeübt hat, einer nähern Betrachtung unterwerfen.
178 1327 1383 1380 Es iſt in der That eine überraſchende Erſcheinung, daß faſt die-
177 1387 1382 1443 ſelben civiliſtiſchen Lehren, an denen im Mittelalter die Legis-
177 1448 1383 1498 lation des Pontifex Romanus ſich verſuchte, und deren prakti-
177 1509 1385 1564 ſche Anwendung den geiſtlichen Gerichten zuſtand, bereits vor
179 1569 1385 1626 mehr als einem Jahrtauſend der Pflege des Pontifex maximus
179 1629 1384 1682 anvertraut waren,  und nachdem ſie in der Praxis des Pon-
178 1691 1387 1746 tificalcollegiums, beziehungsweiſe der geiſtlichen Gerichte, ihre
176 1751 1383 1807 Ausbildung gefunden hatten, mit dem Prozeß ſelbſt in die welt-
180 1810 1386 1868 lichen Gerichte ihrer Zeit übergingen. Das Fas des alten Rom
1309 209 1379 239 259
1071 2362 1145 2399 17*
350 1921 1385 1967 Hinſichtlich der pontifices iſt dies zur Genüge bekannt, hinſichtlich
181 1971 1384 2016 der Fetialen darf ich auf jede Schrift verweiſen, in der ſie berührt werden,
179 2019 1387 2068 z. B. Rubino a. a. O. S. 170 flg. (in der ſolennen Formel bei Livius I, 32
178 2070 1387 2114 wird ausdrücklich auf das Fas Beziehung genommen: audiat fas), von den
179 2118 1387 2166 Augurn erwähnen die Quellen manche Ausſprüche über das Fas z. B. den
180 2165 1388 2215 berühmten des Attus Navius (Livius I, 36) u. andere (Rubino S. 219, 220).
350 2214 1386 2258 Es waren dies namentlich die Lehren von der Ehe, den Verwand-
183 2262 1384 2313 ſchaftsgraden als Ehehinderniſſen, dem Trauerjahr, dem Eide, dem Votum,
183 2312 1341 2361 den Teſtamenten. Auch die Sorge für dem Kalender findet ſich bei beiden.
