1600 2659
322 258 1482 313 Wenn dies nun, wie hiſtoriſch unzweifelhaft, das wahre
245 320 1482 378 Verhältniß der Sache iſt, ſo können wir uns ſelbſt ſagen, unter
244 384 1476 441 welchem Geſichtspunkt die öffentliche Meinung eine grauſame,
243 448 1478 503 unmenſchliche Behandlung des Sklaven auffaſſen mußte, näm-
245 510 1479 565 lich nicht als einen gleichgültigen Akt und als bloßen Ge-
245 573 1479 629 brauch der herrſchaftlichen Gewalt, ſondern als einen ſittlich
243 636 1480 690 verwerflichen Mißbrauch derſelben. Den ſchlagendſten Be-
243 697 1481 757 weis dafür lieferte auch hier wieder der Cenſor, der die Herren
243 762 1481 816 in einem ſolchen Fall zur Verantwortung zog.  Mancherlei
243 823 1479 881 Einflüſſe, Rückſichten, Umſtände waren auch hier thätig, um
241 886 1476 943 die Gewalt in Wirklichkeit auf ein ganz verſtändiges Maß zu-
241 949 1479 1006 rückzuführen. Wie manches, was der Herr gern hätte thun
241 1013 1482 1067 mögen und rechtlich hätte thun dürfen, mochte er in alter Zeit
240 1075 1482 1133 unterlaſſen aus Scheu ſei es gegen die öffentliche Meinung, ſei
242 1137 1480 1192 es gegen den Sklaven ſelbſt. Die Sitte hatte auch hier einmal
241 1195 1480 1258 gewiſſe Normen aufgeſtellt, von denen der Einzelne, ohne ſich
240 1262 1479 1319 dem öffentlichen Gerede auszuſetzen, nicht abgehen konnte,
240 1325 1482 1384 ſo z. B. hinſichtlich der Beköſtigung  und der Bekleidung der
242 1386 1478 1444 Sklaven.  Die scriptores rei rusticae enthalten über die Be-
240 1453 1477 1503 handlung und das Loos der zum Landbau verwandten Sklaven
240 1516 1474 1573 manche bemerkenswerthe Notizen. Ueberall wird die gerechte,
240 1578 1478 1637 anſtändige und rückſichtsvolle Behandlung derſelben einge-
246 166 315 197 184
334 166 1481 213 Zweit. Buch. Erſt. Abſchn. II. Die Grundtriebe. III. Der Freiheitstrieb.
238 1733 1477 1780 diam nostri dominis, contumeliam servis detraxerint; dominum pa-
240 1783 1474 1830 trem familias appellaverunt, servos, quod etiam in mimis adhuc durat,
239 1833 419 1864 familiares.
400 1895 664 1935 Dionys. XX. 3.
395 1964 1479 2013 z. B. Cato c. 57 über die Weinration. Val. Max. IV. 3. 7 (von
237 2015 1479 2065 ſeiner Zeit): a servis vix impetrari potest, ne eam supellectilem fasti-
238 2069 1479 2118 diant, qua tunc consul uti non erubuit. Die Rationen waren ſo zugemeſ-
237 2117 1477 2168 ſen, daß ein Sklav durch Verkauf des Ueberſchuſſes ſich etwas erübrigen
238 2167 1058 2215 konnte, und dies war ihm in der Regel unverwehrt.
395 2237 1472 2283 z. B. L. 15 §. 2 de usufr. (7. 1) sufficienter autem alere et
238 2288 1472 2337 vestire debet (usufructuarius) secundum ordinem et dignitatem
238 2339 541 2378 mancipiorum.
