1600 2659
243 265 1482 322 ſo iſt doch der ſpätere und namentlich techniſche Gebrauch deſ-
243 329 1481 389 ſelben auf das eigentliche Eigenthum beſchränkt.  Der regu-
243 389 1481 451 läre Ausdruck der ſpätern Zeit für jene Herrſchaft iſt potes-
332 453 1478 512 tas;  wenn auch vorzugsweiſe bei der patria potestas und
242 517 1480 575 der Gewalt über Sklaven in Uebung, kam er doch auch bei den
243 580 1479 641 andern Arten  der hausherrlichen Gewalt ſowie in ganz ge-
241 645 1481 699 nerellem Sinn vor. Die ältere Zeit hatte dafür noch einen an-
241 706 1479 766 dern: manus,  der aber ſpäterhin, wenigſtens für den ge-
242 771 1480 829 wöhnlichen techniſchen Gebrauch,  eine engere Bedeutung
242 834 374 884 erhielt.
316 891 1476 956 Die Bezeichnung der verſchiedenen Beſtandtheile des Hau-
239 959 1480 1012 ſes, der Perſonen und Sachen, durch den Einen Ausdruck fa-
239 1022 1480 1081 milia beweiſt, daß die Sprache ſie unter Einen gemeinſamen
240 1086 1481 1143 Geſichtspunkt zuſammenfaßte, aber es würde voreilig ſein zu
237 1148 1478 1205 ſagen, daß dies der der rechtlichen Herrſchaft ſei, denn es
236 1212 1478 1272 kann auch der der häuslichen Gemeinſchaft, wie das Haus ſie
235 1275 1475 1331 begründet, geweſen ſein. Daß aber in der That jene verſchiede-
232 1338 1474 1394 nen Beſtandtheile urſprünglich unter einen gemeinſamen recht-
232 1401 1472 1459 lichen Geſichtspunkt und zwar den der völligen Unterordnung
230 1467 1472 1520 unter den Hausherrn zuſammengefaßt wurden, iſt bereits von
244 175 312 206 168
332 174 1482 224 Zweit. Buch. Erſt. Abſchn. II. Die Grundtriebe. III. Der Freiheitstrieb.
386 1622 1470 1669 Ebenſo ſcheint der Ausdruck herus (unſer „Herr“), mit dem noch
229 1673 1473 1720 bei Plautus die Sklaven durchgehends ihren Herrn bezeichnen, und der
230 1723 1473 1770 auch in der lex Aquilia vorkam (L. 11 §. 6 ad leg. Aq. 9. 2), ſich auf
228 1770 1465 1818 das Eigenthum beſchränkt zu haben; für den Ehemann kommt er nur Ein
227 1823 668 1865 Mal vor, Catull. 81, 116.
387 1887 1425 1932 potis der Ernährer (potus der Trank u. ſ. w.), Herr, δεσπότης.
384 1946 1471 1992 z. B. Vermögen (in dieſem Sinn in der lex Atinia über die Uſuca-
227 1997 1469 2044 pion der res furtivae: in potestatem reverti. L. 4 §. 6 de usurp. (41. 31.)
226 2047 1470 2095 Tutel (vis ac potestas in capite libero. §. 1 I. de tutel. [1. 13]). Eheliche
229 2097 1468 2146 Gewalt (in potestatem viri cedit. Serv. ad Aen. 4. 103) ſ. Roßbach a. a.
226 2147 406 2182 O. S. 28.
386 2199 693 2240 S. B. 1, S. 112.
382 2250 1462 2299 Aber abgeſehn von den Compoſitis manumittere, mancipium
226 2301 1462 2350 u. ſ. w. auch hie und da in ſeiner ältern und weitern Bedeutung vorkommt.
227 2349 865 2395 S. Beweisſtellen bei Roßbach a. a. O.
