1600 2586
232 276 1378 335 ſpätern Zeit iſt nichts, als eine Fixirung dieſes Löſegeldes.
232 335 1434 388 Wo das Vermögen in der Schätzung des Volks ſo hoch ſteht,
231 396 1437 449 daß Verletzung deſſelben für den Dieb Verluſt der Freiheit und
232 459 1435 507 für den Bankerutirer Verluſt des Lebens nach ſich zieht, wo man,
232 520 1439 569 möchte ich ſagen, vom Gelde ausgehend bis zur ſchwerſten
233 581 1439 631 Strafe gelangen kann, da mag man auch rückwärts wieder von
231 642 1436 689 der verwirkten Strafe zum Gelde kommen. Für eine beträcht-
234 701 1438 751 liche Abfindungsſumme verzichtete der Verletzte wohl auf die
232 762 1440 812 Ausübung der Talion, und ſeinem Rachegefühl mochte nicht
232 822 1435 873 weniger ein Genüge geſchehen, wenn ſein Gegner ihm das beſte,
231 884 1438 934 was er hatte, abtreten mußte, als wenn er ſelbſt ihm einige
232 944 1432 995 ſchwere Wunden beigebracht hätte. In unſerer heutigen Zeit,
232 1005 1433 1055 ſo erwerbſüchtig und geldgierig ſie ſein mag, iſt doch die Be-
231 1066 1432 1115 ziehung des Eigenthums zur Perſönlichkeit eine unendlich loſere,
233 1124 1434 1176 als im alten Rom;  dort war daſſelbe gewiſſermaßen Fleiſch
232 1186 1435 1238 und Blut des Eigenthümers, und unter dieſer Vorausſetzung
231 1247 1437 1299 muß es eben ſo natürlich erſcheinen, daß eine Beſchädigung
233 1308 1437 1356 fremden Vermögens mit Leib und Leben gebüßt, als daß eine
231 1367 1438 1419 Verletzung der Perſon mit Vermögen abgekauft ward. Wie der
231 1430 1434 1479 Feind für einen Gefangenen Löſegeld annahm und wie, wenn
233 1491 1434 1540 letzterer ſelbſt es nicht aufzubringen vermochte, Verwandte und
231 1551 1436 1600 Freunde beiſteuerten, ſo mochte ein gleiches eintreten in dem
232 190 297 221 126
408 188 1273 229 Erſtes Buch — Ausgangspunkte des römiſchen Rechts.
232 1690 1434 1732 B. 1 S. 460 hervorgehoben, daß poena wie das griechiſche ποινὴ ur-
231 1740 1432 1781 ſprünglich die Bedeutung von Sühngeld hat, daher Ausdrücke wie poenas
231 1789 1433 1829 dare, solvere, pendere, petere, exigere, sumere, capere, die ſämmtlich
230 1837 1435 1878 nicht auf die Vorſtellung von „Strafeleiden,“ ſondern von Zahlen einer Ab-
230 1886 1437 1927 findungsſumme hinweiſen. Ueber die auf einen religiöſen Geſichtspunkt ver-
230 1934 1434 1976 weiſende Etymologie von poena wird bei Darſtellung des religiöſen Prinzips
230 1987 550 2025 eingegangen werden.
381 2032 1432 2073 Zu dieſer Anſicht ſind auch Andere gekommen z. B. Köſtlin die Lehre
230 2081 1431 2123 vom Mord und Todtſchlag. S. 29 u. flg., bei dem ſich auch die einzelnen
229 2131 1430 2171 Fälle, für die uns aus dem ältern Recht Privatſtrafen beglaubigt werden,
227 2180 598 2220 zuſammengeſtellt finden.
380 2228 1434 2268 Im zweiten Syſtem werden wir die römiſche Anſchauungsweiſe mit
228 2276 1364 2317 ihrer tiefeingreifenden Einwirkung auf das Recht zu ſchildern verſuchen.
