1600 2635
301 274 1511 339 meiner Anſicht nach in eben dem Maße, als wenn heutigen Tags
299 336 1511 400 der Landesherr ein mit den Ständen vereinbartes Geſetz nicht
299 400 1508 463 verkünden wollte. Geſetz wird es erſt durch Verkündigung von
298 462 1505 526 ſeiner Seite, aber daraus folgt keineswegs, daß dieſelbe lediglich
298 523 1506 585 ſeinem Ermeſſen und Belieben anheimgeſtellt iſt — er iſt ver-
298 586 1507 649 pflichtet, ſie vorzunehmen. In derſelben Weiſe war der römiſche
297 647 1507 711 Magiſtrat verpflichtet, das Wahlergebniß, inſofern daſſelbe nicht
297 708 1508 771 rechtlich  zu bemängeln war, zu reſpectiren und zu verkün-
297 773 1508 833 den. Daß er thatſächlich ſich dieſer Pflicht entziehen konnte, und
295 836 1510 898 daß es an Beiſpielen nicht fehlt, wo dies zum Heil des Staats
296 897 1508 963 geſchah, ſollte über ſeine Stellung nicht irre führen. Hatte doch
296 960 1507 1021 auch der Augur es in der Hand, die wirklich beobachteten Au-
295 1023 1505 1087 ſpicien zu unterſchlagen, erlangte der Wille der Götter doch
295 1087 1506 1148 auch nur durch ſeine Nuntiation und nur in der Geſtalt, wie
294 1147 1502 1212 er ſie vorgenommen, ſeine bindende Kraft. Wie aber er gleich-
293 1211 1504 1274 wohl nichts war als Organ und Verkündiger des göttlichen
292 1271 1505 1333 Willens, ſo war es auch der Beamte in Bezug auf den Willen
291 1335 1502 1399 des Volks — auch wenn ſie ſich thatſächlich zu Herren deſſel-
293 1397 1453 1463 ben machten, waren ſie doch ſtaatsrechtlich Diener deſſelben.
367 1460 1502 1519 Das bisher entwickelte Syſtem erreichte ſeinen Culmina-
292 1523 1502 1585 tionspunkt bei der Frage von der Gültigkeit der Geſetze. Das
291 1586 1502 1646 in gehöriger Form  verkündete Geſetz iſt Geſetz, auch wenn
292 1651 1502 1712 es an noch ſo vielen Fehlern leidet. Möge es alſo z. B. durch
289 1710 1501 1774 Zwang oder Gewalt durchgeſetzt, möge es gegen die Auſpi-
290 1769 1500 1838 cien  oder mit Vernachläſſigung der üblichen Vorbereitungs-
307 181 374 212 222
415 182 1475 237 Zweites Buch. Erſter Abſchn. III. Die Technik. A. Die Analytik.
439 1946 1499 2002 z. B. Liv. XXIV. 8. Val. Max III. 8, 3. Der Umſtand, daß die
288 1994 1499 2052 Wahlgrundſätze zum Theil auf dem Uſus beruhten und an Unbeſtimmtheit lit-
287 2046 1498 2102 ten (Liv. XXXIX. 39 u. a.), gab dem Widerſtand gewiß nicht ſelten den
288 2095 780 2143 Schein formeller Berechtigung.
438 2148 1497 2205 Dieſelbe muß jedenfalls in mündlicher Verkündigung der Annahme
286 2196 545 2240 beſtanden haben.
436 2250 1496 2302 z. B. Livius epit. lib. 69. Cic. Phil. XIII. 3: per vim et contra
285 2300 720 2337 auspicia latas decrevistis.
439 2352 1496 2404 Cic. Phil. III. 5, 9. id. de harusp. resp. XXIII. 48 Augures
