1600 2522
498 186 964 220 Die Gespräche über die Malerei.
142 262 1326 305 von diesem Pfahl im Fleisch zu befreien. Nicht viel weniger als
142 316 1326 350 ein Drittel unsres Buches nehmen die sieben Gutachten ein, welche
143 367 1325 407 den Antrag der Maler bei dem Finanzcolleg befürworten sollten.
143 417 1323 455 Darunter waren Namen wie Lope de Vega und Jauregui. —
144 467 1117 499 Der Process wurde zu ihren Gunsten entschieden. —
236 516 1326 556 Diese Streitfrage giebt zum Theil die Stimmung der Diálogos,
147 567 1328 605 die voll sind von Jeremiaden über die Geringschätzung der Kunst
146 617 1328 656 in Spanien, ein altes, schon von Francisco de Holanda behandeltes
145 666 1327 706 und dem Michelangelo in den Mund gelegtes Thema. Damit wech-
145 716 1329 756 seln Beispielsammlungen für die Ehren der Kunst, vom Alterthum
144 759 1329 804 bis auf das erstaunliche Register (im achten Buche) der Mäcene,
143 816 1329 853 Liebhaber und Sammler der Stadt Madrid. Die Erregtheit des
142 866 1330 905 beifallbedürftigen Künstlergemüths oscillirt zwischen diesen
145 915 1330 956 entgegengesetzten Vorstellungen. Er glaubte dabei für eine
144 965 1331 1005 Lebensfrage der Kunst einzutreten. Denn alles Steigen und
145 1015 1332 1055 Sinken der Kunst hängt ab von der Achtung und Gunst der
144 1065 1329 1106 Könige und Monarchen . Und einer seiner Sachwalter, der Jurist
144 1116 1331 1154 Juan de Butron, meint, Spanien fehlten nicht Talente oder Stu-
146 1164 1136 1204 dien, sondern Schutz, Belohnungen, Gönnerschaften .
236 1215 1326 1254 Indess diese Steuerfrage war doch nur die gelegentliche,
146 1265 1333 1303 äusserliche Tendenz des Buchs; ein viel tieferes Anliegen des
144 1315 1333 1353 Verfassers ist die Auseinandersetzung mit dem Naturalismus.
146 1365 1330 1405 Sein Hass gegen diesen entspringt dem „Eifer für die Hochhal-
145 1415 1334 1454 tung der Malerei, der Angst vor ihrem Ruin“ . Er lässt den
144 1465 1335 1504 jungen Freund sein Befremden äussern, wo denn in dem vorge-
146 1515 1335 1554 tragenen Lehrgebäude jene Art der Malerei bleibe, „so lebendig
147 1564 1335 1604 und natürlich, dass sie alle in Bewunderung und Erstaunen setzt,
147 1614 1336 1652 und die darin besteht, dass man die Sache, die man nachmachen
148 1664 1336 1704 will, vor Augen sich stellt und behält“. Diese Frage giebt dem
148 1714 1337 1751 Meister das Stichwort zu einer heftigen Polemik. Das besondere
149 1763 1338 1803 Interesse des Systems einer Künstlerpartei wird sofort mit jener
149 1813 1339 1854 allgemeinen Angelegenheit, dem Kampf für die Noblesse der
149 1863 1336 1903 Malerei solidarisch gemacht. Der Gedankengang ist folgender:
150 1914 1339 1951 Die Würde, die wir für unsere Kunst beanspruchen, verdankt
152 1962 1338 1999 sie ihrem intellektuellen Charakter, ihrer „Wissenschaftlichkeit“.
1268 193 1325 221 225
1125 2317 1157 2343 15
281 2052 1339 2084 Todas las cosas tienen alientos, y desmayos, segun son estimadas y favore-
152 2098 702 2129 cidas de los Reyes y Monarcas S. 86.
275 2141 1339 2174 Juan de Butron, discursos apologéticos. Madrid 1626 am Schluss. Diess
151 2186 1259 2218 Werk ist unter den spanischen Schriften über Malerei wol das unergiebigste.
281 2229 1340 2259 Er schreibe zeloso de su estimacion, temoroso de su ruina. S. 19. Aehn-
150 2273 1307 2305 lich Franc. Albano bei Malvasia, Felsina II, 144 (il precipitio, e la totale ruina).
