1600 2522
298 259 1484 299 catione abgeführt und arg genug sein soll“. Don Gaspar war
299 310 1483 349 dem geistlichen Stand bestimmt gewesen, er hatte in Salamanca
298 359 1483 398 seine Studien gemacht, dann eine Commende des Calatrava-
298 409 1481 443 Ordens erhalten; — da starb sein älterer Bruder. Als nunmeh-
296 460 1480 500 riger Erbe des Majorats vertauschte er die „Toga der Schule“
295 511 1481 549 mit Mantel und Degen, heirathete seine Base, die alte verwach-
296 560 1480 598 sene und hässliche Tochter des Vicekönigs von Peru, Ines de
295 610 1480 650 Zúñiga (1607) und zog nach Sevilla, um seinen Gütern nahe zu
295 661 1479 698 sein. Hier lebte er Jahre lang ganz den Neigungen, zu denen
293 710 1479 747 ihn Naturell und Vorbildung hinzogen. Der Alcazar Don Pedro
295 759 1478 797 des Grausamen wurde ein Sammelplatz der Gelehrten und Dich-
294 810 1479 850 ter; er galt für prachtliebend, verschwenderisch und ritterlich.
294 860 1478 900 Der Herzog von Lerma zog ihn 1615 nach Madrid und gab
292 909 1478 949 ihn dem Prinzen als gentilhombre de cámara. In der Folge hat
293 960 1476 999 er oft versucht, ihn im guten oder bösen wieder los zu werden.
291 1009 1477 1052 Langsam bahnte er sich den Weg zum Vertrauen. Als Philipp III
293 1060 1478 1098 starb, sah er seine Stunde gekommen. Zuerst war er des
288 1109 1478 1152 jungen Königs rechte Hand nur in den Zerstreuungen. Die Ge-
292 1159 1475 1200 schäfte besorgte sein Oheim Zúñiga. Er suchte, und mit Erfolg,
291 1208 1476 1249 zwischen dem König und der Königin, die anfangs im zärtlich-
291 1259 1476 1298 sten Verhältniss gelebt hatten, Unfrieden zu säen. Dann machte
291 1308 1475 1349 er rasch den Uebergang von dem privado puro zu dem privado
290 1358 1475 1402 aguado, wie sie Alarcon in seinem Stück Los pechos privilegiados
290 1410 1474 1451 so ergötzlich gegenüberstellt. Philipp machte ihn zum Herzog
288 1459 1473 1497 von San Lucar, daher der Name Conde Duque. Er hatte bereits
289 1508 1473 1549 die „Mitte des Lebenswegs“ erreicht, ohne in die Staatssachen
287 1558 1472 1599 hineingesehen zu haben. Man war daher in Madrid erstaunt, als
287 1608 1473 1646 verlautete, dass dieser lustigste Cavalier des Hofes angefangen
287 1658 1473 1700 habe, sich mit Geschäften zu befassen. „Olivares, schreibt der
287 1708 1474 1747 Mantuaner Bonatti am 5. Juli 1621, ist mächtiger als je“. Die
287 1759 1472 1795 unter Lerma üblichen Geschenke wurden streng verpönt; Niemand
286 1808 1473 1848 bestritt, dass seine Hände rein seien; dafür aber vertauschte er
298 184 345 209 208
795 181 991 206 Zweites Buch.
416 1913 1314 1944 Khevenhiller, Annales Ferdinand. IX, 1255 (vom Jahre 1621).
414 1953 1467 1988 Er soll zu seinem Vorgänger Uceda damals gesagt haban: Á esta hora
285 2003 1034 2034 todo es mío. — „¿Todo?“ — Todo, sin faltar nada.
412 2047 1468 2078 Der eine ist der, mit welchem der König bloss cosas de gusto verhandelt,
284 2091 1352 2123 der mezzano de’ gusti; der „gewässerte“ ist der Lastträger der Regierung:
637 2136 1108 2166 — que es del peso del gobierno
635 2181 928 2210 un lustroso ganapan.
411 2223 1468 2255 Il quale è però neto di mani, et non piglia da chi si sia. 19. Nov. 1623.
282 2270 786 2301 Depesche Atti’s im Farnes. Archiv.
