1600 2480
170 273 1333 307 volles, frisches Gesicht, aus dem Vornehmheit und Lebhaftigkeit
170 322 1332 358 sprechen. Der rechte Arm mit dem Zaum ist erhoben, wie in dem
170 371 1332 407 Reiterporträt des Francesco Maria Balbi im Palast Balbi-Senarega zu
170 420 1330 455 Genua von van Dyck, der aber den Hut schwingt. Der überaus pracht-
169 468 1328 501 volle kastanienbraune Andalusier, von der Rasse des königlichen Marstalls,
169 517 1331 551 die öde Landschaft, endlich die Helle des Tageslichts geben dem Gemälde
169 566 1331 602 eine stark spanische Physiognomie, und bringen den Namen Velazquez beim
169 615 1330 649 ersten Davortreten auf die Zunge. Aber die nähere Betrachtung zeigt un-
169 664 1330 697 zweifelhaft Rubens’ Technik, seine Behandlung der Landschaft und des Ge-
169 712 1330 749 sichts in früher Zeit. Auch der reiche Steinkragen passt nicht in die Zeit
170 762 1328 797 Philipp IV. Der Herzog von Infantado war zur Zeit von Rubens erster Reise
169 812 1330 846 schon ein alter Mann, und hatte seine einzige Erbtochter mit dem zwei-
169 860 1329 895 ten Sohn des Herzogs von Lerma vermählt, D. Diego Gomez de Sandoval,
169 909 1330 942 Graf von Saldaña. Dieser hat in Folge des Todes der Gemahlin und
169 959 1330 993 seiner Wiederverheiratung den Titel Infantado nicht geerbt, wol aber
168 1008 1327 1043 sein Sohn, der zu jener Zeit noch ein Kind war. Möglich wäre es, dass
169 1056 1328 1090 Rubens ausser Lerma auch dessen Sohn zu Pferd gemalt hätte; nach
169 1104 1327 1141 Baglioni genossen seine frühen Reiterbildnisse besondern Ruf (Vite, p. 303).
258 1154 1327 1189 Der todte Roland, welcher aus der Sammlung Pourtalès als Velazquez
170 1203 1328 1239 für 37000 Francs von der Nationalgalerie angekauft wurde, gilt in London
169 1252 1328 1288 längst nicht mehr für ein Original des Meisters; die Malweise hat mit der
171 1301 1328 1337 seinigen irgend welcher Jahre keine Aehnlichkeit. Jene Benennung aber lässt
171 1349 1325 1385 sich mindestens bis ins zweite Jahrzehnt des Jahrhunderts zurück verfolgen.
169 1399 1324 1435 Im Jahre 1820 erscheint er in der Versteigerung Duparc unter vielen
168 1448 1328 1484 spanischen Gemälden, darunter sieben Murillos, und gilt als aus Spanien
167 1498 1328 1533 gekommen. Nach andren Angaben stammt er sogar aus dem könig-
168 1546 1329 1580 lichen Palast, aber die Inventare schweigen. Dagegen scheint ein
169 1595 1329 1630 seltenes wenig bekanntes Schwarzkunstblatt aus dem vorigen Jahrhundert
169 1643 1328 1678 auf seinen damaligen Aufenthalt ausserhalb Spaniens zu führen; leider
168 1692 1327 1726 ist in meinem Exemplar, dem einzigen das mir zu Gesicht gekommen,
170 1739 1327 1776 die Unterschrift abgeschnitten. In der Cremer’schen Sammlung zu
169 1790 1327 1824 Brüssel war nach Curtis eine Kopie. In jenem Jahre soll es in Paris
170 1838 1328 1874 „die Augen aller Kenner überrascht und lange festgehalten haben“; der
169 1887 1327 1915 Generalsekretär des Museums Lavallée bedauerte es zur Zeit seines Ein-
168 1934 985 1969 flusses nicht für den Louvre erworben zu haben.
453 194 1051 220 Zweifelhafte und falsch benannte Bildnisse.
1302 195 1331 224 85
293 2006 1088 2030 Z. B. in dem Selbstbildniss mit seiner Frau in München.
293 2049 1327 2078 Es wurden zwei Kataloge gedruckt, verfasst von Roehn fils; in dem
170 2092 1325 2121 ersten, D *** bezeichnet, heisst es: Pour jeter une fleur sur la tombe de l’ancien
171 2134 1326 2165 secrétaire-général du Musée, M. Lavallée, nous dirons, qu’ami des arts et des
171 2178 1324 2208 amateurs, il vint nous voir peu de temps avant sa mort; après avoir admiré cette
170 2221 1324 2251 production, il dit en nous quittant: „Que n’ai-je vu cette belle chose lorsque j’avais
170 2264 416 2293 quelque pouvoir!“
