1600 2480
180 228 1332 265 gedeutet. Ein pentimento an der zuerst breiter und tiefer gezeich-
179 276 1336 314 neten Perrücke spricht nicht für eine Kopie. Die ausgestreckte
179 324 1335 362 Hand mit den röthlichen Reflexen ist für diese Zeit sehr ausge-
178 373 1335 410 führt. In Uebereinstimmung mit jenem falschen Haar (das die
177 422 1335 458 Ohren völlig bedeckt), hat das Gesicht einen röthlichen Ton be-
176 470 1334 502 kommen, der durch den weisslichen Grund noch betont wird;
178 520 1331 555 auch das Fehlen der hohen Lichter schwächt den plastischen Ein-
178 568 1335 600 druck. Daher die Zweifel an dem Bild, obwol Pinselstrich und
178 616 1333 653 Modellirung der innern Züge im Lichte echt aussehn. Das Auge
180 665 1332 702 erhält ein glasiges Aussehn durch den breiten Glanz der Horn-
177 714 1334 747 haut, der mit dem Weiss der Lederhaut verschmilzt. Die Kon-
177 762 1333 791 tour des Mantels ist an beiden Seiten durch breite Linien wie
177 811 1334 847 nachzitternd wiederholt, offenbar zum Behuf der stereoskopischen
178 860 343 897 Wirkung.
266 908 1332 945 Nach demselben Original, breit, markig, feurig ist das Brust-
178 957 1333 994 bild in der Ermitage (aus der Sammlung Coesvelt) gemalt; aber
178 1005 1334 1043 wie oft bei eiligen Arbeiten fast monochrom in einem fahlen
179 1054 1332 1091 erdigen Ton, der den Eindruck eines Fieberkranken macht.
179 1103 1333 1140 Das Kreuz ist nur grau angegeben, die Iris braun. Nahe be-
180 1152 1331 1188 sehn, besteht das Gesicht bloss aus scharfbegrenzten, mit breitem
179 1201 1333 1237 Pinsel hingesetzten Werthen von Hell und Dunkel. Der Aus-
181 1250 551 1278 druck ist abstossend.
268 1298 1333 1335 Ebenda befindet sich noch ein Bildniss in ganzer Figur, in
178 1346 1331 1382 schwarzsammtner Hoftracht, das aus der Sammlung des Königs
178 1394 1334 1430 Wilhelm von Holland mit dem Pendant Philipp IV für den Preis
178 1443 1333 1478 von 38850 Gulden erworben wurde, allein aber auf der Auktion
178 1491 1331 1528 Lapeyrière in Paris, 1825, nur 11520 Francs erreicht hatte. Dieses
179 1540 1332 1569 etwas überschätzte Gemälde kann nur für Schularbeit mit des
179 1588 1334 1625 Meisters Correkturen gelten. Stellung und Umgebung stimmen
178 1636 1335 1674 ganz mit dem Bildniss aus den zwanziger Jahren (I, 212 f.); nur
179 1686 1328 1723 der Kopf ist der des Fünfzigers; der Teint ähnlich dem Dresdener,
178 1734 1334 1766 aber mit Glanzlichtern. Der Blick ist nervös, weinerlich zerrüttet.
180 1782 1334 1818 Von dem „Dreicharakter des hochgeborenen Edelmanns, des
180 1830 1335 1868 glatten Günstlings und des gewandten Politikers“ (Stirling) ist
182 1880 610 1908 er nur noch eine Ruine.
269 1927 1334 1964 Welch ein unheimliches Wesen hat der Kopf angenommen!
182 1976 1335 2013 Das anklopfende Alter, die aufreibende Arbeit, noch mehr die
185 2024 1333 2062 den offenbar psychopathischen Mann zerwühlenden Aufregungen
513 153 999 183 Letzte Bildnisse des Conde Duque.
1292 161 1336 182 119
309 2130 1335 2159 Die Gesichtsfarbe war in den letzten Jahren „frà il terriccio, e il cedrino“.
309 2174 1023 2202 Vorher auf der Delahante-Auction in London 1817.
