1600 2396
1337 1314 1539 1339 Verfahren beim
1380 1347 1504 1370 Probiren.
1372 1381 1506 1408 Vorprobe.
442 145 1013 179 §. 120. Verfahren bei der Feinprobe.
149 226 1309 258 indem man mittelst eines Hohlmeissels etwa 3 Gramm von zwei
151 274 1310 316 entgegengesetzten Seiten des Barrens, z. B. oben und unten,
151 322 1310 372 herausnimmt, beide Proben ausplattet, mittelst einer Schere in
149 370 1312 413 Schnitzeln schneidet, die man in eine Porzellan- oder Kupfer-
149 419 1313 459 schale fallen lässt, jede Probe für sich probirt und die erfol-
149 466 1312 507 genden Silberkörner zusammen verwiegt. Durch die Granalien-
149 513 1271 555 probe wird ein richtigerer Durchschnittsgehalt erzielt (S. 272).
234 561 1313 603 Man wiegt gewöhnlich von Legirungen mit von 800 ‒ 1000
153 610 1313 650 Tausendthln. Silbergehalt 1 Gramm und von solchen mit unter
149 658 1312 701 800 Tausendthln. Gehalt, der erforderlichen grösseren Bleimengen
152 708 1311 749 wegen, nur ½ Gramm Legirung auf einer völlig richtigen,
153 758 1313 798 genau gehenden Wage (S. 100) ab. Am häufigsten nimmt man
157 807 1314 846 ½ Gramm als Einheit an, theilt dieses in 1000 Theile, wiegt
153 855 1314 895 500 Taus. doppelt unter Umschalen unter den S. 21 ange-
153 903 1314 946 gebenen Vorsichtsmassregeln ab, wiegt die erfolgenden beiden
153 953 1314 992 Körner erst einzeln, dann zusammen und ertährt so den Silber-
153 1002 1313 1045 gehalt in 1000 Theilen. Zur Aufnahme des Abgewogenen dienen
153 1052 1315 1093 aus sehr feinem Briefpapier (quadratische Stücken von etwa
152 1101 1313 1142 25—30 Mm. Seite) hergestellte Tütchen (Skarnitzel), deren
154 1149 1315 1190 Spitzen so zusammengelegt oder zusammengedreht werden, dass
153 1196 1319 1227 man das Skarnitzel mit der Probirkluft daran fassen und auf
154 1244 596 1286 die Capelle setzen kann.
233 1301 788 1334 Das Probirverfahren zerfällt in
236 1352 1312 1394 1) die Vorprobe zur Ermittelung des ungefähren Silber-
152 1403 1313 1444 gehaltes behuf Normirung der Grösse des Bleizusatzes. Je reicher
154 1453 1315 1495 die Legirung an Silber, um so weisser ist ihre Farbe, um so grösser
154 1502 1316 1544 das specifische Gewicht und die Geschmeidigkeit und um so ge-
153 1551 1053 1593 ringer der Klang. Es kommen zur Anwendung:
234 1608 1317 1648 a) die Strichprobe. Mittelst Probirnadeln, kleiner
154 1656 1316 1697 Stäbchen Legirungen von bestimmtem Gehalt an Silber und
154 1704 1316 1750 Kupfer, macht man auf einem schwarzen, harten, glatt geschlif-
154 1751 1316 1791 fenen Probirstein (Kieselschiefer, Basalt etc.) Striche, daneben
155 1800 1316 1841 solche von der zu untersuchenden Legirung und sieht zu, mit
155 1849 1316 1884 welcher Farbennüance der ersteren der Strich der letzteren
155 1898 1317 1941 übereinstimmt. Man hat gewöhnlich solche Probirnadeln mit
158 1947 1316 1990 16, 15, 14 etc. bis 1 Loth Silbergehalt pro Mark und kann bei
154 1997 1316 2039 hinreichender Uebung auf die angegebene Weise die Gehalte
155 2045 1317 2090 bis auf ganze, ja selbst halbe Lothe abschätzen. Ein Gehalt
1251 135 1312 178 273
208 2232 1117 2258 Kerl, Probirkunst. 18
1340 561 1493 583 Grösse der
1354 594 1474 621 Einwage.
1360 1617 1523 1645 Strichprobe.
264 2144 1315 2179 Mulder, die Silberprobirmethode. 1859. S. 302. — Hartmann’s Probir-
153 2185 683 2212 kunst nach Chaudet. 1838 S. 140.
