1600 2396
570 138 1243 176 Apparate zur Wärmeerzeugung. Probiröfen.
388 222 1464 267 §. 27. Windöfen für flammegebendes Brennmaterial. Oefen
304 270 1467 315 derart sind ähnlich eingerichtet wie die Steinkohlenmuffelöfen
305 319 1467 362 (S. 46), haben nur andere Dimensionen oberhalb des Rostes und
304 367 1468 411 enthalten statt der Muffel Unterlagsplatten für die aufzustellenden
303 414 1468 459 Tiegel. Das Schürloch befindet sich bald vorn (Freiberger Con-
306 463 1470 508 struction), bald hinten (Przibramer Einrichtung) ganz wie bei
308 512 1470 557 den entsprechenden Muffelöfen, auf deren nähere Einrichtung
307 560 1470 605 hier bei Beschreibung der Windöfen verwiesen wird. Solche
308 609 1471 655 Oefen gewähren den Vortheil, dass man sie als Wind- oder
309 659 1471 702 Muffelöfen leicht benutzen kann, sie geben dieselbe Hitze, wie
307 709 1472 752 Holzkohlenwindöfen, lassen aber eine bessere Regulirung der
311 759 1473 802 Hitze zu, man kann jeder Zeit durch Herausnehmen der Probir-
308 810 1474 852 gefässe den Vorgang der Proben verfolgen und nach Entfernung
310 859 1473 901 der fertigen gleich neue Proben einsetzen, wodurch an Brenn-
311 908 1309 951 stoff gespart und schnelleres Arbeiten ermöglicht wird.
376 957 1473 992 Beim Freiberger Windofen (Taf. IV. Fig. 47) liegt eine feuerfeste
308 998 1472 1032 Thonplatte b für 14 Bleituten auf 2 thönernen Tragsteinen a 30 Cm. über dem
311 1040 1471 1078 Rost, so dass rings um dieselbe 5 Cm. frei bleiben. Die Thonplatte b
312 1081 1473 1114 nimmt die durch die mit Vorsetzstein versehbare Oeffnung d eingetragenen
311 1122 1474 1155 Tuten auf, von deren Deckel bis zum Gewölbe c ein Zwischenraum von eben-
310 1163 1476 1203 falls 5 Cm. bleiben muss und welche von der von dem Rost aufsteigenden
309 1207 667 1235 Flamme erhitzt werden.
376 1247 1476 1284 Der Przibramer Ofen (Taf. IV. Fig. 48—50) zu Blei-, Lech- und
310 1291 1476 1326 Kupferproben hat 3 neben einander liegende Platten b für 18 Paar grössere
312 1332 1482 1366 oder 24 Paar kleinere Tuten, welche auf den beiden Tragziegeln a ruhen.
312 1373 1477 1405 c Oeffnung, durch einen auf d ruhenden Vorsetzstein zu verschliessen, zum
312 1414 1477 1447 Eintragen der Tuten. Der aus 8 Stäben bestehende Rost ist gegen die
314 1455 1477 1489 Schürlochsthür I etwas geneigt. Das Gewölbe ist zum Unterschiede von
312 1496 1480 1531 dem der Muffelöfen elliptisch. Zu Przibram, wo täglich im Durchschnitt
312 1537 1469 1572 wenigstens 1 Tiegel- und 1 Muffelofen 2—3 Stunden lang geheizt werden,
313 1568 1478 1614 hat man jährlich etwa 400 Ctr. Steinkohlen gegen früher 2800 Ton. à 4¼
314 1621 1073 1655 Cbfss. Holzkohlen verbraucht und 658 Fl. gespart
400 1662 1478 1702 Man heizt den Ofen mit Holz oder Torf an, schürt Stein-
315 1712 1478 1757 kohlen nach, bis die Thonplatten und die Mauerwände nach
315 1760 1479 1808 etwa 1—1¼ stündigem Feuern mässig rothglühend geworden
314 1811 1481 1857 sind. Dann setzt man, wenn die zuletzt eingeschürte Steinkoh-
315 1860 1481 1906 lenlage keine oder nur eine kurze Flamme giebt, welche nicht
316 1909 1480 1959 über die Thonplatten schlägt, die Tuten in passenden Zwischen-
315 1960 1480 2008 räumen auf die Unterlagsplatten b, verschliesst die Eintrageöff-
316 2010 1481 2053 nung, unterlässt das Schüren noch etwa 10 Minuten, während
318 2059 1481 2104 welcher Zeit die Tuten schwach rothglühend werden, und giebt
303 142 345 173 60
105 228 280 256 Construction.
152 957 283 986 Beispiele.
129 1667 271 1690 Arbeiten bei
121 1711 249 1757 windöfen.
429 2156 884 2191 Freiberger Jahrb. 1842. S. 31.
430 2199 1034 2242 Rittinger’s Erfahr. Jahrg. 1857. S. 31.
