<?xml version="1.0" encoding="UTF-8"?>
<PcGts xmlns="http://schema.primaresearch.org/PAGE/gts/pagecontent/2019-07-15" xmlns:xsi="http://www.w3.org/2001/XMLSchema-instance" xsi:schemaLocation="http://schema.primaresearch.org/PAGE/gts/pagecontent/2019-07-15 http://schema.primaresearch.org/PAGE/gts/pagecontent/2019-07-15/pagecontent.xsd">
<Metadata>
<Creator>KK-regJS2PAGE.py</Creator>
<Created>2021-01-18T15:22:43.336971</Created>
<LastChange>2021-01-18T15:22:43.336971</LastChange>
</Metadata>
<Page imageFilename="klostermann_eigenthum01_1867_0142.png" imageWidth="1600" imageHeight="2648">
<TextRegion id="block_0" custom="structure {type:body;}">
<Coords points="198,281 198,325 196,332 196,376 196,384 282,384 282,429 282,437 196,437 196,480 196,488 196,532 195,540 195,583 195,592 195,634 195,643 282,643 282,686 282,695 194,695 194,739 194,746 194,790 195,799 195,843 195,851 195,894 194,903 194,945 195,955 195,997 194,1006 194,1049 196,1058 196,1101 195,1110 195,1154 192,1162 192,1205 195,1214 195,1257 194,1266 194,1311 194,1318 194,1361 194,1370 194,1414 192,1422 192,1465 192,1474 279,1474 279,1517 279,1526 193,1526 193,1570 194,1577 194,1621 193,1630 193,1674 193,1682 280,1682 280,1725 280,1733 192,1733 192,1777 192,1784 192,1829 190,1836 190,1881 1385,1881 1385,1836 1384,1829 1384,1784 1386,1777 1386,1733 1385,1725 1385,1682 710,1682 710,1674 710,1630 1384,1630 1384,1621 1384,1577 1384,1570 1384,1526 1384,1517 1384,1474 853,1474 853,1465 853,1422 1383,1422 1383,1414 1383,1370 1385,1361 1385,1318 1385,1311 1385,1266 1385,1257 1385,1214 1387,1205 1387,1162 1386,1154 1386,1110 1386,1101 1386,1058 1388,1049 1388,1006 1385,997 1385,955 1387,945 1387,903 1386,894 1386,851 1385,843 1385,799 1395,790 1395,746 1386,739 1386,695 1387,686 1387,643 967,643 967,634 967,592 1388,592 1388,583 1388,540 1389,532 1389,488 1388,480 1388,437 1389,429 1389,384 754,384 754,376 754,332 1389,332 1389,325 1389,281 198,281"/>
<TextLine id="line_0">
<Coords points="198,282 419,282 442,282 580,282 599,281 659,281 681,282 916,282 940,281 999,281 1023,282 1225,282 1246,282 1304,282 1323,283 1389,283 1389,325 1323,325 1304,317 1246,317 1225,325 1023,325 999,316 940,316 916,324 681,324 659,315 599,315 580,316 442,316 419,325 198,325 198,282"/>
<Baseline points="198,325 419,325 442,316 580,316 599,315 659,315 681,324 916,324 940,316 999,316 1023,325 1225,325 1246,317 1304,317 1323,325 1389,325"/>
<TextEquiv><Unicode>Begründung niemals der Bedingungen der Erwerbung des gei-</Unicode></TextEquiv>
</TextLine>

<TextLine id="line_1">
<Coords points="196,335 303,335 326,333 561,333 586,332 754,332 754,367 586,367 561,376 326,376 303,376 196,376 196,335"/>
<Baseline points="196,376 303,376 326,376 561,376 586,367 754,367"/>
<TextEquiv><Unicode>stigen Eigenthumes bedürfen.</Unicode></TextEquiv>
</TextLine>

<TextLine id="line_2">
<Coords points="282,386 328,386 351,386 393,386 414,384 518,384 540,386 625,386 647,386 738,386 758,386 909,386 941,386 1003,386 1026,385 1197,385 1228,386 1295,386 1318,386 1389,386 1389,419 1318,419 1295,420 1228,420 1197,429 1026,429 1003,419 941,419 909,427 758,427 738,419 647,419 625,419 540,419 518,420 414,420 393,419 351,419 328,419 282,419 282,386"/>
<Baseline points="282,419 328,419 351,419 393,419 414,420 518,420 540,419 625,419 647,419 738,419 758,427 909,427 941,419 1003,419 1026,429 1197,429 1228,420 1295,420 1318,419 1389,419"/>
<TextEquiv><Unicode>Es ist daher auch nicht zulässig, mit Beseler  und Ha-</Unicode></TextEquiv>
</TextLine>

<TextLine id="line_3">
<Coords points="196,448 269,448 281,438 310,438 334,439 365,439 385,437 459,437 482,438 642,438 668,437 886,437 912,438 983,438 1006,438 1210,438 1230,438 1296,438 1317,438 1388,438 1388,472 1317,472 1296,472 1230,472 1210,480 1006,480 983,471 912,471 886,479 668,479 642,480 482,480 459,470 385,470 365,471 334,471 310,480 281,480 269,472 196,472 196,448"/>
<Baseline points="196,472 269,472 281,480 310,480 334,471 365,471 385,470 459,470 482,480 642,480 668,479 886,479 912,471 983,471 1006,480 1210,480 1230,472 1296,472 1317,472 1388,472"/>
<TextEquiv><Unicode>rum  in dem geistigen Eigenthume eine persönliche und eine</Unicode></TextEquiv>
</TextLine>

<TextLine id="line_4">
<Coords points="196,489 564,489 589,488 676,488 709,499 749,499 772,489 1032,489 1071,490 1228,490 1260,490 1389,490 1389,523 1260,523 1228,523 1071,523 1032,530 772,530 749,522 709,522 676,523 589,523 564,532 196,532 196,489"/>
<Baseline points="196,532 564,532 589,523 676,523 709,522 749,522 772,530 1032,530 1071,523 1228,523 1260,523 1389,523"/>
<TextEquiv><Unicode>vermögensrechtliche Seite zu unterscheiden, vielmehr enthält</Unicode></TextEquiv>
</TextLine>

<TextLine id="line_5">
<Coords points="195,541 255,541 284,540 419,540 441,540 641,540 672,550 734,550 766,540 817,540 840,541 1210,541 1230,542 1388,542 1388,583 1230,583 1210,583 840,583 817,574 766,574 734,574 672,574 641,582 441,582 419,582 284,582 255,574 195,574 195,541"/>
<Baseline points="195,574 255,574 284,582 419,582 441,582 641,582 672,574 734,574 766,574 817,574 840,583 1210,583 1230,583 1388,583"/>
<TextEquiv><Unicode>das geistige Eigenthum nur die vermögensrechtliche Nutzung</Unicode></TextEquiv>
</TextLine>

<TextLine id="line_6">
<Coords points="195,602 255,602 276,593 335,593 357,592 599,592 622,592 679,592 703,593 967,593 967,627 703,627 679,626 622,626 599,634 357,634 335,626 276,626 255,626 195,626 195,602"/>
<Baseline points="195,626 255,626 276,626 335,626 357,634 599,634 622,626 679,626 703,627 967,627"/>
<TextEquiv><Unicode>aus der Reproduction des Geisteswerkes.</Unicode></TextEquiv>
</TextLine>

<TextLine id="line_7">
<Coords points="282,644 372,644 383,644 444,644 454,644 594,644 606,644 647,644 658,654 694,654 708,644 857,644 871,645 932,645 944,644 1115,644 1128,645 1194,645 1206,643 1387,643 1387,679 1206,679 1194,679 1128,679 1115,679 944,679 932,679 871,679 857,686 708,686 694,678 658,678 647,677 606,677 594,685 454,685 444,677 383,677 372,677 282,677 282,644"/>
<Baseline points="282,677 372,677 383,677 444,677 454,685 594,685 606,677 647,677 658,678 694,678 708,686 857,686 871,679 932,679 944,679 1115,679 1128,679 1194,679 1206,679 1387,679"/>
<TextEquiv><Unicode>Noch viel weniger ist es möglich, mit Neustetel und Bluntschli</Unicode></TextEquiv>
</TextLine>

<TextLine id="line_8">
<Coords points="194,696 254,696 275,695 552,695 572,695 677,695 702,695 761,695 787,696 1084,696 1106,698 1139,698 1162,697 1284,697 1307,706 1386,706 1386,739 1307,739 1284,730 1162,730 1139,731 1106,731 1084,739 787,739 761,729 702,729 677,729 572,729 552,730 275,730 254,729 194,729 194,696"/>
<Baseline points="194,729 254,729 275,730 552,730 572,729 677,729 702,729 761,729 787,739 1084,739 1106,731 1139,731 1162,730 1284,730 1307,739 1386,739"/>
<TextEquiv><Unicode>das ausschliessliche Recht der Vervielfältigung in seinem gan-</Unicode></TextEquiv>
</TextLine>

<TextLine id="line_9">
<Coords points="194,757 253,757 277,746 440,746 462,748 522,748 541,747 600,747 612,747 717,747 740,748 798,748 810,748 1070,748 1093,748 1395,748 1395,789 1093,789 1070,783 810,783 798,781 740,781 717,781 612,781 600,781 541,781 522,781 462,781 440,790 277,790 253,781 194,781 194,757"/>
<Baseline points="194,781 253,781 277,790 440,790 462,781 522,781 541,781 600,781 612,781 717,781 740,781 798,781 810,783 1070,783 1093,789 1395,789"/>
<TextEquiv><Unicode>zen Umfange auf das Recht der Persönlichkeit zurückzuführen,</Unicode></TextEquiv>
</TextLine>

<TextLine id="line_10">
<Coords points="195,799 296,799 316,799 369,799 384,799 518,799 537,799 596,799 610,799 846,799 862,800 985,800 1002,800 1065,800 1079,801 1194,801 1219,810 1259,810 1281,800 1385,800 1385,834 1281,834 1259,834 1219,834 1194,842 1079,842 1065,834 1002,834 985,843 862,843 846,833 610,833 596,833 537,833 518,839 384,839 369,833 316,833 296,833 195,833 195,799"/>
<Baseline points="195,833 296,833 316,833 369,833 384,839 518,839 537,833 596,833 610,833 846,833 862,843 985,843 1002,834 1065,834 1079,842 1194,842 1219,834 1259,834 1281,834 1385,834"/>
<TextEquiv><Unicode>durch die Fiction, der Nachdrucker zwinge den Autor, zu einem</Unicode></TextEquiv>
</TextLine>

<TextLine id="line_11">
<Coords points="195,855 366,855 378,851 492,851 514,860 577,860 591,851 712,851 734,861 775,861 798,851 955,851 978,852 1045,852 1061,851 1137,851 1150,852 1252,852 1267,851 1386,851 1386,894 1267,894 1252,886 1150,886 1137,886 1061,886 1045,885 978,885 955,894 798,894 775,885 734,885 712,885 591,885 577,884 514,884 492,885 378,885 366,894 195,894 195,855"/>
<Baseline points="195,894 366,894 378,885 492,885 514,884 577,884 591,885 712,885 734,885 775,885 798,894 955,894 978,885 1045,885 1061,886 1137,886 1150,886 1252,886 1267,894 1386,894"/>
<TextEquiv><Unicode>grösseren Kreise von Lesern zu sprechen und rede daher gleich-</Unicode></TextEquiv>
</TextLine>

<TextLine id="line_12">
<Coords points="194,912 264,912 290,903 350,903 371,903 431,903 454,904 568,904 589,904 647,904 669,904 801,904 856,904 925,904 951,904 1046,904 1078,904 1138,904 1164,904 1264,904 1298,904 1387,904 1387,937 1298,937 1264,938 1164,938 1138,937 1078,937 1046,937 951,937 925,937 856,937 801,937 669,937 647,937 589,937 568,945 454,945 431,937 371,937 350,936 290,936 264,935 194,935 194,912"/>
<Baseline points="194,935 264,935 290,936 350,936 371,937 431,937 454,945 568,945 589,937 647,937 669,937 801,937 856,937 925,937 951,937 1046,937 1078,937 1138,937 1164,938 1264,938 1298,937 1387,937"/>
<TextEquiv><Unicode>sam mit der Zunge des Autors. Der Kreis der Leser eines</Unicode></TextEquiv>
</TextLine>

<TextLine id="line_13">
<Coords points="195,955 322,955 344,955 424,955 445,955 663,955 686,955 789,955 811,955 863,955 874,955 956,955 979,955 1038,955 1054,956 1249,956 1267,956 1385,956 1385,989 1267,989 1249,990 1054,990 1038,988 979,988 956,989 874,989 863,989 811,989 789,989 686,989 663,997 445,997 424,988 344,988 322,988 195,988 195,955"/>
<Baseline points="195,988 322,988 344,988 424,988 445,997 663,997 686,989 789,989 811,989 863,989 874,989 956,989 979,988 1038,988 1054,990 1249,990 1267,989 1385,989"/>
<TextEquiv><Unicode>Buches wird keinesweges durch die Zahl der verkauften Exem-</Unicode></TextEquiv>
</TextLine>

<TextLine id="line_14">
<Coords points="194,1008 287,1008 299,1006 481,1006 494,1016 530,1016 542,1007 584,1007 595,1006 752,1006 763,1008 815,1008 827,1017 911,1017 926,1007 1177,1007 1198,1007 1265,1007 1286,1016 1322,1016 1344,1008 1388,1008 1388,1040 1344,1040 1322,1041 1286,1041 1265,1041 1198,1041 1177,1041 926,1041 911,1049 827,1049 815,1041 763,1041 752,1041 595,1041 584,1040 542,1040 530,1041 494,1041 481,1048 299,1048 287,1049 194,1049 194,1008"/>
<Baseline points="194,1049 287,1049 299,1048 481,1048 494,1041 530,1041 542,1040 584,1040 595,1041 752,1041 763,1041 815,1041 827,1049 911,1049 926,1041 1177,1041 1198,1041 1265,1041 1286,1041 1322,1041 1344,1040 1388,1040"/>
<TextEquiv><Unicode>plare bestimmt; er ist vielmehr ein ganz unbestimmter und es ist</Unicode></TextEquiv>
</TextLine>

<TextLine id="line_15">
<Coords points="196,1058 331,1058 354,1059 467,1059 492,1058 665,1058 690,1060 767,1060 791,1059 894,1059 917,1059 979,1059 1002,1059 1199,1059 1222,1060 1310,1060 1332,1058 1386,1058 1386,1092 1332,1092 1310,1093 1222,1093 1199,1094 1002,1094 979,1092 917,1092 894,1093 791,1093 767,1092 690,1092 665,1101 492,1101 467,1101 354,1101 331,1093 196,1093 196,1058"/>
<Baseline points="196,1093 331,1093 354,1101 467,1101 492,1101 665,1101 690,1092 767,1092 791,1093 894,1093 917,1092 979,1092 1002,1094 1199,1094 1222,1093 1310,1093 1332,1092 1386,1092"/>
<TextEquiv><Unicode>deshalb gewiss unrichtig, dass durch den Nachdruck eines be-</Unicode></TextEquiv>
</TextLine>

<TextLine id="line_16">
<Coords points="195,1111 273,1111 296,1110 498,1110 511,1111 648,1111 672,1112 732,1112 752,1111 857,1111 879,1112 936,1112 960,1113 1083,1113 1109,1112 1195,1112 1209,1111 1312,1111 1333,1111 1386,1111 1386,1145 1333,1145 1312,1145 1209,1145 1195,1145 1109,1145 1083,1145 960,1145 936,1145 879,1145 857,1145 752,1145 732,1145 672,1145 648,1145 511,1145 498,1154 296,1154 273,1144 195,1144 195,1111"/>
<Baseline points="195,1144 273,1144 296,1154 498,1154 511,1145 648,1145 672,1145 732,1145 752,1145 857,1145 879,1145 936,1145 960,1145 1083,1145 1109,1145 1195,1145 1209,1145 1312,1145 1333,1145 1386,1145"/>
<TextEquiv><Unicode>reits gedruckten Werkes das Recht des Autors »sein Werk für</Unicode></TextEquiv>
</TextLine>

<TextLine id="line_17">
<Coords points="192,1163 261,1163 285,1173 326,1173 349,1162 531,1162 557,1163 721,1163 744,1164 873,1164 896,1164 1015,1164 1051,1164 1120,1164 1137,1164 1188,1164 1211,1164 1306,1164 1328,1164 1387,1164 1387,1197 1328,1197 1306,1197 1211,1197 1188,1197 1137,1197 1120,1197 1051,1197 1015,1198 896,1198 873,1197 744,1197 721,1205 557,1205 531,1204 349,1204 326,1196 285,1196 261,1196 192,1196 192,1163"/>
<Baseline points="192,1196 261,1196 285,1196 326,1196 349,1204 531,1204 557,1205 721,1205 744,1197 873,1197 896,1198 1015,1198 1051,1197 1120,1197 1137,1197 1188,1197 1211,1197 1306,1197 1328,1197 1387,1197"/>
<TextEquiv><Unicode>sich zu behalten,« gekränkt werden könne. Auf die Fälle der</Unicode></TextEquiv>
</TextLine>

<TextLine id="line_18">
<Coords points="195,1214 423,1214 446,1215 534,1215 545,1215 789,1215 803,1215 941,1215 959,1216 1018,1216 1029,1215 1189,1215 1200,1225 1274,1225 1288,1215 1385,1215 1385,1248 1288,1248 1274,1249 1200,1249 1189,1249 1029,1249 1018,1250 959,1250 941,1250 803,1250 789,1257 545,1257 534,1248 446,1248 423,1257 195,1257 195,1214"/>
<Baseline points="195,1257 423,1257 446,1248 534,1248 545,1257 789,1257 803,1250 941,1250 959,1250 1018,1250 1029,1249 1189,1249 1200,1249 1274,1249 1288,1248 1385,1248"/>
<TextEquiv><Unicode>Nachbildung eines Kunstwerkes, welches der Künstler zum frem-</Unicode></TextEquiv>
</TextLine>

<TextLine id="line_19">
<Coords points="194,1267 257,1267 271,1266 466,1266 489,1266 688,1266 700,1267 767,1267 785,1266 864,1266 880,1267 969,1267 982,1267 1181,1267 1193,1266 1385,1266 1385,1307 1193,1307 1181,1309 982,1309 969,1301 880,1301 864,1301 785,1301 767,1307 700,1307 688,1311 489,1311 466,1301 271,1301 257,1301 194,1301 194,1267"/>
<Baseline points="194,1301 257,1301 271,1301 466,1301 489,1311 688,1311 700,1307 767,1307 785,1301 864,1301 880,1301 969,1301 982,1309 1181,1309 1193,1307 1385,1307"/>
<TextEquiv><Unicode>den Gebrauche angefertigt hat, oder einer patentirten Erfindung,</Unicode></TextEquiv>
</TextLine>

<TextLine id="line_20">
<Coords points="194,1322 287,1322 309,1319 397,1319 424,1318 613,1318 646,1319 792,1319 814,1328 875,1328 903,1319 1000,1319 1035,1319 1077,1319 1110,1319 1182,1319 1208,1328 1271,1328 1303,1327 1385,1327 1385,1351 1303,1351 1271,1352 1208,1352 1182,1352 1110,1352 1077,1353 1035,1353 1000,1359 903,1359 875,1361 814,1361 792,1352 646,1352 613,1361 424,1361 397,1352 309,1352 287,1361 194,1361 194,1322"/>
<Baseline points="194,1361 287,1361 309,1352 397,1352 424,1361 613,1361 646,1352 792,1352 814,1361 875,1361 903,1359 1000,1359 1035,1353 1077,1353 1110,1352 1182,1352 1208,1352 1271,1352 1303,1351 1385,1351"/>
<TextEquiv><Unicode>passt diese Erklärung vollends gar nicht, da hier von vorn</Unicode></TextEquiv>
</TextLine>

<TextLine id="line_21">
<Coords points="194,1371 306,1371 328,1371 404,1371 425,1371 475,1371 499,1371 574,1371 597,1371 657,1371 677,1370 813,1370 835,1371 1033,1371 1056,1380 1120,1380 1138,1371 1231,1371 1255,1373 1383,1373 1383,1403 1255,1403 1231,1405 1138,1405 1120,1404 1056,1404 1033,1414 835,1414 813,1414 677,1414 657,1404 597,1404 574,1404 499,1404 475,1411 425,1411 404,1404 328,1404 306,1405 194,1405 194,1371"/>
<Baseline points="194,1405 306,1405 328,1404 404,1404 425,1411 475,1411 499,1404 574,1404 597,1404 657,1404 677,1414 813,1414 835,1414 1033,1414 1056,1404 1120,1404 1138,1405 1231,1405 1255,1403 1383,1403"/>
<TextEquiv><Unicode>herein klar ist, dass das geistige Eigenthum nur einen vermö-</Unicode></TextEquiv>
</TextLine>

<TextLine id="line_22">
<Coords points="192,1422 472,1422 493,1422 604,1422 625,1422 731,1422 753,1423 853,1423 853,1456 753,1456 731,1456 625,1456 604,1456 493,1456 472,1465 192,1465 192,1422"/>
<Baseline points="192,1465 472,1465 493,1456 604,1456 625,1456 731,1456 753,1456 853,1456"/>
<TextEquiv><Unicode>gensrechtlichen Inhalt haben kann.</Unicode></TextEquiv>
</TextLine>

<TextLine id="line_23">
<Coords points="279,1475 392,1475 415,1474 600,1474 626,1474 668,1474 688,1477 800,1477 821,1475 887,1475 913,1475 972,1475 990,1474 1259,1474 1279,1474 1384,1474 1384,1508 1279,1508 1259,1517 990,1517 972,1508 913,1508 887,1508 821,1508 800,1508 688,1508 668,1507 626,1507 600,1508 415,1508 392,1508 279,1508 279,1475"/>
<Baseline points="279,1508 392,1508 415,1508 600,1508 626,1507 668,1507 688,1508 800,1508 821,1508 887,1508 913,1508 972,1508 990,1517 1259,1517 1279,1508 1384,1508"/>
<TextEquiv><Unicode>Dieser Grundsatz ist zuerst und mit überzeugenden Grün-</Unicode></TextEquiv>
</TextLine>

<TextLine id="line_24">
<Coords points="193,1527 255,1527 279,1526 548,1526 570,1535 633,1535 657,1526 834,1526 847,1527 874,1527 906,1526 973,1526 996,1526 1083,1526 1097,1526 1125,1526 1160,1526 1226,1526 1249,1526 1384,1526 1384,1561 1249,1561 1226,1561 1160,1561 1125,1570 1097,1570 1083,1568 996,1568 973,1559 906,1559 874,1569 847,1569 834,1560 657,1560 633,1559 570,1559 548,1569 279,1569 255,1561 193,1561 193,1527"/>
<Baseline points="193,1561 255,1561 279,1569 548,1569 570,1559 633,1559 657,1560 834,1560 847,1569 874,1569 906,1559 973,1559 996,1568 1083,1568 1097,1570 1125,1570 1160,1561 1226,1561 1249,1561 1384,1561"/>
<TextEquiv><Unicode>den hervorgehoben von Renouard  und Jolly  und seitdem</Unicode></TextEquiv>
</TextLine>

<TextLine id="line_25">
<Coords points="194,1588 256,1588 277,1579 335,1579 356,1588 491,1588 516,1577 689,1577 710,1578 769,1578 782,1577 1018,1577 1040,1579 1225,1579 1245,1578 1384,1578 1384,1612 1245,1612 1225,1612 1040,1612 1018,1612 782,1612 769,1612 710,1612 689,1612 516,1612 491,1621 356,1621 335,1612 277,1612 256,1612 194,1612 194,1588"/>
<Baseline points="194,1612 256,1612 277,1612 335,1612 356,1621 491,1621 516,1612 689,1612 710,1612 769,1612 782,1612 1018,1612 1040,1612 1225,1612 1245,1612 1384,1612"/>
<TextEquiv><Unicode>von der grossen Mehrzahl der Schriftsteller anerkannt worden.</Unicode></TextEquiv>
</TextLine>

<TextLine id="line_26">
<Coords points="193,1631 317,1631 342,1631 423,1631 446,1630 478,1630 493,1633 554,1633 567,1630 653,1630 663,1630 710,1630 710,1673 663,1673 653,1664 567,1664 554,1663 493,1663 478,1664 446,1664 423,1664 342,1664 317,1674 193,1674 193,1631"/>
<Baseline points="193,1674 317,1674 342,1664 423,1664 446,1664 478,1664 493,1663 554,1663 567,1664 653,1664 663,1673 710,1673"/>
<TextEquiv><Unicode>(Vergl. oben S. 119 Note 4.)</Unicode></TextEquiv>
</TextLine>

<TextLine id="line_27">
<Coords points="280,1683 384,1683 418,1692 495,1692 528,1682 636,1682 668,1682 863,1682 896,1682 1050,1682 1078,1682 1147,1682 1180,1691 1243,1691 1264,1682 1385,1682 1385,1715 1264,1715 1243,1715 1180,1715 1147,1722 1078,1722 1050,1716 896,1716 863,1725 668,1725 636,1716 528,1716 495,1717 418,1717 384,1716 280,1716 280,1683"/>
<Baseline points="280,1716 384,1716 418,1717 495,1717 528,1716 636,1716 668,1725 863,1725 896,1716 1050,1716 1078,1722 1147,1722 1180,1715 1243,1715 1264,1715 1385,1715"/>
<TextEquiv><Unicode>Wenn man indess neuerdings versucht hat, von diesem</Unicode></TextEquiv>
</TextLine>

<TextLine id="line_28">
<Coords points="192,1734 421,1734 451,1744 521,1744 552,1735 614,1735 649,1734 768,1734 799,1735 855,1735 886,1735 1046,1735 1068,1733 1303,1733 1337,1733 1386,1733 1386,1767 1337,1767 1303,1776 1068,1776 1046,1777 886,1777 855,1768 799,1768 768,1769 649,1769 614,1769 552,1769 521,1775 451,1775 421,1776 192,1776 192,1734"/>
<Baseline points="192,1776 421,1776 451,1775 521,1775 552,1769 614,1769 649,1769 768,1769 799,1768 855,1768 886,1777 1046,1777 1068,1776 1303,1776 1337,1767 1386,1767"/>
<TextEquiv><Unicode>Standpunkte aus, den Schutz des geistigen Eigenthumes als</Unicode></TextEquiv>
</TextLine>

<TextLine id="line_29">
<Coords points="192,1788 263,1788 285,1787 371,1787 394,1786 591,1786 602,1786 787,1786 810,1797 869,1797 883,1786 1075,1786 1099,1786 1156,1786 1179,1784 1384,1784 1384,1819 1179,1819 1156,1820 1099,1820 1075,1828 883,1828 869,1821 810,1821 787,1828 602,1828 591,1829 394,1829 371,1821 285,1821 263,1821 192,1821 192,1788"/>
<Baseline points="192,1821 263,1821 285,1821 371,1821 394,1829 591,1829 602,1828 787,1828 810,1821 869,1821 883,1828 1075,1828 1099,1820 1156,1820 1179,1819 1384,1819"/>
<TextEquiv><Unicode>eine bloss polizeiliche Maasregel zur Förderung des öffentlichen</Unicode></TextEquiv>
</TextLine>

<TextLine id="line_30">
<Coords points="190,1840 371,1840 390,1849 430,1849 454,1838 722,1838 735,1840 762,1840 788,1839 855,1839 875,1838 949,1838 966,1838 1077,1838 1092,1838 1312,1838 1328,1836 1385,1836 1385,1870 1328,1870 1312,1881 1092,1881 1077,1872 966,1872 949,1881 875,1881 855,1872 788,1872 762,1880 735,1880 722,1873 454,1873 430,1872 390,1872 371,1873 190,1873 190,1840"/>
<Baseline points="190,1873 371,1873 390,1872 430,1872 454,1873 722,1873 735,1880 762,1880 788,1872 855,1872 875,1881 949,1881 966,1872 1077,1872 1092,1881 1312,1881 1328,1870 1385,1870"/>
<TextEquiv><Unicode>Interesses zu characterisiren  und jede innere Begründung des</Unicode></TextEquiv>
</TextLine>

</TextRegion>
<TextRegion id="block_1" custom="structure {type:header;}">
<Coords points="326,193 326,231 1257,231 1257,193 326,193"/>
<TextLine id="line_31">
<Coords points="326,194 374,194 395,194 454,194 473,194 597,194 617,193 803,193 842,194 865,194 888,195 930,195 952,194 1257,194 1257,231 952,231 930,222 888,222 865,230 842,230 803,228 617,228 597,230 473,230 454,222 395,222 374,222 326,222 326,194"/>
<Baseline points="326,222 374,222 395,222 454,222 473,230 597,230 617,228 803,228 842,230 865,230 888,222 930,222 952,231 1257,231"/>
<TextEquiv><Unicode>IV. Das geistige Eigenthum. §. 13. Dogmengeschichte.</Unicode></TextEquiv>
</TextLine>

</TextRegion>
<TextRegion id="block_2" custom="structure {type:pageNum;}">
<Coords points="200,195 200,222 252,222 252,195 200,195"/>
<TextLine id="line_32">
<Coords points="200,195 252,195 252,222 200,222 200,195"/>
<Baseline points="200,222 252,222"/>
<TextEquiv><Unicode>126</Unicode></TextEquiv>
</TextLine>

</TextRegion>
<TextRegion id="block_3" custom="structure {type:note;}">
<Coords points="289,1910 289,1979 289,1968 332,1968 332,2024 331,2033 331,2069 333,2078 333,2115 335,2120 335,2160 335,2167 196,2167 196,2208 193,2213 193,2252 193,2258 193,2298 192,2308 192,2337 378,2337 378,2308 1381,2308 1381,2298 1381,2258 1382,2252 1382,2213 1384,2208 1384,2167 1384,2160 1384,2120 1188,2120 1188,2115 1188,2078 1022,2078 1022,2069 1022,2033 1310,2033 1310,2024 1310,1968 1154,1968 1154,1979 1154,1910 289,1910"/>
<TextLine id="line_33">
<Coords points="289,1944 315,1944 334,1910 446,1910 466,1942 516,1942 537,1942 697,1942 718,1942 916,1942 934,1945 958,1945 971,1944 1025,1944 1044,1942 1118,1942 1128,1944 1154,1944 1154,1969 1128,1969 1118,1970 1044,1970 1025,1970 971,1970 958,1976 934,1976 916,1970 718,1970 697,1970 537,1970 516,1970 466,1970 446,1979 334,1979 315,1977 289,1977 289,1944"/>
<Baseline points="289,1977 315,1977 334,1979 446,1979 466,1970 516,1970 537,1970 697,1970 718,1970 916,1970 934,1976 958,1976 971,1970 1025,1970 1044,1970 1118,1970 1128,1969 1154,1969"/>
<TextEquiv><Unicode>System des deutschen Privatrechts §. 228 Note 4.</Unicode></TextEquiv>
</TextLine>

<TextLine id="line_34">
<Coords points="332,1988 386,1988 406,1987 621,1987 642,1987 883,1987 901,1987 1209,1987 1228,1986 1254,1986 1265,1968 1310,1968 1310,2013 1265,2013 1254,2014 1228,2014 1209,2024 901,2024 883,2016 642,2016 621,2024 406,2024 386,2016 332,2016 332,1988"/>
<Baseline points="332,2016 386,2016 406,2024 621,2024 642,2016 883,2016 901,2024 1209,2024 1228,2014 1254,2014 1265,2013 1310,2013"/>
<TextEquiv><Unicode>Die gegenwärtige österreichische Pressgesetzgebung S. 53.</Unicode></TextEquiv>
</TextLine>

<TextLine id="line_35">
<Coords points="331,2033 431,2033 449,2034 502,2034 524,2033 617,2033 638,2033 793,2033 813,2036 883,2036 893,2033 920,2033 939,2043 966,2043 980,2035 1022,2035 1022,2062 980,2062 966,2069 939,2069 920,2061 893,2061 883,2062 813,2062 793,2062 638,2062 617,2062 524,2062 502,2062 449,2062 431,2062 331,2062 331,2033"/>
<Baseline points="331,2062 431,2062 449,2062 502,2062 524,2062 617,2062 638,2062 793,2062 813,2062 883,2062 893,2061 920,2061 939,2069 966,2069 980,2062 1022,2062"/>
<TextEquiv><Unicode>Traité des droits d’auteurs. tom. II p. 10.</Unicode></TextEquiv>
</TextLine>

<TextLine id="line_36">
<Coords points="333,2079 388,2079 406,2079 501,2079 519,2088 584,2088 605,2079 787,2079 824,2079 1001,2079 1016,2080 1086,2080 1104,2078 1132,2078 1142,2079 1188,2079 1188,2105 1142,2105 1132,2106 1104,2106 1086,2107 1016,2107 1001,2115 824,2115 787,2108 605,2108 584,2107 519,2107 501,2108 406,2108 388,2108 333,2108 333,2079"/>
<Baseline points="333,2108 388,2108 406,2108 501,2108 519,2107 584,2107 605,2108 787,2108 824,2115 1001,2115 1016,2107 1086,2107 1104,2106 1132,2106 1142,2105 1188,2105"/>
<TextEquiv><Unicode>Die Lehre vom Nachdruck. Heidelberg 1852 S. 44.</Unicode></TextEquiv>
</TextLine>

<TextLine id="line_37">
<Coords points="335,2125 604,2125 630,2125 689,2125 720,2125 926,2125 953,2124 1013,2124 1039,2123 1239,2123 1264,2120 1384,2120 1384,2150 1264,2150 1239,2152 1039,2152 1013,2153 953,2153 926,2154 720,2154 689,2154 630,2154 604,2160 335,2160 335,2125"/>
<Baseline points="335,2160 604,2160 630,2154 689,2154 720,2154 926,2154 953,2153 1013,2153 1039,2152 1239,2152 1264,2150 1384,2150"/>
<TextEquiv><Unicode>Friedländer, Der einheimische und ausländische Rechts-</Unicode></TextEquiv>
</TextLine>

<TextLine id="line_38">
<Coords points="196,2171 295,2171 316,2181 411,2181 431,2171 606,2171 624,2171 683,2171 702,2170 907,2170 923,2171 949,2171 961,2172 1005,2172 1025,2170 1132,2170 1152,2168 1297,2168 1306,2167 1384,2167 1384,2195 1306,2195 1297,2196 1152,2196 1132,2201 1025,2201 1005,2198 961,2198 949,2198 923,2198 907,2207 702,2207 683,2198 624,2198 606,2200 431,2200 411,2208 316,2208 295,2200 196,2200 196,2171"/>
<Baseline points="196,2200 295,2200 316,2208 411,2208 431,2200 606,2200 624,2198 683,2198 702,2207 907,2207 923,2198 949,2198 961,2198 1005,2198 1025,2201 1132,2201 1152,2196 1297,2196 1306,2195 1384,2195"/>
<TextEquiv><Unicode>schutz gegen Nachdruck und Nachbildung S. 21. Mohl, Kritische Zeit-</Unicode></TextEquiv>
</TextLine>

<TextLine id="line_39">
<Coords points="193,2216 296,2216 314,2216 333,2216 353,2215 661,2215 679,2216 732,2216 742,2216 820,2216 848,2215 919,2215 938,2215 951,2215 970,2216 1066,2216 1086,2215 1115,2215 1131,2216 1190,2216 1229,2213 1382,2213 1382,2246 1229,2246 1190,2242 1131,2242 1115,2243 1086,2243 1066,2252 970,2252 951,2242 938,2242 919,2245 848,2245 820,2244 742,2244 732,2245 679,2245 661,2244 353,2244 333,2245 314,2245 296,2245 193,2245 193,2216"/>
<Baseline points="193,2245 296,2245 314,2245 333,2245 353,2244 661,2244 679,2245 732,2245 742,2244 820,2244 848,2245 919,2245 938,2242 951,2242 970,2252 1066,2252 1086,2243 1115,2243 1131,2242 1190,2242 1229,2246 1382,2246"/>
<TextEquiv><Unicode>schrift f. Rechtswissenschaft Bd. XXV Heft I (1852) S. 113. Krauss,</Unicode></TextEquiv>
</TextLine>

<TextLine id="line_40">
<Coords points="193,2262 275,2262 292,2262 347,2262 363,2262 534,2262 546,2262 769,2262 789,2271 840,2271 853,2261 1089,2261 1108,2259 1162,2259 1170,2258 1381,2258 1381,2295 1170,2295 1162,2289 1108,2289 1089,2298 853,2298 840,2290 789,2290 769,2298 546,2298 534,2290 363,2290 347,2290 292,2290 275,2290 193,2290 193,2262"/>
<Baseline points="193,2290 275,2290 292,2290 347,2290 363,2290 534,2290 546,2298 769,2298 789,2290 840,2290 853,2298 1089,2298 1108,2289 1162,2289 1170,2295 1381,2295"/>
<TextEquiv><Unicode>Geist der österreich. Gesetzgebung zur Aufmunterung der Erfindungen.</Unicode></TextEquiv>
</TextLine>

<TextLine id="line_41">
<Coords points="192,2308 278,2308 298,2309 378,2309 378,2337 298,2337 278,2336 192,2336 192,2308"/>
<Baseline points="192,2336 278,2336 298,2337 378,2337"/>
<TextEquiv><Unicode>Wien 1838.</Unicode></TextEquiv>
</TextLine>

</TextRegion>
</Page>
</PcGts>