1600 2648
256 316 1364 359 Auch bei dieser Frage verfallen verschiedene Schriftsteller
169 368 1365 413 in den Fehler, dass sie als Maassstab für die Originalität der
168 420 1363 465 Production den Grad der künstlerischen Leistung annehmen,
168 473 1362 517 der als ein rein subjectiver durchaus ungeeignet ist, als juri-
168 524 1363 568 stisches Merkmal zu dienen. Sowie die Uebersetzungen eines
167 576 1362 620 A. W. v. Schlegel, obgleich literarische Meisterwerke in der Form,
168 629 1363 673 doch dem Inhalte nach nur als Reproductionen fremden geistigen
167 680 1364 725 Eigenthumes gelten können (Vergl. §. 37), während die elendeste
166 733 1361 776 Parodie, weil sie eigene Gedanken enthält, juristisch als ein Origi-
168 785 1362 828 nal zu gelten hat, so sind auch Arrangements, Auszüge und Trans-
168 837 1363 880 scriptionen allemal nur Copien — seien sie auch von einer
168 888 1361 932 Meisterhand ausgeführt — Variationen, Phantasien und Etüden
168 941 1364 985 dagegen sind Originalien, seien sie auch noch so stümperhaft
169 993 388 1037 geschrieben.
251 1045 1358 1088 Dieser Gesichtspunkt wird von der Preussischen Ge-
168 1097 1360 1141 setzgebung im Wesentlichen festgehalten. Das Gesetz vom 11.
168 1149 551 1184 Juni 1837 bestimmt:
255 1201 1356 1246 §. 20 »Einem verbotenen Nachdruck ist gleich zu achten,
210 1253 1358 1297 wenn Jemand von musikalischen Compositionen Auszüge,
210 1304 1359 1350 Arrangements für einzelne Instrumente, oder sonstige Bearbei-
210 1348 1385 1401 tungen, die nicht als eigenthümliche Compositionen betrachtet
211 1409 1358 1453 werden können, ohne Genehmigung des Verfassers herausgibt.«
255 1460 1360 1511 Hinsichtlich der Variationen bemerkt Hitzig , dass
167 1504 1360 1554 bei der Redaction des Gesetzes Zweifel entstanden seien, ob
168 1566 1360 1609 solche der Regel nach gleich veränderten Arrangements eines
168 1617 1358 1653 Musikstückes für einzelne Instrumente als Arbeiten zu betrach-
168 1670 1359 1714 ten seien, die ohne eigenthümliche Composition zu Stande ge-
167 1721 1360 1766 bracht werden könnten, oder ob nicht umgekehrt die Regel für
168 1773 1360 1818 die Eigenthümlichkeit der Composition im Gesetze ausgedrückt
166 1826 1360 1869 werden solle. Man hat sich jedoch bei dem schwankenden
168 1879 1359 1923 Unterschiede über die Natur des fraglichen Gegenstandes im
168 1931 1359 1974 Allgemeinen entschlossen, von dem Letzteren zu abstrahiren und
364 228 1152 267 V. Gegenstände. §. 17. Schriften (Fortsetzung).
172 229 224 257 174
167 2034 1359 2071 La différence que nous établissons entre un motif et un air consiste
168 2080 1359 2117 en ce que le motif est en général une partie d’un air, comme serait
169 2126 1359 2164 une phrase ou une pensée dans une composition littéraire, tandis que
166 2171 1264 2209 l’air est le développement d’un motif ou la réunion de plusieurs.
271 2217 1356 2254 Conventionalacte der deutschen Musikverleger vom 29. Mai 1829:
170 2262 1358 2300 »Die Melodie ist das ausschliessliche Eigenthum des Verlegers. (Kra-
167 2309 1045 2347 mer, Rechte der Schriftsteller und Verleger S. 112.)
319 2355 1329 2393 Das Königl. Preussische Gesetz vom 11. Juni 1837 etc. S. 79.
