1600 2648
153 280 1350 324 in dem ganzen oder halben Bruttoertrage der Aufführung be-
151 332 1351 375 steht und zu zwei Dritteln dem Autor, zu einem Drittel der
152 385 586 420 Ortsarmenkasse zufällt.
238 437 1353 480 Nach dem Bundesbeschlusse vom 22. April 1841 §§. 3 u. 4
151 488 1353 536 findet der Anspruch auf Entschädigung neben der Geldbusse
152 542 1355 585 nach näherer Festsetzung der Landesgesetze statt. Letztere
151 594 1353 637 bestimmen meist die zu leistende Entschädigung auf die volle
153 646 1352 690 Bruttoeinnahme der unbefugten Aufführung und lassen neben
151 698 1355 742 dieser Schadloshaltung, welche bereits den Character einer Strafe
153 750 1354 795 trägt, noch eine Geldstrafe eintreten, die jedoch nach Sächsi-
151 802 1360 848 schem Rechte nur statt der vorbezeichneten Schadloshaltung auf
150 855 882 899 den Antrag des Autors verhängt wird.
238 907 1352 944 Im Französischen Rechte kommen für die Entschädi-
151 960 1352 1006 gung des Verlagsberechtigten die allgemeinen Regeln des Ci-
151 1012 1353 1056 vilrechtes vom Schadensersatze in Anwendung. Das Gesetz
152 1065 1353 1100 vom 19. Juli 1793 bestimmte in dem Art. 4 u. 5 die Entschädi-
152 1116 1353 1160 gung für das Vergehen des Nachdrucks auf den Preis von 3000
153 1170 1353 1213 Exemplaren des nachgedruckten Werkes und für die Verbrei-
152 1222 1354 1265 tung des Nachdrucks auf den Preis von 500 Exemplaren. Diese
153 1274 1351 1318 Vorschriften, welche zugleich die Strafe des Nachdrucks ein-
153 1327 1354 1371 schlossen, sind indess durch die Bestimmungen des Code pénal
152 1380 1355 1421 ersetzt, welcher im Art. 427 den Nachdruck mit einer Geldbusse
153 1432 1352 1475 und mit der Confiscation der nachgedruckten Exemplare zum
153 1485 1353 1520 Vortheil des Autors bestraft und im Art. 429 den Nachdrucker
153 1537 1352 1582 und den Verbreiter zur Entschädigung des Verlagsberechtigten
153 1590 1351 1635 nach den allgemeinen Regeln verpflichtet, soweit der verur-
152 1642 1305 1686 sachte Schaden nicht bereits durch die Confiscation getilgt ist.
282 192 1219 229 IX. Verfolgung des Nachdrucks. §. 42. Entschädigung.
153 194 206 220 428
312 1774 1354 1812 Gesetz v. 11. Juni 1837 §. 34. Gesetz v. 20. Februar 1854
157 1820 588 1856 §. 3. Vergl. unten §. 43.
308 1865 1355 1902 Oesterreich. Gesetz v. 19. October 1846 §. 32. — Braunschweig.
154 1910 1355 1948 Gesetz v. 10. Februar 1842 §. 15 Nr. 3. — Sächs. Gesetz v. 27. Juli
158 1957 1066 1993 1846 §. 3. — Bayer. Gesetz v. 28. Juni 1865 Art. 46.
306 2003 1354 2040 Code pénal Art. 429. Dans les cas prévus par les articles pré-
154 2047 1355 2086 cedents, le produit des confiscations, ou des recettes confisquées sera
157 2094 1354 2132 remis an propriétaire pour l’imdemniser d’autant du préjudice qu’il aura
156 2140 1356 2177 souffert; le surplus de son indemnité ou l’entière indemnité, s’il n’y a
155 2185 1355 2223 eu ni vente d’objets confisqués, ni saisie de recettes sera règlé par les
154 2232 424 2260 voies ordinaires.
261 2276 1355 2313 Dass durch die Art. 427 bis 429 des Code pénal die oben ange-
153 2323 1349 2360 führten Vorschriften des Gesetzes vom 19. Juli 1793 aufgehoben sind,
