1600 2628
176 329 1358 422 lichen Aufzeichnung des Herkommens, oder
107 398 1357 482 in einer schriftlichen Beziehung auf dasselbe,
181 496 1360 557 geschähe sie auch von der Bundesversamm-
182 570 1078 636 lung oder der Staatsgewalt selbst.
689 1382 865 1458 §. 61.
18 1485 992 1567 4) Analogie.
285 1621 1380 1681 Zu den Quellen des teutschen Bundes-
192 1699 1381 1761 rechtes, gehört auch die Analogie a); eine,
195 1761 1373 1838 auf positive staatsrechtliche Bestimmungen
196 1850 1380 1911 für ähnliche, oder für entgegenge-
152 1923 1381 1989 setzte Fälle (auf Harmonie oder Disharmo-
193 1991 1401 2061 nie vertragmäsiger, oder gesetzlicher Prin-
200 2072 1380 2141 cipien, auf Argumente a simili aut contrario)
201 2146 1380 2222 gebaute Norm b). Sie ist I) Quelle, für alle
200 2214 1384 2292 Gegenstände jeder Art von positiven Bestim-
201 2276 1379 2356 mungen des öffentlichen Rechtes. Doch ist
200 2361 1419 2424 sie II) nicht anwendbar, so oft Verträge,
1267 203 1350 254 101
456 214 1011 296 öffentlichen Rechtes.
286 715 1109 759 Eckhard hermeneut. jur. lib. II. §. 101.
288 802 1367 842 Daher unterscheiden Manche: observantiam inductivam
292 859 1369 904 s. dispositivam (worunter die introductiva, suppletoria,
296 914 1373 960 correctiva, derogatoria, abrogativa begriffen sind), in-
294 966 1370 1015 dicativam et interpretativam. D. H. Kemmerich diss.
294 1024 1370 1076 de probatione consuetudinis et observantiae, Sect. I.
296 1093 1345 1139 §. 8 — 16.
290 1127 1373 1204 Die Uebertretung oder rechtlose Nichtbeobachtung einer
296 1210 1376 1261 vertragmäsigen oder gesetzlichen Norm, gehört nicht
278 1267 1326 1309 hieher. Sie wäre Miſsbrauch und Rechtsverletzung.
