1600 2636
604 1476 752 1520 §. 281.
116 1547 1251 1624 Vollständige und unvollständige, allgemeine und partiale.
184 1614 1306 1691 Die Neutralität, sowohl die freiwillige als
60 1694 1307 1763 auch die obligatorische, kann vollständig a)
60 1770 1307 1842 seyn, oder unvollständig (plena vel minus ple-
31 1854 1306 1900 na). Bei der ersten beobachtet der neutrale
60 1901 1305 1991 Staat gegen die kriegführenden Theile, in Hin-
63 1995 1306 2059 sicht auf die Kriegsverhältnisse, ein durchgängig
60 2073 1305 2128 gleiches Benehmen. In solchem Fall ist er be-
57 2143 1302 2204 rechtigt, von jedem derselben gleiche, volle
56 2204 1300 2275 Achtung und Anerkennung seiner Neutralität zu
57 2291 1322 2346 fordern; eine beschränkte nur, bei unvollstän-
43 2364 1299 2422 diger Neutralität. Das letzte ist der Fall, wenn
1225 167 1299 219 451
285 165 1064 219 II. Cap. Recht der Neutralität.
158 269 1303 317 Beispiele von eigenen NeutralitätsConventionen, in Moser’s
140 323 1306 370 Versuch, X, 1. 157—209. De Martens recueil, Supplé-
140 373 1306 419 ment, I. 216. Schmidlin l. c. §. 62. — Die Stadt Cracau
138 427 1312 478 ward für frei, unabhängig, und streng neutral erklärt, in
139 452 1307 526 dem von Oestreich, Ruſsland und Preussen zu Wien am
144 522 1306 589 3. Mai (21. Apr.) 1815 geschlossenen AdditionalVertrag; in
143 586 1306 629 Klüber’s Acten des wiener Congresses, Bd. V, S. 138 ff.,
144 611 1308 686 Bd. VI, S. 22. — Eben so ward auf dem wiener Congreſs
140 692 1311 737 eine immerwährende Neutralität der Schweiz festgesetzt und
142 746 1307 793 garantirt. Klüber’s angef. Acten, Bd. V, S. 318, u. Bd. VI,
142 799 1308 845 S. 181. Vergl. den Acte final du congrès de Vienne, art. 84
143 851 1308 897 et 92; ebendas. Bd. VI, S. 76 u. 78; und die Acte, wodurch
144 901 1307 943 diese Neutralität der Schweiz von den verbündeten Mächten
143 952 1308 998 anerkannt ward, datirt Paris den 20. Nov. 1815, in v. Mar-
142 1010 1057 1055 tens recueil, Supplém. VI. 740. VIII. 186. 189.
160 1077 1307 1135 Galiani a. a. O., B. I, Cap. 4, §. 4. Moser a. a. O. S.
143 1137 755 1179 154 f. Hoeufft diss. cit. §. 71.
158 1211 1308 1256 Beispiele von NeutralitätsVerordnungen in de Martens re-
146 1246 1306 1310 cueil, IV. 204. 216. 240. V. 234. 278. VII. 140. Schmidlin
146 1307 1307 1358 l. c. §. 63—65. Oestreichische von 1803, in d. Politischen
145 1370 593 1413 Journal, 1803, S. 879.
