<?xml version="1.0" encoding="UTF-8"?>
<PcGts xmlns="http://schema.primaresearch.org/PAGE/gts/pagecontent/2019-07-15" xmlns:xsi="http://www.w3.org/2001/XMLSchema-instance" xsi:schemaLocation="http://schema.primaresearch.org/PAGE/gts/pagecontent/2019-07-15 http://schema.primaresearch.org/PAGE/gts/pagecontent/2019-07-15/pagecontent.xsd">
<Metadata>
<Creator>KK-regJS2PAGE.py</Creator>
<Created>2021-01-18T15:28:32.380923</Created>
<LastChange>2021-01-18T15:28:32.380923</LastChange>
</Metadata>
<Page imageFilename="klueber_recht_1817_0769.png" imageWidth="1600" imageHeight="2628">
<TextRegion id="block_0" custom="structure {type:pageNum;}">
<Coords points="1202,245 1202,291 1305,291 1305,245 1202,245"/>
<TextLine id="line_0">
<Coords points="1202,245 1305,245 1305,291 1202,291 1202,245"/>
<Baseline points="1202,291 1305,291"/>
<TextEquiv><Unicode>745</Unicode></TextEquiv>
</TextLine>

</TextRegion>
<TextRegion id="block_1" custom="structure {type:header;}">
<Coords points="514,229 514,276 893,276 893,229 514,229"/>
<TextLine id="line_1">
<Coords points="514,229 893,229 893,276 514,276 514,229"/>
<Baseline points="514,276 893,276"/>
<TextEquiv><Unicode>Kirchenhoheit.</Unicode></TextEquiv>
</TextLine>

</TextRegion>
<TextRegion id="block_2" custom="structure {type:note;}">
<Coords points="232,344 232,408 233,402 233,464 233,457 201,457 201,523 201,513 232,513 232,577 232,587 369,587 369,634 369,625 232,625 232,692 231,681 231,746 233,739 233,814 230,805 230,863 230,862 230,925 229,935 229,996 234,994 234,1055 231,1050 231,1107 231,1105 231,1169 224,1191 224,1248 224,1247 224,1309 232,1315 232,1368 232,1369 232,1423 221,1424 221,1486 231,1477 231,1532 232,1539 232,1599 231,1594 231,1657 231,1650 231,1716 230,1715 230,1771 227,1790 227,1855 216,1846 216,1910 222,1928 222,1990 220,1985 220,2046 230,2051 230,2112 1292,2112 1292,2051 1292,2046 1292,1985 1295,1990 1295,1928 1206,1928 1206,1910 1206,1846 1295,1846 1295,1855 1295,1790 647,1790 647,1771 647,1715 1296,1715 1296,1716 1296,1650 1295,1657 1295,1594 1296,1599 1296,1539 1297,1532 1297,1477 1297,1486 1297,1424 1298,1423 1298,1369 1296,1368 1296,1315 1296,1309 1296,1247 1295,1248 1295,1191 1294,1169 1294,1105 1296,1107 1296,1050 1296,1055 1296,994 1296,996 1296,935 1214,935 1214,925 1214,862 1296,862 1296,863 1296,805 1294,814 1294,739 1293,746 1293,681 1296,692 1296,625 1295,634 1295,587 1295,577 1295,513 1292,523 1292,457 1312,464 1312,402 1293,408 1293,344 232,344"/>
<TextLine id="line_2">
<Coords points="232,344 296,344 310,352 437,352 449,362 615,362 647,364 766,364 771,375 825,375 855,354 883,354 916,362 993,362 1020,369 1101,369 1125,362 1293,362 1293,402 1125,402 1101,399 1020,399 993,396 916,396 883,399 855,399 825,407 771,407 766,398 647,398 615,408 449,408 437,401 310,401 296,389 232,389 232,344"/>
<Baseline points="232,389 296,389 310,401 437,401 449,408 615,408 647,398 766,398 771,407 825,407 855,399 883,399 916,396 993,396 1020,399 1101,399 1125,402 1293,402"/>
<TextEquiv><Unicode>Das königl. westphul. Decret v. 1. Dec. 1810 (Bulletin</Unicode></TextEquiv>
</TextLine>

<TextLine id="line_3">
<Coords points="233,402 287,402 317,411 385,411 416,420 459,420 494,421 535,421 552,414 593,414 632,416 842,416 872,427 972,427 1005,431 1039,431 1073,429 1146,429 1172,422 1312,422 1312,461 1172,461 1146,459 1073,459 1039,454 1005,454 972,460 872,460 842,464 632,464 593,457 552,457 535,455 494,455 459,452 416,452 385,449 317,449 287,438 233,438 233,402"/>
<Baseline points="233,438 287,438 317,449 385,449 416,452 459,452 494,455 535,455 552,457 593,457 632,464 842,464 872,460 972,460 1005,454 1039,454 1073,459 1146,459 1172,461 1312,461"/>
<TextEquiv><Unicode>des loix du R. de Westphalie 1810, n. 170. Rhein.</Unicode></TextEquiv>
</TextLine>

<TextLine id="line_4">
<Coords points="201,457 346,457 370,474 439,474 465,479 538,479 560,478 627,478 655,480 717,480 737,481 883,481 916,480 1049,480 1081,480 1147,480 1184,478 1292,478 1292,518 1184,518 1147,510 1081,510 1049,513 916,513 883,521 737,521 717,511 655,511 627,511 560,511 538,518 465,518 439,509 370,509 346,523 201,523 201,457"/>
<Baseline points="201,523 346,523 370,509 439,509 465,518 538,518 560,511 627,511 655,511 717,511 737,521 883,521 916,513 1049,513 1081,510 1147,510 1184,518 1292,518"/>
<TextEquiv><Unicode>Bund, LII. 93) hob alle Capitel, Klöster und geistl.</Unicode></TextEquiv>
</TextLine>

<TextLine id="line_5">
<Coords points="232,513 417,513 438,534 515,534 542,536 607,536 631,535 814,535 845,536 892,536 909,537 968,537 984,536 1046,536 1064,533 1295,533 1295,567 1064,567 1046,568 984,568 968,570 909,570 892,568 845,568 814,577 631,577 607,566 542,566 515,572 438,572 417,571 232,571 232,513"/>
<Baseline points="232,571 417,571 438,572 515,572 542,566 607,566 631,577 814,577 845,568 892,568 909,570 968,570 984,568 1046,568 1064,567 1295,567"/>
<TextEquiv><Unicode>Stiftungen auf, und vereinigte sie mit den StaatsDomä-</Unicode></TextEquiv>
</TextLine>

<TextLine id="line_6">
<Coords points="369,587 458,587 498,591 531,591 570,590 632,590 667,593 898,593 941,591 1133,591 1160,592 1202,592 1236,592 1295,592 1295,634 1236,634 1202,623 1160,623 1133,624 941,624 898,625 667,625 632,622 570,622 531,622 498,622 458,621 369,621 369,587"/>
<Baseline points="369,621 458,621 498,622 531,622 570,622 632,622 667,625 898,625 941,624 1133,624 1160,623 1202,623 1236,634 1295,634"/>
<TextEquiv><Unicode>nen. Auch in der östreichischen Monarchie ist der</Unicode></TextEquiv>
</TextLine>

<TextLine id="line_7">
<Coords points="232,625 414,625 440,644 650,644 664,647 735,647 762,648 937,648 967,649 1151,649 1177,653 1296,653 1296,686 1177,686 1151,691 967,691 937,689 762,689 735,682 664,682 650,688 440,688 414,692 232,692 232,625"/>
<Baseline points="232,692 414,692 440,688 650,688 664,682 735,682 762,689 937,689 967,691 1151,691 1177,686 1296,686"/>
<TextEquiv><Unicode>Grundsatz aufgestellt: das geistliche Vermögen unter-</Unicode></TextEquiv>
</TextLine>

<TextLine id="line_8">
<Coords points="231,681 309,681 327,698 388,698 406,703 741,703 787,708 954,708 984,708 1041,708 1062,718 1095,718 1121,707 1239,707 1265,717 1293,717 1293,738 1265,738 1239,743 1121,743 1095,740 1062,740 1041,741 984,741 954,742 787,742 741,746 406,746 388,731 327,731 309,732 231,732 231,681"/>
<Baseline points="231,732 309,732 327,731 388,731 406,746 741,746 787,742 954,742 984,741 1041,741 1062,740 1095,740 1121,743 1239,743 1265,738 1293,738"/>
<TextEquiv><Unicode>liegt der Staatsvorkehrung. Schriften für u. wider, s.</Unicode></TextEquiv>
</TextLine>

<TextLine id="line_9">
<Coords points="233,739 269,739 287,749 343,749 367,757 495,757 528,760 589,760 628,762 712,762 742,771 846,771 880,773 914,773 937,770 990,770 1023,781 1069,781 1104,764 1221,764 1243,764 1294,764 1294,802 1243,802 1221,808 1104,808 1069,790 1023,790 990,814 937,814 914,807 880,807 846,805 742,805 712,796 628,796 589,800 528,800 495,804 367,804 343,791 287,791 269,786 233,786 233,739"/>
<Baseline points="233,786 269,786 287,791 343,791 367,804 495,804 528,800 589,800 628,796 712,796 742,805 846,805 880,807 914,807 937,814 990,814 1023,790 1069,790 1104,808 1221,808 1243,802 1294,802"/>
<TextEquiv><Unicode>in der allgem. Lit. Zeit. 1812, n. 69. — Wider die</Unicode></TextEquiv>
</TextLine>

<TextLine id="line_10">
<Coords points="230,805 360,805 389,815 645,815 674,822 730,822 760,821 891,821 924,833 952,833 968,810 1134,810 1163,822 1296,822 1296,858 1163,858 1134,863 968,863 952,853 924,853 891,859 760,859 730,852 674,852 645,852 389,852 360,863 230,863 230,805"/>
<Baseline points="230,863 360,863 389,852 645,852 674,852 730,852 760,859 891,859 924,853 952,853 968,863 1134,863 1163,858 1296,858"/>
<TextEquiv><Unicode>analoge Erbsuccession des Fiscus, s. Majers Succes-</Unicode></TextEquiv>
</TextLine>

<TextLine id="line_11">
<Coords points="230,862 300,862 318,867 377,867 383,870 513,870 533,885 567,885 592,886 622,886 649,886 696,886 722,875 863,875 889,875 925,875 953,877 1039,877 1043,876 1142,876 1159,885 1214,885 1214,915 1159,915 1142,909 1043,909 1039,915 953,915 925,906 889,906 863,925 722,925 696,908 649,908 622,916 592,916 567,908 533,908 513,917 383,917 377,910 318,910 300,900 230,900 230,862"/>
<Baseline points="230,900 300,900 318,910 377,910 383,917 513,917 533,908 567,908 592,916 622,916 649,908 696,908 722,925 863,925 889,906 925,906 953,915 1039,915 1043,909 1142,909 1159,915 1214,915"/>
<TextEquiv><Unicode>sion des Fiscus u. s. w. (1786), S. 131, Note 72.</Unicode></TextEquiv>
</TextLine>

<TextLine id="line_12">
<Coords points="229,935 288,935 308,947 581,947 601,956 785,956 802,956 909,956 927,966 956,966 978,966 1007,966 1026,957 1066,957 1094,958 1250,958 1267,968 1296,968 1296,995 1267,995 1250,993 1094,993 1066,989 1026,989 1007,987 978,987 956,992 927,992 909,987 802,987 785,996 601,996 581,990 308,990 288,976 229,976 229,935"/>
<Baseline points="229,976 288,976 308,990 581,990 601,996 785,996 802,987 909,987 927,992 956,992 978,987 1007,987 1026,989 1066,989 1094,993 1250,993 1267,995 1296,995"/>
<TextEquiv><Unicode>Die Untrennbarkeit behauptet Roth a. a. O. Dawider s.</Unicode></TextEquiv>
</TextLine>

<TextLine id="line_13">
<Coords points="234,994 346,994 365,1020 392,1020 410,1023 440,1023 452,1015 491,1015 514,1031 559,1031 581,1011 898,1011 916,1002 1040,1002 1057,1013 1129,1013 1148,1011 1296,1011 1296,1049 1148,1049 1129,1043 1057,1043 1040,1054 916,1054 898,1052 581,1052 559,1055 514,1055 491,1047 452,1047 440,1046 410,1046 392,1043 365,1043 346,1046 234,1046 234,994"/>
<Baseline points="234,1046 346,1046 365,1043 392,1043 410,1046 440,1046 452,1047 491,1047 514,1055 559,1055 581,1052 898,1052 916,1054 1040,1054 1057,1043 1129,1043 1148,1049 1296,1049"/>
<TextEquiv><Unicode>Koch a. a. O. — Bedingungsweise spricht dem fremden</Unicode></TextEquiv>
</TextLine>

<TextLine id="line_14">
<Coords points="231,1050 319,1050 358,1068 410,1068 442,1070 663,1070 701,1077 764,1077 792,1066 942,1066 973,1060 1006,1060 1032,1067 1096,1067 1130,1066 1214,1066 1244,1077 1296,1077 1296,1100 1244,1100 1214,1099 1130,1099 1096,1101 1032,1101 1006,1102 973,1102 942,1102 792,1102 764,1104 701,1104 663,1107 442,1107 410,1101 358,1101 319,1099 231,1099 231,1050"/>
<Baseline points="231,1099 319,1099 358,1101 410,1101 442,1107 663,1107 701,1104 764,1104 792,1102 942,1102 973,1102 1006,1102 1032,1101 1096,1101 1130,1099 1214,1099 1244,1100 1296,1100"/>
<TextEquiv><Unicode>Staat ein Anfallsrecht zu, Brauer in den Abh. zu</Unicode></TextEquiv>
</TextLine>

<TextLine id="line_15">
<Coords points="231,1105 358,1105 382,1126 436,1126 456,1112 598,1112 621,1124 795,1124 820,1119 877,1119 901,1120 948,1120 970,1120 1113,1120 1141,1122 1175,1122 1199,1130 1239,1130 1256,1121 1294,1121 1294,1157 1256,1157 1239,1154 1199,1154 1175,1154 1141,1154 1113,1162 970,1162 948,1152 901,1152 877,1153 820,1153 795,1160 621,1160 598,1169 456,1169 436,1159 382,1159 358,1154 231,1154 231,1105"/>
<Baseline points="231,1154 358,1154 382,1159 436,1159 456,1169 598,1169 621,1160 795,1160 820,1153 877,1153 901,1152 948,1152 970,1162 1113,1162 1141,1154 1175,1154 1199,1154 1239,1154 1256,1157 1294,1157"/>
<TextEquiv><Unicode>Erläut. des westph. Friedens, Bd. II. (1784), S. 10 ff.</Unicode></TextEquiv>
</TextLine>

<TextLine id="line_16">
<Coords points="224,1191 288,1191 324,1205 499,1205 510,1233 523,1233 548,1213 616,1213 660,1206 843,1206 877,1195 1212,1195 1237,1207 1295,1207 1295,1240 1237,1240 1212,1248 877,1248 843,1244 660,1244 616,1246 548,1246 523,1240 510,1240 499,1245 324,1245 288,1232 224,1232 224,1191"/>
<Baseline points="224,1232 288,1232 324,1245 499,1245 510,1240 523,1240 548,1246 616,1246 660,1244 843,1244 877,1248 1212,1248 1237,1240 1295,1240"/>
<TextEquiv><Unicode>Das Heimfalls- und fiscalische OccupationsRecht des</Unicode></TextEquiv>
</TextLine>

<TextLine id="line_17">
<Coords points="224,1247 417,1247 439,1271 590,1271 613,1266 674,1266 690,1268 751,1268 779,1265 812,1265 837,1264 950,1264 991,1261 1181,1261 1207,1262 1296,1262 1296,1304 1207,1304 1181,1295 991,1295 950,1296 837,1296 812,1297 779,1297 751,1299 690,1299 674,1301 613,1301 590,1309 439,1309 417,1300 224,1300 224,1247"/>
<Baseline points="224,1300 417,1300 439,1309 590,1309 613,1301 674,1301 690,1299 751,1299 779,1297 812,1297 837,1296 950,1296 991,1295 1181,1295 1207,1304 1296,1304"/>
<TextEquiv><Unicode>Erzhauses Oestreich auf den in dessen Erbstaaten gele-</Unicode></TextEquiv>
</TextLine>

<TextLine id="line_18">
<Coords points="232,1315 334,1315 354,1321 577,1321 599,1325 664,1325 692,1321 900,1321 918,1321 975,1321 985,1315 1177,1315 1196,1330 1296,1330 1296,1354 1196,1354 1177,1361 985,1361 975,1352 918,1352 900,1365 692,1365 664,1368 599,1368 577,1368 354,1368 334,1368 232,1368 232,1315"/>
<Baseline points="232,1368 334,1368 354,1368 577,1368 599,1368 664,1368 692,1365 900,1365 918,1352 975,1352 985,1361 1177,1361 1196,1354 1296,1354"/>
<TextEquiv><Unicode>genen Besitzungen und Einkünften der durch den neue-</Unicode></TextEquiv>
</TextLine>

<TextLine id="line_19">
<Coords points="232,1369 300,1369 317,1390 323,1390 339,1370 883,1370 924,1376 1165,1376 1211,1381 1298,1381 1298,1409 1211,1409 1165,1410 924,1410 883,1423 339,1423 323,1397 317,1397 300,1402 232,1402 232,1369"/>
<Baseline points="232,1402 300,1402 317,1397 323,1397 339,1423 883,1423 924,1410 1165,1410 1211,1409 1298,1409"/>
<TextEquiv><Unicode>sten EntschädigungsReichsschluſs secularisirten teut-</Unicode></TextEquiv>
</TextLine>

<TextLine id="line_20">
<Coords points="221,1424 337,1424 358,1434 487,1434 512,1439 647,1439 665,1444 726,1444 758,1443 848,1443 879,1442 908,1442 932,1436 970,1436 992,1434 1028,1434 1048,1432 1220,1432 1239,1433 1297,1433 1297,1470 1239,1470 1220,1471 1048,1471 1028,1486 992,1486 970,1477 932,1477 908,1473 879,1473 848,1477 758,1477 726,1472 665,1472 647,1475 512,1475 487,1478 358,1478 337,1464 221,1464 221,1424"/>
<Baseline points="221,1464 337,1464 358,1478 487,1478 512,1475 647,1475 665,1472 726,1472 758,1477 848,1477 879,1473 908,1473 932,1477 970,1477 992,1486 1028,1486 1048,1471 1220,1471 1239,1470 1297,1470"/>
<TextEquiv><Unicode>schen Stifter, Klöster etc. 1803. 8. J. L. Klüber, das</Unicode></TextEquiv>
</TextLine>

<TextLine id="line_21">
<Coords points="231,1477 444,1477 451,1498 555,1498 578,1498 634,1498 662,1494 877,1494 911,1488 1043,1488 1074,1492 1117,1492 1146,1489 1297,1489 1297,1526 1146,1526 1117,1528 1074,1528 1043,1532 911,1532 877,1529 662,1529 634,1532 578,1532 555,1532 451,1532 444,1531 231,1531 231,1477"/>
<Baseline points="231,1531 444,1531 451,1532 555,1532 578,1532 634,1532 662,1529 877,1529 911,1532 1043,1532 1074,1528 1117,1528 1146,1526 1297,1526"/>
<TextEquiv><Unicode>OccupationsRecht des landesherrl. Fiscus, im Verhält-</Unicode></TextEquiv>
</TextLine>

<TextLine id="line_22">
<Coords points="232,1539 293,1539 311,1558 352,1558 375,1554 435,1554 460,1556 700,1556 733,1554 862,1554 894,1562 926,1562 959,1547 1128,1547 1159,1546 1296,1546 1296,1583 1159,1583 1128,1588 959,1588 926,1586 894,1586 862,1593 733,1593 700,1599 460,1599 435,1588 375,1588 352,1591 311,1591 293,1583 232,1583 232,1539"/>
<Baseline points="232,1583 293,1583 311,1591 352,1591 375,1588 435,1588 460,1599 700,1599 733,1593 862,1593 894,1586 926,1586 959,1588 1128,1588 1159,1583 1296,1583"/>
<TextEquiv><Unicode>niſs zu den Besitzungen, Renten u. Rechten, welche</Unicode></TextEquiv>
</TextLine>

<TextLine id="line_23">
<Coords points="231,1594 292,1594 316,1613 562,1613 570,1638 581,1638 605,1615 653,1615 677,1612 947,1612 976,1606 1161,1606 1183,1606 1295,1606 1295,1650 1183,1650 1161,1651 976,1651 947,1654 677,1654 653,1647 605,1647 581,1654 570,1654 562,1657 316,1657 292,1643 231,1643 231,1594"/>
<Baseline points="231,1643 292,1643 316,1657 562,1657 570,1654 581,1654 605,1647 653,1647 677,1654 947,1654 976,1651 1161,1651 1183,1650 1295,1650"/>
<TextEquiv><Unicode>den secularisirten, als Entschädigung gegebenen geistl.</Unicode></TextEquiv>
</TextLine>

<TextLine id="line_24">
<Coords points="231,1650 418,1650 439,1671 472,1671 494,1672 656,1672 681,1669 820,1669 839,1666 1040,1666 1066,1661 1222,1661 1241,1672 1296,1672 1296,1704 1241,1704 1222,1698 1066,1698 1040,1709 839,1709 820,1704 681,1704 656,1705 494,1705 472,1704 439,1704 418,1716 231,1716 231,1650"/>
<Baseline points="231,1716 418,1716 439,1704 472,1704 494,1705 656,1705 681,1704 820,1704 839,1709 1040,1709 1066,1698 1222,1698 1241,1704 1296,1704"/>
<TextEquiv><Unicode>Stiftungen in fremdem Gebiete zustanden, rechtlich ge-</Unicode></TextEquiv>
</TextLine>

<TextLine id="line_25">
<Coords points="230,1715 331,1715 355,1724 479,1724 501,1737 595,1737 617,1735 647,1735 647,1765 617,1765 595,1771 501,1771 479,1770 355,1770 331,1757 230,1757 230,1715"/>
<Baseline points="230,1757 331,1757 355,1770 479,1770 501,1771 595,1771 617,1765 647,1765"/>
<TextEquiv><Unicode>prüft. (Erl.) 1804. 8.</Unicode></TextEquiv>
</TextLine>

<TextLine id="line_26">
<Coords points="227,1790 264,1790 286,1803 357,1803 386,1812 710,1812 725,1812 837,1812 848,1808 951,1808 978,1807 1050,1807 1074,1803 1295,1803 1295,1849 1074,1849 1050,1839 978,1839 951,1848 848,1848 837,1851 725,1851 710,1855 386,1855 357,1839 286,1839 264,1829 227,1829 227,1790"/>
<Baseline points="227,1829 264,1829 286,1839 357,1839 386,1855 710,1855 725,1851 837,1851 848,1848 951,1848 978,1839 1050,1839 1074,1849 1295,1849"/>
<TextEquiv><Unicode>In dem Groſsherzogthum Baden durch eine Verordnung</Unicode></TextEquiv>
</TextLine>

<TextLine id="line_27">
<Coords points="216,1846 342,1846 370,1865 441,1865 464,1878 563,1878 588,1870 623,1870 649,1869 681,1869 717,1866 841,1866 866,1864 983,1864 1007,1859 1107,1859 1130,1864 1206,1864 1206,1901 1130,1901 1107,1893 1007,1893 983,1904 866,1904 841,1899 717,1899 681,1901 649,1901 623,1900 588,1900 563,1910 464,1910 441,1906 370,1906 342,1894 216,1894 216,1846"/>
<Baseline points="216,1894 342,1894 370,1906 441,1906 464,1910 563,1910 588,1900 623,1900 649,1901 681,1901 717,1899 841,1899 866,1904 983,1904 1007,1893 1107,1893 1130,1901 1206,1901"/>
<TextEquiv><Unicode>v. 22. Mai 1807, in d. Rhein. Bund, VIII. 236.</Unicode></TextEquiv>
</TextLine>

<TextLine id="line_28">
<Coords points="222,1928 459,1928 489,1951 638,1951 664,1945 840,1945 861,1942 917,1942 932,1942 984,1942 1001,1940 1133,1940 1151,1943 1295,1943 1295,1981 1151,1981 1133,1976 1001,1976 984,1974 932,1974 917,1976 861,1976 840,1985 664,1985 638,1984 489,1984 459,1990 222,1990 222,1928"/>
<Baseline points="222,1990 459,1990 489,1984 638,1984 664,1985 840,1985 861,1976 917,1976 932,1974 984,1974 1001,1976 1133,1976 1151,1981 1295,1981"/>
<TextEquiv><Unicode>Groſsherzogl. hadisches Regulativ für die kathol. Frauen-</Unicode></TextEquiv>
</TextLine>

<TextLine id="line_29">
<Coords points="220,1985 355,1985 387,2007 435,2007 466,2005 647,2005 684,2003 795,2003 817,2000 882,2000 917,1999 1292,1999 1292,2046 917,2046 882,2036 817,2036 795,2040 684,2040 647,2041 466,2041 435,2041 387,2041 355,2034 220,2034 220,1985"/>
<Baseline points="220,2034 355,2034 387,2041 435,2041 466,2041 647,2041 684,2040 795,2040 817,2036 882,2036 917,2046 1292,2046"/>
<TextEquiv><Unicode>klöster als weibliche Lehr- und ErziehungsInstitute,</Unicode></TextEquiv>
</TextLine>

<TextLine id="line_30">
<Coords points="230,2051 264,2051 284,2056 334,2056 358,2058 448,2058 469,2070 577,2070 608,2061 644,2061 662,2060 693,2060 717,2058 846,2058 869,2056 959,2056 977,2063 1083,2063 1113,2060 1216,2060 1237,2071 1292,2071 1292,2104 1237,2104 1216,2096 1113,2096 1083,2102 977,2102 959,2093 869,2093 846,2112 717,2112 693,2092 662,2092 644,2105 608,2105 577,2110 469,2110 448,2105 358,2105 334,2094 284,2094 264,2090 230,2090 230,2051"/>
<Baseline points="230,2090 264,2090 284,2094 334,2094 358,2105 448,2105 469,2110 577,2110 608,2105 644,2105 662,2092 693,2092 717,2112 846,2112 869,2093 959,2093 977,2102 1083,2102 1113,2096 1216,2096 1237,2104 1292,2104"/>
<TextEquiv><Unicode>v. 16. Sept. 1811, in d. Regier. Blatt 1811, Num. 25.</Unicode></TextEquiv>
</TextLine>

</TextRegion>
</Page>
</PcGts>