1600 2628
255 139 367 225 344
633 168 1090 231 II. Th. III. Cap.
380 282 1532 347 Für das Fürstenthum Schaumburg, lippischen Antheils,
378 340 1447 402 Verordn. v. 15. Jan. 1816, wegen Einführung land-
380 395 1456 459 ständischer Verfassung; in Klübers Staatsarchiv, Bd. I.,
386 456 1442 518 S. 67 ff. Der erste Landtag daselbst 1816; ebendas.
386 516 1444 573 S. 118 ff. — Bei der Theilung der Grafschaft Schaum-
383 567 1446 630 burg zwischen HessenCassel u. LippeAlverdissen, be-
383 628 1446 690 standen schaumburgische Landstände, die zuerst ge-
386 683 1452 748 meinschaftlich blieben, nachher aber sich freiwillig
385 741 1600 834 trennten, in dem lippischen Antheil späterhin ganz in Unthätigkeit geriethen, in dem hessischen hingegen sich
382 862 558 896 erhielten.
379 936 1443 996 Preussen versprach, in einer vom wiener Congreſs da-
384 998 1487 1077 tirten Verordn. v. 22. Mai 1815, eine RepräsentatiouRepräsentation
380 1057 1461 1106 des Volks; in den einzelnen Landestheilen sollen Pro-
382 1115 1442 1171 vinzialStände gebildet, und aus ihnen die Versammlung
386 1171 1439 1229 der LandesRepräsentanten gewählt werden, welche zu
378 1224 1500 1286 Berlin ihren Sitz haben soll. Klübers angef. Ueber-
378 1293 763 1335 sicht etc., S. 223 f.
382 1374 1477 1432 Wirtemberg kündigte, durch e. Patent v. 15. Jan. 1815,
379 1433 1439 1490 die Wiedereinführung einer landständ. Verfassung an,
356 1488 1478 1545 und legte am 15. März 1815 den einberufenen Landes-
374 1541 1447 1607 vertretern eine Constitution vor, über deren Inhalt,
318 1609 1441 1662 eigentlich über Wiedereinführung der altwirtembergi-
379 1663 1437 1719 schen Verfassung und deren Ausdehnung auf die neuen
383 1712 1437 1775 Landestheile, lang, aber ohne Erfolg unterhandelt ward.
373 1767 1449 1827 Klübers angef. Uebersicht etc., S. 226 ff. Verhand-
374 1829 1436 1886 lungen in d. Versamml. der Landstände des Königr.
369 1876 1437 1939 Wirtemberg, in d. J. 1815 u. 1816. Abth. I—XXVII.
372 1940 1445 1996 1815 u. 1816. 8. u. mehrere einzelne Druckschriften,
369 1993 1437 2054 auch Aufsätze in period. Blättern. — Von dem neuen
369 2047 1478 2105 König Wilhelm erschien: Entwurf der Verfassung für
368 2102 1436 2165 das Königreich Wirtemberg. Vom Könige der Stände-
370 2162 1437 2219 versammlung mitgetheilt. (3. März) 1817. Stuttg. 8.
363 2240 1433 2313 Holstein hatte, in Vereinigung mit Schleswig, bis 1712
365 2305 1434 2366 Landtage. Durch e. Erklärung v. 28. Jan. 1815, ward
