1600 2636
250 207 1524 285 stillstand, sind auch die Alliirten der kriegfüh-
249 290 986 357 renden Mächte begriffen d).
617 1499 1576 1558 II. CAPITEL.
384 1570 1368 1633 RECHT DER NEUTRALITÄT.
804 1703 955 1749 §. 279.
451 1777 1263 1843 Neutralität. Ihr Begriff und Umfang.
375 1856 1503 1933 Neutral (medius in bello, neutre) heiſst,
241 1936 1505 2046 wer keinem der kriegführenden Theile in dem
224 2009 1505 2083 Krieg Beistand leistet. Der, in dem Verhältniſs
247 2089 1505 2154 zu diesen, hieraus für ihn entspringende Zu-
248 2162 1507 2228 stand, wird Neutralität genannt a). Vermöge
243 2245 1504 2303 seiner natürlichen Freiheit, kann jeder Staat,
242 2318 1503 2375 bei Kriegen anderer Staaten, selbst dann wenn
250 113 324 159 448
353 92 1567 166 II. Th. II. Tit. Bedingte Rechte; in feindl. Verhältn.
357 383 1504 425 Moser’s Versuch, X. 2. 3 ff. IX. 2. 82. 140. De Martens
334 436 666 483 recueil, VII. 396.
354 491 1503 546 Der spanisch-niederländische von 1609 auf zwölf, der öst-
333 546 1509 606 reichisch-französisch-spanische von 1684 auf zwanzig Jahre.
334 594 1509 648 — Die osmanische Pforte glaubte ehehin, nach Grundsätzen
334 657 1504 699 des Islamismus, mit christlichen Mächten nur Waffenstill-
334 710 1502 755 stand schliessen zu dürfen. So der belgrader mit Oestreich,
324 764 1503 816 von 1739, auf sieben und zwanzig Jahre. Aber in der
332 790 1505 861 neuern Zeit schlieſst sie Frieden auch für beständig, wie
335 858 1503 916 die Friedensschlüsse zu Belgrad mit Ruſsland 1739, von Kai-
337 920 1500 968 nardschi 1774, Szistowe 1791, Jassy 1792, Bucharest 1812.
333 975 1503 1021 Moser’s Versuch, X. 2. 39 ff. v. Steck von den Friedens-
333 1029 1504 1077 schlüssen der osmanischen Pforte; in dessen Versuchen (von
337 1077 625 1129 1772), Num. 9.
349 1145 884 1191 Vattel a. a. O. §. 245. sqq.
358 1208 1505 1257 De Steck essais sur divers sujets de politique et de juris-
332 1262 657 1311 prudence, n° 3.
