1600 2544
271 283 1496 332 Bayeriſchen vom Kaiſer zu erlaſſen ſind . Im Uebrigen beſtehen
268 340 1391 384 unter den beiden erwähnten Kategorien folgende Unterſchiede:
364 395 1277 432 1. Die Militair- und Marine-Beamten.
360 451 1496 495 a) Die von ihnen im Heere oder in der Marine zu leiſten-
270 505 1498 551 den Dienſte ſind zwar keine Dienſte mit der Waffe, immerhin aber
271 561 1495 606 Militairdienſte, welche dem Organismus des Heeres und
271 615 1496 661 der Marine eingeordnet ſind. Die praktiſch wichtigſte und folgen-
270 671 1497 717 reichſte Conſequenz dieſes Satzes beſteht darin, daß die Militair-
270 726 1499 771 beamten einen militairiſchen Vorgeſetzten haben. Es giebt
271 780 1498 825 keine Militairbeamten, die nicht einem ſolchen untergeordnet wären,
271 835 1499 882 während es nicht weſentlich iſt, daß ſie einem höheren Beamten
271 888 1500 934 unterſtellt ſind. Demnach zerfallen die Militairbeamten wieder in
272 945 1499 992 zwei Klaſſen; in ſolche, die nur ihren vorgeſetzten Militairbefehls-
271 1000 1500 1047 habern untergeordnet ſind, und in ſolche, die in einem doppelten
273 1055 1498 1101 Unterordnungsverhältniß ſtehen, d. h. die neben ihrem Militair-
273 1111 1500 1157 Vorgeſetzten auch noch einen Militair-Beamten zum Vorgeſetzten
272 1166 1500 1212 haben. Zu den letzteren gehören die Auditeure und Aktuarien, die
274 1220 1502 1267 Militairgeiſtlichen und Küſter, die Intendantur-Beamten bei der
274 1275 1500 1321 Armee und ſämmtliche Marine-Beamten ; alle andern Militair-
273 1329 1499 1374 beamten ſind nur einem Militair-Vorgeſetzten unterſtellt . Aus
274 1384 1500 1430 dieſem Subordinations-Verhältniß folgt, daß alle Militair- und
276 1438 1501 1485 Marine-Beamten hinſichtlich der Disciplin, der Urlaubsertheilung,
275 1494 1500 1541 des Weges für dienſtliche Beſchwerden ähnlichen Vorſchriften unter-
275 1549 1184 1596 liegen, wie die Perſonen des Soldatenſtandes .
369 1605 1497 1653 Ein ſehr eigenthümlich complizirter Rechtszuſtand ergiebt ſich
275 1661 1501 1706 hieraus hinſichtlich der Disciplinar-Gewalt über Militair-
448 192 1348 239 §. 89. Die freiwillig übernommene Militairdienſtpflicht.
397 1807 1506 1845 Milit.Geſ. §. 7 Abſ. 1. Ueber die gegenwärtig geltenden Vorſchriften
276 1853 1506 1891 vgl. Frölich I S. 235 ff. Hinſichtlich der richterlichen Militair-Juſtizbeamten
277 1898 1505 1939 enthält das Mil.Geſ. a. a. O. die ausdrückliche Anordnung, daß dieſelben die
277 1944 1503 2007 Befähigung zur Bekleidung eines Richteramtes in einem Bundesſtaat erworben
277 1993 490 2030 haben müſſen.
401 2022 1503 2076 Im mobilen Zuſtande treten noch eine Anzahl anderer Beamter
278 2084 1505 2122 hinzu, die im Frieden zu den Civilbeamten der Militairverwaltung gehören.
399 2130 1505 2168 Vgl. die oben citirte „Klaſſifikation.“ Anmerkung Ziff. 1 (Bundes-
278 2176 643 2214 Geſetzbl. 1867 S. 289).
400 2223 1506 2260 Auch die Verpflichtung, während des Dienſtes in der Regel in der vor-
281 2268 1507 2305 geſchriebenen Dienſtuniform zu erſcheinen, kann hier erwähnt werden. Aus-
280 2314 907 2352 führlich hierüber Frölich I S. 205 ff.
