1600 2544
81 308 1291 361 ſion noch für den auf den Sterbemonat folgenden Monat bezahlt;
80 351 1309 409 im Falle der Bedürftigkeit kann dieſe Penſionszahlung auch an-
79 419 1309 464 deren Familienmitgliedern, deren Ernährer der Verſtorbene geweſen
81 474 1310 519 iſt, oder zur Deckung der Koſten der letzten Krankheit und Beer-
78 529 557 574 digung gewährt werden .
166 584 1264 628 2. Beſondere Beihülfen erhalten die Wittwen und Kinder
77 640 1306 685 ſowie hülfsbedürftige Eltern und Großeltern derjenigen Militair-
77 696 744 740 perſonen  der Feldarmee , welche
168 751 1309 796 a) im Kriege geblieben oder an den erlittenen Verwundungen
81 805 975 850 während des Krieges oder ſpäter geſtorben ſind,
168 860 1309 906 b) im Laufe des Krieges erkrankt oder beſchädigt und in
81 914 1308 961 Folge deſſen vor Ablauf eines Jahres nach dem Friedensſchluß
79 969 353 1013 verſtorben ſind,
170 1025 1310 1071 c) welche durch Schiffbruch verunglückt oder in Folge einer
78 1080 1310 1125 militairiſchen Aktion oder der klimatiſchen Einflüſſe auf Seereiſen
77 1135 1308 1181 oder innerhalb Jahresfriſt nach der Rückkehr in den erſten heimath-
76 1189 639 1236 lichen Hafen verſtorben ſind .
78 1281 1305 1333 VII. Geltendmachung der Verſorgungsanſprüche.
166 1355 1306 1401 Die Anſprüche auf Penſionen, Beihülfen und Bewilligungen
74 1409 1305 1456 auf Grund des Militair-Penſionsgeſetzes  ſind in erſter Reihe bei
170 206 1223 264 §. 91. Die Verſorgung der Militairperſonen und ihrer Hinterbliebenen
1245 230 1309 262 309
74 1528 1301 1571 amtengeſetzes Anwendung. Siehe Bd. I S. 473. Stirbt ein Offizier, der
69 1573 1299 1614 im aktiven Dienſt ſich befindet, ſo erhalten die Hinterbliebenen das Gna-
69 1620 1301 1664 dengehalt. Geldverpfl.Regl. §. 22, vgl. oben S. 227 und über Kapi-
67 1665 401 1696 tulanten S. 243.
190 1712 1102 1751 Penſ.Geſ. §. 39. 40. Nov. v. 4. April 1874 §. 5. 14. 21.
187 1758 1300 1802 Unter „Kindern“ ſind nur die aus rechtmäßiger Ehe hervorgegangenen
64 1804 1297 1846 zu verſtehen. Erk. des oberſt. Gerichtshofes zu München v. 12. Juli 1875
63 1848 1008 1891 (Hauſers Zeitſchrift f. Reichs- und Landesrecht III S. 302).
187 1895 1298 1936 Dieſe Beſtimmungen finden auch auf die Hinterbliebenen
64 1941 1131 1982 der Militairbeamten Anwendung. Penſ.Geſ. §. 56. 94.
183 1986 1297 2031 Der Begriff der Feldarmee beſtimmt ſich nach Penſ.Geſ. §. 45. (94. Abſ. 3.)
184 2033 1295 2077 Penſ.Geſ. §. 41. 42. 52. 94 ff. Daſelbſt ſind die Beträge der zu ge-
62 2079 1294 2122 währenden Beihülfen feſtgeſetzt. Zu den Anordnungen der §§. 94 ff. ſind vom
63 2124 1294 2168 Preuß. Kriegs- und Marineminiſter in Gemeinſchaft mit dem Miniſter des
64 2170 1297 2214 Innern und dem Finanzminiſter Ausführungsbeſtimmungen v.
64 2217 1297 2257 18. Oktob. 1871 ergangen. Sie ſind gedruckt im A.V.Bl. 1871 S. 292 u. in
64 2261 819 2303 den „Militair-Geſetzen“ Bd. II Abth. 5 S. 135.
180 2309 1293 2350 Bei den Militairbeamten iſt daher zu unterſcheiden zwiſchen dem An-
64 2354 1293 2398 ſpruch auf die eigentliche Penſion auf Grund des Reichsbeamtengeſetzes und
