1600 2527
125 244 1361 290 waren zum Theil ſchon während des Zollvereins vereinbart.
128 299 1362 344 Gegenwärtig werden auf gemeinſchaftliche Koſten, d. h. aus Mit-
131 354 1365 399 teln des Reiches beſtritten die Beſoldungen, Zulagen und andern
132 408 1366 454 Bedürfniſſe der Reichsbevollmächtigten und Stationskontroleure,
127 464 1358 509 die Ausgaben für das Zoll- und Steuer-Rechnungsbüreau und
128 518 1364 565 das ſtatiſtiſche Amt und insbeſondere die durch den Einſchluß der
126 573 1363 618 Unterelbe in das Zollgebiet erwachſenen fortdauernden Koſten der
127 627 1359 675 Begleitung und Ueberwachung, welche zwar von Preußen beſtritten,
125 683 1366 730 in der Pauſchſumme Preußens aber mit in Anſatz gebracht werden .
217 738 1364 785 2. Hinſichtlich der Salzſteuer beſtimmt Art. 38 der R.V. ,
125 793 1363 839 daß nur diejenigen Koſten, welche zur Beſoldung der mit Erhe-
123 846 1364 894 bung und Kontrolirung dieſer Steuer auf den Salzwerken
125 901 1362 949 beauftragten Beamten aufgewendet werden, in Abzug zu bringen
127 956 1364 1003 ſind . Es iſt daher hier vollkommen daſſelbe Prinzip, wie bei
127 1012 1360 1057 den Zöllen analog zur Anwendung gebracht worden und auf die
125 1066 890 1111 vorſtehenden Ausführungen zu verweiſen.
216 1122 1360 1168 3. Hinſichtlich der übrigen Steuern hat Art. 38 der
126 1177 1359 1225 R.V. ein anderes Prinzip für die Schadloshaltung der Einzel-
124 1230 1355 1278 ſtaaten adoptirt. Es iſt nicht ein Normaletat veranſchlagt und
124 1287 1359 1333 der Betrag deſſelben den einzelnen Bundesgliedern als Pauſch-
124 1339 1357 1389 ſumme bewilligt worden, ſondern mit Rückſicht auf die ſchwanken-
125 1396 1360 1443 den, von Ernte-Ergebniſſen, Handelsconjuncturen und anderen
126 1450 1358 1498 nicht vorauszuſehenden Einflüſſen abhängigen Erträge dieſer Steuern,
126 1505 1361 1552 welche auf die für ihre Erhebung und Kontrole erforderlichen
128 1560 1362 1608 Koſten einen unmittelbaren Einfluß ausüben, und mit Rückſicht
128 1615 1358 1665 auf die Art und Weiſe der Erhebung und Kontrole iſt den Einzel-
128 1670 1357 1720 ſtaaten eine Tantième des von ihnen erhobenen Steuerquantums
125 1725 1357 1771 bewilligt worden. Daſſelbe iſt bei der Branntwein- und Bier-
125 1781 1359 1829 ſteuer verfaſſungsmäßig auf 15 Prozent der Geſammteinnahme
1293 164 1361 198 297
260 162 1227 199 §. 115. Das Rechtsverhältniß zwiſchen den Einzelſtaaten ꝛc.
245 1918 1357 1959 Die Frage, ob der Bundesrath befugt ſei, die Pauſchſumme um der-
124 1964 1357 2005 artige Beträge zu erhöhen, iſt ſehr ſtreitig. Dagegen erklärt ſich Delbrück
123 2011 1357 2052 a. a. O. S. 73; indeß iſt ihm wol kaum der Beweis feſter Grenzen für die
123 2056 1358 2098 Befugniß des Bundesrathes gelungen. Vgl. auch die Verhandlungen des
122 2104 1078 2143 Reichstages v. 1881/82 Stenogr. Berichte S. 635 ff. 655 ff.
242 2150 1357 2188 in Uebereinſtimmung mit Art. 3 der Uebereinkunft vom 8. Mai 1867
122 2195 1200 2234 und des Art. 11 Abſ. 2 Ziff. 3 litt. b des Zollvereins.V. v. 1867.
244 2240 1356 2283 Die Vergütungsſätze für die Beſoldung der Salzſteuerbeamten ſind
123 2285 1356 2328 durch Bundesrathsbeſchluß v. 14. Dez. 1872 normirt worden. v. Aufſeß S. 785.
