1600 2580
103 280 1362 326 gebiet; denn das Reich kann nur innerhalb ſeines Gebietes die
102 336 1361 384 rechtlichen Grenzen und Schranken der Gewerbefreiheit beſtimmen .
105 392 1363 438 Gegenſtände, welche im Reichsgebiet den Patentſchutz genießen, kann
105 448 1363 494 man unbehindert durch denſelben vom Auslande beziehen; nur darf
106 504 1361 551 man ſie nicht gewerbsmäßig in Verkehr bringen oder feilhalten .
105 559 1362 605 Sie ſind ferner zeitlich beſchränkt auf die Dauer von fünfzehn
105 615 1361 660 Jahren von dem Tage an, welcher auf die Anmeldung der Er-
105 671 1364 717 findung folgt . Der Patentſchutz wird aber auch für dieſe Zeit
106 726 1362 771 nur gewährt, wofern der Berechtigte mit Beginn des zweiten und
104 781 1362 827 jeden folgenden Jahres eine Gebühr entrichtet, welche das erſte
107 836 1364 881 Mal 50 Mark beträgt und weiterhin jedes Jahr um 50 Mark
104 891 1362 937 ſteigt . Es wird dadurch verhütet, daß Beſchränkungen der Ge-
105 946 1362 994 werbefreiheit fortdauern, welche für den Patentinhaber einen ge-
105 1002 995 1048 ringen oder gar keinen Vermögenswerth haben.
197 1058 1362 1106 Wenn der Patentinhaber die für ihn geſchützte Erfindung durch
106 1112 1362 1161 eine andere verbeſſert, ſo hat er die Wahl, entweder ein Zuſatz-
105 1169 1362 1214 patent zu nehmen, für welches er außer den Koſten für die An-
105 1224 1363 1274 meldung keine Gebühren zu entrichten hat, welches aber mit dem
105 1280 1364 1325 Patente für die ältere Erfindung ſein Ende erreicht ; oder für
106 1335 1364 1381 die Verbeſſerung ein ſelbſtſtändiges Patent zu nehmen und dafür
106 1386 789 1434 die vollen Gebühren zu entrichten.
200 1445 1433 1496 Die Wirkungen des Patentes ſind ferner ausgeſchloſſen gegen
108 1500 1419 1546 denjenigen, welcher bereits zur Zeit der Anmeldung des Patent-
104 1556 1364 1602 inhabers die Erfindung im Inlande in Benutzung genommen oder
104 1612 1360 1658 die zur Benutzung erforderlichen Veranſtaltungen getroffen hatte .
1292 193 1359 226 483
371 188 1092 231 §. 76. Die Verwaltung des Gewerbeweſens.
1053 2398 1123 2431 31*
226 1704 680 1741 Kloſtermann S. 140 fg.
231 1750 1363 1788 Motive S. 21. Aus demſelben Grunde iſt der Tranſit von patent-
109 1797 1362 1834 widrig Waaren durch deutſches Reichsgebiet nicht für verboten zu erachten,
105 1842 1363 1881 wie Gareis S. 98 und Kloſtermann S. 156 annehmen; denn die Durch-
107 1888 1363 1928 fuhr von Waaren bringt dieſelben nicht im Reichsgebiet in Verkehr; ſie
106 1935 1145 1973 vermittelt nur den Verkehr zwiſchen zwei ausländiſchen Gebieten.
229 1982 1358 2020 Patentgeſ. §. 7. Alſo nicht von dem Tage der Ausfertigung des Pa-
107 2032 260 2060 tentes an.
232 2074 1361 2112 ebendaſ. §. 8 Abſ. 2. Im Falle der Bedürftigkeit können die Gebühren
106 2120 1361 2160 für die erſten beiden Jahre bis zum dritten Jahre geſtundet, und wenn das
106 2167 1362 2206 Patent im dritten Jahre erliſcht, erlaſſen werden. Ein rechtlicher Anſpruch auf
106 2213 1362 2252 Erlaß oder Stundung iſt auch im Falle der Bedürftigkeit nicht begründet.
106 2261 380 2292 Gareis S. 135.
227 2307 476 2344 Patentgeſ. §. 7.
227 2351 1355 2391 Patentgeſ. §. 5 Abſ. 1. War die Benutzung bereits eine verbreitete
