1600 2580
244 268 1497 318 in Betreff des bürgerlichen Rechts, des Strafrechts und des ge-
243 324 1494 376 richtlichen Verfahrens iſt nach Art. 4 Z. 13 der R.-V. (Geſ. v.
246 379 1495 431 20. Dez. 1873) die Kompetenz des Reiches beſchänkt auf „die ge-
244 436 1496 486 meinſame Geſetzgebung“. Darnach iſt die Fortbildung und Um-
246 492 1497 544 geſtaltung eines einzelnen Landrechts oder Partikularrechts durch
246 547 1499 598 die Reichsgeſetzgebung verfaſſungsmäßig ausgeſchloſſen . Soweit
244 604 1498 654 indeß partikuläre Rechtsſätze mit den allgemeinen von der Reichs-
246 659 1497 711 geſetzgebung befolgten Prinzipien und Tendenzen im Widerſpruch
245 715 1496 765 ſtehen, ohne daß ſie durch den Wortlaut der Reichsgeſetze als auf-
246 769 1497 822 gehoben zu erachten ſind, ſteht es dem Reiche zu, ſie durch be-
244 827 828 876 ſondere Geſetze zu beſeitigen .
340 881 1496 930 Der Satz, daß Reichsgeſetze auch für Theile des Bundes-
247 937 1496 990 gebietes erlaſſen werden können, findet folgende ſpezielle Anwen-
247 997 465 1044 dungs-Fälle:
344 1048 1498 1098 1) Ein Landesgeſetz kann zum Reichsgeſetz erklärt werden,
247 1104 1499 1156 ohne Erweiterung ſeines Geltungsgebietes. Dadurch wird in den
248 1159 1497 1211 geltenden Rechtsſätzen ſelbſt nichts geändert, ſondern nur der lan-
247 1215 1498 1266 desherrliche Befehl, dieſe Sätze als Rechtsregeln zu befolgen, durch
247 1270 1498 1320 den Befehl des Reiches erſetzt. Dies hat die Wirkung, daß der
247 1325 1423 1377 Einzelſtaat dieſes Geſetz weder aufheben noch verändern kann.
340 1381 1497 1433 Hievon iſt aber wohl zu unterſcheiden der überaus häufige
247 1436 1498 1490 Fall, daß in einem Reichsgeſetz hinſichtlich gewiſſer Pnnkte auf die
248 1492 1499 1543 Landesgeſetze verwieſen, dieſelben für anwendbar erklärt, oder in
246 188 289 219 98
538 176 1185 216 §. 60. Die Wirkungen der Reichsgeſetze.
248 1593 1501 1640 dieſelben Gebiete und Nordheſſen; Geſ. v. 1. Juli 1869 (B.-G.-Bl. S. 376)
249 1642 1020 1686 für Theile des Hamburgiſchen Gebietes u. ſ. w.
371 1688 1501 1729 Vgl. darüber Heinze S. 142 fg. und derſelbe in den Erörterun-
249 1733 1504 1779 gen zum Entw. des St.-G.-B. (1870) S. 18 fg. Die von ihm gezogenen Con-
248 1779 1502 1824 ſequenzen gehen aber zu weit. Vgl. Rüdorff, Kommentar zum St.-G.-B.
251 1832 521 1871 (2. Aufl.) S. 55.
374 1872 1502 1914 Ein Beiſpiel liefert das Geſ. v. 4. Nov. 1874 (R.-G.-Bl. S. 128),
249 1917 1504 1963 welches Beſtimmungen des Lüb. Rechts und Roſtocker Stadtrechts aufhob, die
250 1964 1503 2007 mit den Prinzipien der Gewerbe-Ordnung nicht im Einklang ſtanden. Eben-
250 2010 1503 2057 ſo iſt dem Reiche wol nicht die Befugniß zu beſtreiten, Landesgeſetze auf-
250 2056 1504 2103 zuheben oder für nichtig zu erklären, welche ſich mit der gemeinſamen Geſetz-
251 2102 1505 2149 gebung des Reichs in Bezug auf bürgerliches Recht, Strafrecht oder gericht-
250 2149 1505 2195 liches Verfahren in Widerſpruch befinden. Dadurch kann das Reich Ueberſchrei-
250 2195 1504 2240 tungen der den Einzelſtaaten zuſtehenden Autonomie beſeitigen und unſchädlich
250 2242 1504 2286 machen. Ein ſolches Geſetz wäre nicht Normirung des Partikularrechts, ſon-
251 2288 1499 2332 dern Schutz des gemeinſamen Rechts. Abweichender Anſicht iſt Heinze
253 2342 375 2374 S. 143.
