1600 2610
366 177 945 216 §. 7. Das Reich als Rechtsſubject.
24 270 1294 319 für dieſe Auffaſſung nicht nur keine Gründe beigebracht, ſondern
25 326 1295 376 der Wortlaut des Bündnißvertrages vom 16. Auguſt 1866, die
25 382 1294 433 Beſchränkung der Dauer des Bündniſſes auf längſtens ein Jahr,
27 438 1295 490 die Mitwirkung eines Reichstages bei Feſtſtellung der Verfaſſung,
24 494 441 541 ſtehen ihr entgegen .
121 551 1295 603 Auch aus den Vorgängen bei Gründung des Deutſchen Rei-
26 607 1294 660 ches iſt Nichts zu entnehmen, was für ein vertragsmäßiges Ver-
28 664 1295 714 hältniß der Mitglieder zu einander in das Gewicht fiele. Die
26 720 1293 774 November-Verträge begründeten allerdings vertragsmäßige Rechte
25 777 1295 831 und Pflichten der Contrahenten; aber der Inhalt derſelben bezog
26 833 1294 887 ſich nur auf den Eintritt und die Aufnahme der ſüddeutſchen
29 890 1292 943 Staaten in den unter den Norddeutſchen Staaten bereits beſtehen-
26 943 1289 999 den Bund. Mit dem erfolgten Eintritt waren dieſe vertragsmä-
28 1000 1291 1053 ßigen Rechte und Pflichten durch Erfüllung erloſchen . Jeden-
25 1056 1288 1112 falls wurde das für die Norddeutſchen Staaten bereits beſtehende
26 1113 1288 1169 Bundesverhältniß nicht in ſeiner rechtlichen Natur verändert,
23 1167 1293 1222 ſondern nur erweitert; hatte daher der Norddeutſche Bund den
25 1224 1290 1279 Charakter eines Staates, ſo kommt derſelbe auch dem zum Deut-
23 1279 1291 1338 ſchen Reiche erweiterten Bunde zu . Endlich wird die Annahme,
23 1335 1291 1394 daß die Abſicht der vertragſchließenden Theile auf die Begründung
24 1391 1288 1449 eines völkerrechtlichen Verhältniſſes von fortdauernd vertragsmä-
23 1446 1289 1507 ßigem Charakter gerichtet war, durch die Thatſache widerlegt, daß
24 1502 1291 1563 die definitive Redaction der Grundſätze, über welche man ſich bei
27 1558 1292 1617 den Verhandlungen über die Aufnahme der ſüddeutſchen Staaten
25 1617 1290 1672 geeinigt hatte, nicht in der Form eines Vertrages, ſondern in der
23 1672 866 1726 Form eines Verfaſſungs-Geſetzes erfolgte .
113 1730 1288 1785 Man kann ſich daher auch nicht auf den Eingang der Ver-
23 1785 1286 1844 faſſung berufen, um die Vertragsnatur des Reiches darzuthun.
23 1842 1287 1902 Derſelbe conſtatirt nur, daß die Gründung des Reiches durch
22 1897 1289 1956 den freien ungezwungenen Willen der ſouveränen Staaten, in
22 1953 1289 2012 Folge eines unter ihnen abgeſchloſſenen Vertrages ſtattgefunden
20 2008 1331 2070 hat . Man darf aber nicht das Rechtsverhältniß, welches zur
1252 184 1293 216 61
145 2170 879 2213 Vgl. Hänel S. 69 ff. und oben S. 19. 26.
146 2218 437 2256 Siehe oben S. 43.
143 2265 435 2305 Hänel S. 79 fg.
145 2312 804 2354 Hänel S. 89. Siehe oben S. 49. 50.
145 2360 700 2401 v. Mohl Reichsſtaatsrecht S. 49.
