1600 2544
232 266 1465 312 je auf ein bis zwei Jahre in die Preußiſche Armee und Preußiſche
232 322 1462 368 Offiziere in das Sächſiſche und Württembergiſche Armeekorps kom-
232 377 575 421 mandirt werden .
323 432 1465 479 Denjenigen Bundesfürſten, welche mit Preußen Militair-Kon-
231 488 1463 535 ventionen abgeſchloſſen haben, iſt meiſtens  zugeſichert worden,
232 543 1463 590 daß bei Verſetzungen und Anſtellungen von Offizieren und Militair-
232 599 1465 648 beamten, die ihre Kontingente betreffen, ihre Wünſche, ſoweit
231 655 1464 701 thunlich, Berückſichtigung finden ſollen . Es iſt dies ein Reſt
230 710 1046 755 ihres verfaſſungsmäßigen Ernennungsrechts.
322 764 1463 810 c) Obgleich formell das Dienſtverhältniß der Offiziere,
233 819 1463 865 Aerzte und Beamten des Heeres (nicht der Marine) ein Rechts-
233 873 1463 921 verhältniß zwiſchen dieſen und den Kontingentsherren iſt, ſo iſt
232 929 1463 975 dasſelbe doch in allen weſentlichen Beziehungen materiell vom
232 983 1463 1032 Reich normirt . Dieſe einheitliche Regelung erſtreckt ſich auf die
232 1039 1463 1086 Qualifikation und die Grundſätze über das Aufrücken in höhere
234 1094 1463 1142 Stellen, auf die dienſtlichen Obliegenheiten und Befugniſſe, auf die
223 1148 1464 1196 Disciplinar- und Rechtsvorſchriften, auf die Dienſtentlaſſung, auf
234 1204 1461 1253 die perſönlichen Anſprüche auf Gehalt, Servis, Penſion u. ſ. w. .
234 1260 1461 1306 Dem entſprechend ſind die pekuniären Anſprüche der Offiziere ꝛc.
233 1313 1464 1362 formell Forderungen gegen den Fiskus des Staates, in deſſen
234 1368 1464 1416 Dienſt ſie ſtehen, materiell aber erfolgt die Befriedigung derſelben
236 1428 606 1471 aus der Reichskaſſe.
327 1479 1464 1527 3. Zu den Rechten des militairiſchen Dienſtherrn gehört nach
234 1536 1464 1582 der hiſtoriſchen Entwicklung des Militairrechts die Gerichts-
233 1591 1464 1638 herrlichkeit in Strafſachen; dieſelbe ſteht daher den Kon-
234 1647 1465 1694 tingentsherren rückſichtlich ihrer Truppentheile zu . Die Aus-
445 184 1249 222 §. 81. Die Militairhoheitsrechte der Einzelſtaaten.
234 187 276 219 68
365 1729 1274 1768 Sächſ. Mil.Konv. Art. 4. Württemb. Mil.-Konv. Art. 8.
360 1774 1465 1814 ſoweit nämlich ihre Kontingente nicht ganz aufgelöſt, ſondern dem
238 1822 963 1860 Preuß. Armeeverbande eingefügt worden ſind.
355 1865 1466 1903 Militair-Konventionen mit Heſſen Schlußprotok. Art. 1. Baden
233 1911 1466 1951 Art. 7. Mecklenburg (von 1868) Art. 11. Oldenburg Art. 7. Thü-
233 1959 1073 1998 ringen Art. 10 Abſ. 1. Anhalt Art. 10 Abſ. 1.
355 2004 1467 2043 Eine Analogie bieten die ſelbſtſtändigen Poſtverwaltungen im Reiche.
234 2050 1467 2088 Wer in Bayern oder Württemberg einen Brief zur Poſt giebt, ſchließt zwar
233 2095 1466 2134 ein Rechtsgeſchäft mit der Bayeriſchen oder Württembergiſchen Poſtverwaltung
234 2141 1466 2181 ab, das daraus hervorgehende Rechtsverhältniß iſt aber materiell geregelt durch
232 2190 543 2227 das Reichspoſtgeſetz.
354 2233 1461 2272 Reichsverf. Art. 61. 63. Milit.-Geſ. §. 4. 7. 8. Das Einzelne ſiehe
232 2282 493 2318 unten §. 89. 91.
354 2328 919 2364 Vgl. Württemb. Mil.-Konv. Art. 5.
