1600 2610
467 194 1288 232 §. 35. Die ſelbſtſtändigen Reichs-Finanzbehörden.
245 288 1514 336 angeordnet theils durch das Preuß. Geſetz vom 27. März 1872
244 344 1514 391 §. 8  theils durch die Inſtruktion vom 5. März 1875 §. 8 .
244 401 1516 448 Es finden daher regelmäßige Sitzungen des Kollegiums ſtatt, bei
243 457 1509 502 denen die Mitglieder zu erſcheinen verpflichtet ſind. Die Ab-
244 514 1516 561 ſtimmungen erfolgen in der durch das Dienſtalter beſtimmten
245 571 1514 617 Reihenfolge, ſo daß zuerſt der jüngſte Rath und zuletzt der Vor-
244 626 1516 676 ſitzende ſeine Stimme abgiebt. Ueber die Stellung der Fragen
243 682 1517 729 ſowie über das Ergebniß der Abſtimmung entſcheidet im Falle
243 739 1518 785 einer Meinungsverſchiedenheit das Kollegium. Bei getheilten
245 795 1518 840 Stimmen bleibt es der Minderheit oder den einzelnen Mitgliedern
247 851 1518 897 derſelben überlaſſen, ihr abweichendes Votum ſchriftlich zu begrün-
251 907 1520 953 den und den betreffenden Akten beizufügen . Der Präſident iſt
245 963 1517 1011 berechtigt, die Ausführung eines Beſchluſſes des Kollegiums einſt-
244 1019 1517 1067 weilen zu beanſtanden, muß jedoch in einem ſolchen Falle binnen
248 1076 1519 1125 14 Tagen, vom Tage der erſten Beſchlußfaſſung an gerechnet, die
247 1131 1517 1182 Angelegenheit zur nochmaligen Berathung und Abſtimmung brin-
249 1187 1518 1236 gen und die Mitglieder des Kollegiums hiervon ſpäteſtens drei
249 1244 1517 1293 Tage vor der diesfälligen Sitzung in Kenntniß ſetzen. Bei dem
248 1300 1515 1349 durch die zweite Abſtimmung feſtgeſtellten Beſchluſſe behält es
244 1360 577 1404 ſein Bewenden .
341 1410 1519 1467 Der Geſchäftskreis des Rechnungshofes erſtreckt ſich auf die
247 1471 1058 1522 Prüfung und Feſtſtellung der Rechnungen
334 1524 1425 1574 1) über den geſammten Haushalt des Deutſchen Reiches
333 1580 1518 1631 2) über den Zugang und Abgang von Reichs-Eigenthum und
331 1640 1076 1687 3) über die Reichsſchulden-Verwaltung
329 1694 1519 1743 4) über die Verausgabung und beſtimmungsmäßige Verwen-
245 199 313 231 358
374 1814 1517 1856 Nämlich bei Berichten an den Kaiſer, an Bundesrath und Reichstag,
245 1861 1519 1904 bei Aufſtellung oder Abänderung allgemeiner Grundſätze oder Inſtruktionen
246 1907 1518 1950 und bei der Abgabe von Gutachten über Anordnungen der oberſten Verwal-
246 1958 481 1996 tungsbehörden.
376 1999 1518 2044 Unter 5 Nummern von ſehr weitreichender Faſſung ſind hier die Fälle
250 2047 1519 2091 gruppirt. Zur Ergänzung kömmt außerdem noch §. 15 der Inſtruktion in
248 2098 387 2136 Betracht.
374 2146 645 2183 Inſtruktion §. 7.
376 2194 665 2230 Inſtruktion §. 16.
375 2236 1520 2279 Vgl. die oben S. 356 Note 1 citirten Geſetze und die Erörterungen in
247 2286 1190 2326 meiner Darſtellung des Finanzrechts a. a. O. S. 553 fg.
374 2329 1520 2372 R.-G. vom 4. Juli. 1868 §. 1 (B.-G.-Bl. S. 433). Preuß. Geſ. von
252 2379 749 2418 27. März 1872 §. 1 u. §. 10.
