1600 2610
38 223 1305 276 vom Preußiſchen Abgeordneten-Hauſe gegebenen Beiſpiele folgend,
39 280 1306 332 nicht ohne erhebliche Modifikationen des Reichswahlgeſetzes von
42 337 1314 388 1849 ; und in der überwiegenden Mehrzahl wurde dem zu wählen-
40 394 1305 445 den Reichstage nur die Befugniß zur „Berathung“ der Verfaſſung
39 457 173 502 ertheilt.
132 506 1304 557 Es konnte mithin die eine, der im Art. 5 des Auguſtbünd-
37 564 1304 615 niſſes übernommenen Verpflichtungen, die Parlamentswahlen an-
39 621 1305 673 zuordnen und das Parlament gemeinſam einzuberufen, von allen
40 684 480 728 Staaten erfüllt werden.
131 735 1302 785 Ebenſo wurde die zweite daſelbſt ſtipulirte Vereinbarung aus-
40 792 1305 842 geführt. Bevollmächtigte Vertreter aller verbündeten Staaten
40 848 1303 896 traten auf Grund von Einladungsſchreiben, welche die Preußiſche
43 904 1303 955 Regierung am 21. November erlaſſen hatte, am 15. Dezember 1866
39 962 1303 1011 in Berlin zu Conferenzen zuſammen, um einen Entwurf einer Ver-
38 1020 475 1068 faſſung zu vereinbaren.
132 1075 1302 1125 Fürſt Bismarck legte Namens der Preußiſchen Regierung
38 1132 1302 1180 einen Entwurf vor , welcher eine weitere Ausführung der Grund-
39 1190 1302 1239 züge vom 10. Juni 1866 iſt und im Hinblick auf die letzteren als
38 1246 1302 1293 der II. Entwurf der Verfaſſung bezeichnet werden kann. Die
38 1291 1303 1351 Verhandlungen über dieſen Entwurf waren vertrauliche; über
37 1356 1304 1407 die Diskuſſion der einzelnen Artikel und die von den Regierungen
39 1416 1301 1464 geſtellten Amendements ſind Protokolle nicht veröffentlicht worden.
41 1471 1304 1520 Dagegen ſind die Reſultate der Berathungen in der Form von
43 1529 1302 1578 Protokollen feſtgeſtellt und publizirt worden. Es giebt vier
39 1588 368 1634 ſolcher Protokolle.
131 1644 1302 1689 Das erſte vom 18. Januar 1867  über die „erſte förmliche
38 1700 1301 1746 Sitzung“ conſtatirt den einſtimmigen Beſchluß der Bevollmächtigten,
37 1756 1302 1804 daß die Krone Preußen dem einzuberufenden Reichstage gegenüber
38 1813 1302 1860 zur einheitlichen Vertretung der verbündeten Regierungen ermächtigt
1262 131 1303 163 21
329 110 1014 170 §. 2. Die Gründung des nordd. Bundes.
160 1946 1301 1988 Eine vollſtändige Sammlung aller dieſer Wahlgeſetze und der zu ihrer
35 1995 1301 2035 Ausführung ergangenen Verordnungen und Reglements enthält das 2. Heft
35 2041 986 2079 des I. Bandes von Glaſer’s Archiv des Nordd. Bundes.
159 2089 1301 2130 Veröffentlicht zuerſt von Hänel in den Studien zum deutſchen Staats-
35 2137 1300 2177 recht (Leipzig 1873) I. S. 270 ff.; über den Entwurf brachte aber bereits die Pro-
37 2185 1299 2225 vinzial-Correſpondenz vom 19. Dezember 1866 ausführliche Mittheilungen.
36 2232 454 2269 Vgl. Hahn S. 483—485.
160 2279 1297 2318 Stenogr. Berichte des verfaſſungber. Reichstags. Anlage Nr. 8.
39 2327 1298 2366 und 10. Hahn S. 486. Glaſer I, 3. S. 1. Staatsarchiv XII. 2725 (S. 353).
