1600 2527
128 223 1362 285 Landesgeſetz gehindert werden. Hieraus ergiebt ſich für die Zu-
126 278 1362 336 laſſung zur Rechtsanwaltſchaft ganz daſſelbe Reſultat, wie für die
127 334 1360 391 Anſtellung in einem Richteramt; die Juſtizverwaltung jedes Staates
124 388 1360 449 kann den in einem anderen Bundesſtaate beſtandenen juriſt. Prü-
124 443 972 497 fungen Wirkſamkeit zuerkennen oder verſagen.
214 499 1359 558 3. Berechtigt die Zulaſſung zur Rechtsanwaltſchaft zu ver-
123 553 1359 613 langen iſt Jeder in demjenigen Staate, in welchem er die zum
121 609 1358 670 Richteramte befähigende Prüfung beſtanden hat, und ſein Antrag
121 664 1357 720 darf nur aus den in der Rechtsanwaltsordnung bezeichneten Grün-
121 718 1356 776 den abgelehnt werden . Dieſe Gründe zerfallen in zwei Kate-
124 774 1352 833 gorien; die einen ſind ſolche, wegen deren die Zulaſſung abge-
121 828 1356 888 lehnt werden muß , die anderen ſolche, wegen deren ſie verſagt
119 885 1353 940 werden kann ; die erſteren, denen praktiſch die größere Be-
118 938 1354 996 deutung zukömmt, betreffen den Mangel der Ehrenhaftigkeit und
117 993 1354 1048 Unbeſcholtenheit, den Betrieb einer mit dem Beruf oder der
118 1049 1353 1107 Würde eines Rechtsanwalts nicht vereinbaren Beſchäftigung, kör-
115 1104 1353 1161 perliche Gebrechen oder Schwäche der geiſtigen und körperlichen
115 1160 1350 1213 Kräfte u. dgl. . Soweit bei der Beurtheilung dieſer Abwei-
114 1213 1352 1270 ſungsgründe ein diskretionäres Ermeſſen Platz finden kann, iſt
114 1268 1351 1326 überdies der Landesjuſtizverwaltung die ſelbſtſtändige Entſchei-
112 1323 1349 1375 dung entzogen; ſie iſt an das Gutachten des Vorſtandes der An-
111 1378 1350 1432 waltskammer gebunden  und ſie hat in allen Fällen vor der
113 1432 1345 1487 Entſcheidung dieſes Gutachten einzuholen . Durch dieſe Beſtim-
111 1489 1346 1545 mungen iſt allerdings die Rechtsanwaltſchaft de facto für Alle,
111 1542 1346 1594 welche die juriſtiſchen Prüfungen beſtanden haben und vollkommen
111 1598 1345 1655 an Recht, Ehre und Geſundheit ſind, innerhalb des Staates, in
108 1653 1345 1709 welchem die Prüfung abgelegt worden iſt, freigegeben; die
1294 158 1365 193 115
495 147 1003 189 §. 103. Die Rechtsanwaltſchaft.
362 1903 385 1937 8*
225 1763 1343 1810 R.A.O. §. 4. Bei einem mehreren Bundesſtaaten gemeinſamen Gerichte
104 1808 1342 1856 muß Jeder zugelaſſen werden, der in einem dieſer Staaten die Fähigkeit zum
104 1854 482 1891 Richteramte erlangt hat.
224 1901 431 1938 ebendaſ. §. 5.
223 1948 436 1985 ebendaſ. §. 6.
222 1993 1343 2039 Ueber die einzelnen Beſtimmungen, deren nähere Erörterung kein
100 2038 1342 2085 ſtaatsrechtliches Intereſſe hat, vgl. die Kommentare zur R.A.O. von Völk
100 2084 699 2128 S. 26 ff. und von Meyer S. 17 ff.
218 2131 1340 2182 R.A.O. §. 5 Ziff. 4. 5. 6. Wird die Zulaſſung verſagt, ſo iſt auf
101 2176 1334 2223 Verlangen des Antragſtellers über den Grund der Verſagung im ehrengericht-
100 2220 933 2267 lichen Verfahren zu entſcheiden. Vgl. §. 16 ebendaſ.
219 2269 559 2309 ebendaſ. §. 3. Abſ. 2.
