1600 2527
118 233 1353 282 ſellſchafts-Verhältniſſes zu ; und es hat wol auch thatſächlich bei
117 288 1353 336 der Errichtung des Norddeutſchen Bundes darüber keine Klarheit
114 342 1370 391 beſtanden, ob ſich der Begriff des Fiskus dem neu geſchaffenen
115 397 1353 442 politiſchen Organismus werde einfügen laſſen oder ob das die Ver-
115 451 1350 499 faſſung des Zollvereins beherrſchende Societätsprincip auch in das
115 507 1352 552 neue Bundesverhältniß werde herübergenommen werden können und
113 562 1351 610 ſich als ausreichend erweiſen würde. Für die Finanz wirth-
113 617 1353 665 ſchaft des Bundes war das zuletzt erwähnte Princip nicht nur
116 671 1351 718 Anfangs maßgebend, ſondern noch gegenwärtig beherrſcht es das
116 726 583 771 Finanzweſen des Reiches.
207 781 1350 827 Allein die Exiſtenz eines Reichsfiskus im juriſtiſchen Sinne
120 836 1351 884 des Wortes d. h. als eines von der privatrechtlichen Perſönlichkeit
120 890 1351 938 der Bundesglieder verſchiedenen und ihnen gegenüber unabhängigen
117 943 1348 993 Privatrechtsſubjekts ergiebt ſich aus der ſtaatsrechtlichen Natur des
116 1000 1350 1048 Reiches als eines Bundesſtaats. Denn da es ein unbezweifelter
116 1056 1347 1102 Satz des gemeinen Rechts iſt, daß jeder Staat ipso jure eine ſelbſt-
113 1110 1347 1156 ſtändige, unabhängige privatrechtliche Perſönlichkeit hat, ohne daß
113 1164 1347 1212 ſie ihm durch ausdrückliche Geſetzesbeſtimmung beigelegt zu werden
112 1220 1346 1265 braucht, ſo nimmt auch der Bundesſtaat, der ja ein wahrer und
114 1274 1345 1320 wirklicher Staat iſt, an dieſer allgemeinen Eigenſchaft aller Staaten
112 1328 1345 1376 Theil . Seitdem der Deutſche Bundesſtaat ſeine politiſche Thätig-
112 1383 1347 1430 keit entfaltet und fortgebildet hat, iſt auch in der Geſetzgebung der
113 1436 1346 1484 Reichsfiskus poſitiv anerkannt worden und die rechtliche Exiſtenz
111 1491 1099 1538 deſſelben unterliegt zur Zeit keinem Zweifel mehr .
200 1547 1345 1594 II. Der Reichsfiskus iſt identiſch mit dem Reich; er bezeichnet
111 1602 1346 1648 das Reich als Vermögensſubjekt. Daraus folgt, daß es nur
1282 158 1347 193 191
527 152 940 191 §. 107. Der Reichsfiskus.
229 1721 1344 1758 Annalen a. a. O. S. 408. Die Anſicht, daß im Nordd. Bunde ein
108 1766 1342 1805 Bundesfiskus juriſtiſch nicht exiſtirte, wurde von v. Martitz Betrachtungen ꝛc.
109 1811 1053 1849 S. 35 vertreten, dem Seydel a. a. O. S. 227 zuſtimmt.
227 1857 1342 1895 Annalen S. 409. 410. Uebereinſtimmend Böhlau S. 5. Zorn
105 1901 911 1939 in v. Holzendorff’s Rechtslexicon Bd. III. S. 376.
230 1947 1340 1988 Die Geſetze aus der Zeit des Nordd. Bundes vermeiden Anfangs noch
107 1992 1342 2032 den Ausdruck „Bundesfiskus“ und umſchreiben ihn mit Worten wie Bundes-
105 2038 1340 2079 mittel, Bundeskoſten, Bundeskaſſe oder durch Angabe der zu ſeiner Vertretung
105 2084 1339 2124 befugten Behörde. Siehe die näheren Nachweiſungen Annalen S. 410 a. E.
106 2129 1341 2171 Die Bezeichnung „Bundesfiskus“ findet ſich zuerſt in dem Geſetz v. 1. Juni
108 2175 1342 2215 1870 über die Flößerei-Abgaben. Seit Gründung des Deutſchen Reiches da-
106 2222 1336 2262 gegen wird der Ausdruck „Reichsfiskus“ in der Reichsgeſetzgebung durchweg
107 2267 286 2305 angewendet.
