1600 2527
502 155 936 192 §. 109. Die Reichsſchulden.
189 237 1334 284 Sowie die Aufnahme einer Anleihe, ſo iſt auch die Kündi-
99 291 1335 341 gung und Tilgung derſelben ein Rechtsgeſchäft des Vermögens-
100 347 1335 397 verkehrs, alſo ein Verwaltungsgeſchäft, kein Akt der Geſetz-
99 401 1336 449 gebung (im materiellen Sinn). Da aber dieſes Geſchäft in die
101 457 1334 504 Finanzwirthſchaft des Reiches nicht minder tief eingreift, wie die
100 512 1333 560 Aufnahme der Anleihe, ſo iſt auch hierzu die Genehmigung des
101 568 1331 617 Bundesrathes und des Reichstages, „der Weg der Geſetzgebung“
99 623 1334 671 für erforderlich erklärt. Zwar nicht in der Reichsverfaſſung, wol
101 677 1333 726 aber nach dem typiſchen Inhalt ſämmtlicher Anleihegeſetze und
101 732 1333 781 auch hier nur in einer verſteckten Weiſe, indem dem Reich das
102 787 1333 836 Recht vorbehalten iſt, die Schuldverſchreibungen der einzelnen
103 842 1334 891 Renten-Emiſſionen „binnen einer geſetzlich feſtzuſetzenden Friſt
106 896 1335 946 zu kündigen“ . Hiernach braucht zwar nur die Beſtimmung der
102 952 1329 1000 Kündigungsfriſt durch Geſetz zu erfolgen; aber es verſteht ſich
100 1006 1330 1056 von ſelbſt, daß der Bundesrath und der Reichstag dieſe Friſt nur
98 1062 1331 1110 dann feſtſetzen werden, wenn ſie die Tilgung der Schuld überhaupt
98 1116 1332 1165 beſchließen wollen . Demgemäß hat auch das Reichsgeſetz vom
98 1172 1331 1221 28. Oktob. 1871 (R.G.Bl. S. 343) ſich nicht auf die Feſtſtellung
99 1228 1330 1274 der Kündigungsfriſt beſchränkt, ſondern „den Reichskanzler er-
98 1282 1330 1329 mächtigt, die . . . . Anleihe des vormal. Nordd. Bundes zur Ein-
98 1336 1330 1383 löſung . . . . mit einer Friſt von drei Monaten kündigen zu laſſen“.
189 1392 1331 1437 2. Die privatrechtlichen Regeln. Das Rechtsverhält-
97 1447 1329 1493 niß zwiſchen dem Fiskus und den Anleihegläubigern beſtimmt
100 1502 1332 1548 ſich nach der Art der Kreditbeſchaffung; es iſt bei Emiſſion von
1270 161 1336 195 237
99 1641 1331 1680 Anſchluß an die in Preußen übliche Formulirung beſtimmte das Anleihe-
96 1687 1330 1725 geſetz des Nordd. Bundes vom 9. Nov. 1867 §. 1: „Zur Beſtreitung der außer-
97 1732 1332 1769 ordentlichen Bedürfniſſe für . . . . ſind die erforderlichen Geldmittel . . . .
99 1778 1332 1815 durch eine verzinsliche Anleihe zu beſchaffen“; fügte dann aber im §. 10
96 1823 1308 1861 hinzu: „Die Ausführung dieſes Geſetzes wird dem Bundeskanzler übertragen“;
95 1869 1332 1907 während es treffender geweſen wäre zu ſagen: „Die Ausführung dieſes Geſetzes
96 1914 1331 1952 erfolgt nach Anordnung des Bundespräſidiums (Kaiſers)“. Vgl. §. 2 dieſes
97 1960 1332 1998 Geſetzes. Schon das Bundesgeſetz v. 21. Juli 1870 über die Kriegsanleihe
96 2005 1285 2043 (B.G.Bl. S. 491) hat die in die Reichsgeſetzgebung übergegangene Formel.
222 2051 1082 2088 Geſetz v. 6. April 1870 §. 4 Abſ. 1 (B.G.Bl. S. 65).
216 2098 1331 2136 Daß die R.V. über die Tilgung der Anleihen keine Beſtimmung ent-
95 2144 1332 2182 hält, beruht darauf, daß bei Darlehensſchulden, welche amortiſirt oder
96 2190 1330 2226 an beſtimmten Terminen fällig werden, der Tilgungsmodus ſchon bei der Con-
95 2235 1328 2274 trahirung der Anleihe feſtgeſtellt wird. Vgl. das Anleihe-Geſetz des Nordd.
97 2281 582 2319 Bundes v. 9. Nov. 1867 §. 3.
