1600 2527
141 258 1373 309 gewährenden Antheile als reiner Ueberſchuß verbleibt . Jedoch
141 314 1372 364 wird vor der Linie die Brutto-Einnahme und die Ausgabe ange-
140 366 1253 417 geben und die Differenz in der Hauptkolonne ausgeworfen.
234 424 1373 473 3. Eine von den Etats der übrigen Verwaltungen abweichende
143 477 1372 527 Geſtalt hat der Militär-Etat, theils wegen der Sonder-
141 533 1373 582 ſtellung Bayerns, theils weil das Reich das Heerweſen nicht ſelbſt
138 589 1372 638 verwaltet . Hinſichtlich Bayerns kommt bei der Aufſtellung dieſes
138 643 1374 692 Etats die Beſtimmung des Bündnißvertrages vom 23. Nov. 1870
138 698 1372 747 III. § 5 Ziff. II. zur Anwendung, wonach der Geldbetrag, welcher
139 753 1372 804 für das Bayeriſche Contingent zu verwenden iſt, im Reichsbudget
139 808 1372 857 in einer Summe ausgeworfen wird, während die Aufſtellung der
139 862 1371 912 Spezial-Etats Bayern überlaſſen bleibt . Die Frage nach der
139 916 1369 966 Form, in welcher dieſe Spezial-Etats in Bayern feſtgeſtellt werden
138 972 1370 1021 und welchen Antheil die Bayeriſche Landesvertretung dabei hat,
136 1026 1367 1077 iſt nach dem partikulären Staatsrecht Bayerns zu beurtheilen .
137 1082 1367 1131 Materiell aber iſt ſowohl die Bayeriſche Regierung wie die Baye-
133 1136 1368 1186 riſche Landesvertretung verpflichtet, bei der Feſtſtellung dieſer Spezial-
134 1191 1370 1241 Etats die Anſätze des Reichs-Etats nach Verhältniß zur Richtſchnur
134 1245 1367 1295 zu nehmen, woraus ſich von ſelbſt die Nothwendigkeit ergibt, auch
134 1300 1366 1348 hinſichtlich der Form, der Eintheilung in Kapitel und Titel u. ſ. w.
135 1356 1368 1405 an den Reichsetat ſich anzulehnen. Für die Berechnung der auf
135 1410 1366 1458 Bayern entfallenden Geſammtſumme ſind zu berückſichtigen die fort-
134 1465 1368 1514 dauernden Ausgaben für das Reichsheer, die einmaligen Ausgaben
134 1520 1367 1569 des „ordentlichen Etats“ für das Reichsheer und die Ausgaben
131 1575 1365 1624 des allgemeinen Penſionsfonds für die Verwaltung des Reichsheeres.
131 1630 1368 1679 Derſelbe Grundſatz der antheilmäßigen Berechnung der auf Bayern
130 1685 1366 1734 kommenden Summe findet auch Anwendung auf gewiſſe, aus dem
129 1740 955 1788 Invalidenfonds zu beſtreitende Ausgaben .
220 1795 1365 1844 Für die übrigen Kontingente ſteht die Aufſtellung der Spezial-
1307 182 1373 217 347
249 176 1258 218 §. 123. Bedeutung und Feſtſtellung des Haushalts-Etats-Geſetzes.
249 1895 1363 1936 Hinſichtlich der Erträge der Zölle und der Tabakſteuer ſiehe oben S. 335.
249 1941 1364 1982 Während der Uebergangszeit (bis 1874) wurde der vom Kaiſer feſt-
128 1986 1364 2027 geſtellte Militair-Etat vom übrigen Etat geſondert verkündigt, ſo daß in dem
129 2031 1363 2075 Hauptetat nur die Geſammtſumme der Militair-Ausgaben aufgeführt wurde.
248 2078 613 2114 Vgl. Bd. III. 1 S. 57.
248 2124 1361 2166 Vgl. darüber Seydel Commentar S. 235; G. Meyer Lehrbuch
125 2169 992 2210 S. 550 fg. und die daſelbſt Note 14. angef. Schriften.
246 2216 1361 2256 Vgl. R.G. v. 11. Mai 1877 §. 1 (R.G.Bl. S. 495) v. 17. Juni 1878
123 2259 1361 2304 (R.G.Bl. S. 127) und vom 30. März 1879 §. 2 (R.G.Bl. S. 119). Vgl.
124 2306 328 2335 oben S. 209.
