1600 2580
164 281 1328 338 Das Poſtgeſetz vom 28. Oktob. 1871 §. 4 hat die Beſtim-
71 341 1327 396 mungen des Poſtgeſ. des Nordd. Bundes vom 2. Nov. 1867 §. 6
74 396 1329 449 wiederholt; ihre Geltung auf Bayern und Württemberg mit Rück-
73 450 1040 504 ſicht auf Art. 52 der R.-V. aber nicht ausgedehnt.
168 508 1327 562 Da das Reglement v. 1. Januar 1868 mit dem Ablauf des
75 556 1326 618 Jahres 1875 außer Geltung trat, ſo wurde dem Reichstag v. 1875
76 618 1329 676 ein Geſetzentwurf vorgelegt, welcher das Rechtsverhältniß der Poſt
74 675 1328 730 zu den Eiſenbahnen, ſowohl den Staats- wie den Privatbahnen
75 729 1326 787 einheitlich und mit geſetzlicher Kraft regeln ſollte. Das in Folge
72 785 1326 842 deſſen erlaſſene Reichsgeſetz vom 20. Dezemb. 1875  iſt
69 838 1325 898 ſeit dem 1. Januar 1876 an die Stelle des §. 4 des Poſtgeſetzes
70 896 1326 950 v. 28. Oktob. 1871 getreten . Dieſes Geſetz gilt ebenfalls in
71 950 1325 1008 Bayern und Württemberg nicht , da dieſe beiden Staaten die
72 1006 1324 1065 Poſt ſelbſtſtändig und auf eigene Rechnung verwalten. Das Geſetz
70 1061 1323 1120 hat ferner die auf ſpeziellem Rechtstitel beruhenden Rechte, insbe-
69 1116 1324 1177 ſondere die durch Konzeſſionen oder Verträge begründeten Rechts-
69 1174 1324 1233 verhältniſſe zwiſchen der Poſt und den Eiſenbahnen unberührt ge-
68 1228 1322 1287 laſſen ; es findet auf ſolche Bahnen oder ihre zukünftig konzeſſio-
69 1285 1321 1343 nirte Erweiterungen durch Neubauten nur inſoweit Anwendung, als
70 1340 1321 1397 dies nach den Konzeſſionsurkunden zuläſſig iſt. Den konzeſſionirten
70 1395 1320 1450 Eiſenbahn-Unternehmern ſteht jedoch das Recht zu, an Stelle der
67 1450 1318 1510 ihnen konzeſſionsmäßig obliegenden Verpflichtungen für die Zwecke
70 1507 1323 1562 des Poſtdienſtes die durch das gegenwärtige Geſetz angeordneten Lei-
66 1561 1320 1620 ſtungen zu übernehmen; ſie haben alſo ein Wahlrecht zwiſchen den
65 1618 1316 1676 vertragsmäßigen (konzeſſionsmäßigen) und den geſetzmäßigen Lei-
65 1672 1338 1731 ſtungen . Im Uebrigen kommt das Geſetz nicht blos gegenüber
1261 205 1328 238 317
281 194 1116 237 §. 71. Die Verwaltung der Poſt und Telegraphie.
188 1794 572 1827 R.-G.-Bl. 1875 S. 318.
189 1840 1316 1893 Vollzugsbeſtimmungen zu dieſem Geſetz hat der Reichskanzler
63 1885 1316 1937 unter Zuſtimmung ges Bundesrathes unter dem 9. Febr. 1876 erlaſſen. Sie
64 1930 1317 1985 ſind gedruckt im Centralblatt des D. R. 1876 S. 87 und in der Allge-
62 1977 954 2024 meinen Poſt-Dienſtanweiſung Bd. I. Abſchn. II. S. 29.
183 2025 820 2070 Art. 13 des in Rede ſtehenden Geſetzes.
188 2071 1317 2124 Zu dieſen vertragsmäßigen Verhältniſſen gehört auch das zwiſchen der
64 2114 1315 2168 Badiſchen Staatsbahn und der Reichspoſt beſtehende. Bis zum Ende des
64 2163 1317 2214 Jahres 1879 gilt daher für Baden noch das Reglement v. 1. Jannar 1868
63 2211 1319 2262 und Baden erhält ſeine vertragsmäßige Vergütung, falls nicht im Wege der
63 2257 1319 2310 Vereinbarung etwas Anderes feſtgeſetzt wird. Es iſt dies ausdrücklich aner-
62 2303 607 2346 kannt im Art. 12 Abſ. 1 des Geſ.
184 2350 440 2392 Art. 11 ebendaſ.
