1600 2544
194 243 1328 290 Die Vorausſetzungen zur Erlangung des Charakters
105 297 1329 343 eines Reſerve- oder Landwehr-Offiziers ſind außer dem Erwerb
105 352 1330 398 des Qualifikationsatteſtes zum Offizier folgende: Die „Offizier-
108 407 1332 454 Aſpiranten“ müſſen nach ihrer Entlaſſung aus dem aktiven Dienſt
111 462 1330 509 eine achtwöchentliche Uebung abſolviren, um ihre dienſtliche und
112 517 1331 563 außerdienſtliche Befähigung zum Offiziere darzuthun; am Schluß
109 571 1332 618 der Dienſtleiſtung trägt der Befehlshaber des Truppentheils,
106 626 1330 675 bei welchem ſie die Uebung machen, in das Ueberweiſungs-
104 681 1329 728 nationale ein, ob er einverſtanden ſei, daß der betreffende Offi-
105 735 1332 786 zier-Aſpirant zum Reſerve-Offizier des Truppentheils beziehw. zum
107 791 1331 839 Landwehr-Offizier in Vorſchlag gebracht werde . Hierauf muß
106 845 1333 893 ſich der Offizier-Aſpirant zur Offizierwahl ſtellen. Die Wahl
106 899 1333 948 erfolgt durch das Offizierkorps des Landwehrbataillons, welchem
106 951 1333 1007 der Aſpirant angehört; falls er aber zum Dienſt einberufen iſt,
105 1010 1332 1058 durch das Offizierkorps des Truppentheils. Nur diejenigen Offi-
106 1065 1333 1115 zier-Aſpiranten werden zur Wahl geſtellt, welche mit ihrer Beför-
108 1121 1333 1169 derung zum Offizier ſich ſchriftlich einverſtanden erklären,
110 1176 1335 1224 die Charge eines Vicefeldwebels oder Vicewachtmeiſters bekleiden
111 1231 1335 1278 und den gedachten Vermerk im Ueberweiſungsnationale haben .
113 1286 1334 1334 Die gewählten Offiziers-Aſpiranten werden hierauf dem Kontin-
111 1340 1334 1389 gentsherrn reſp. dem Kaiſer durch den Landwehr-Bezirkskomman-
111 1394 1333 1441 deur auf dem Waffen-Inſtanzenwege mittelſt Geſuchsliſte in Vor-
112 1448 1335 1498 ſchlag gebracht und geeigneten Falls zu Offizieren des Beurlaub-
115 1506 493 1551 tenſtandes ernannt .
1263 160 1328 193 205
453 160 986 199 §. 88. Die geſetzliche Wehrpflicht.
232 1596 1334 1636 H.O. II §. 22. Schon nach den erſten Wochen der Uebung darf zum
114 1642 1337 1682 Vicefeldwebel oder Vicewachtmeiſter reſp. Vice-Seekadetten ernannt werden,
113 1688 1337 1728 wer ſich zu ſolcher Beförderung eignet. — Offizier-Aſpiranten, welche nach dem
111 1734 1338 1773 Ausfall der Uebung das Einverſtändniß des Truppenbefehlshabers nicht er-
112 1779 1338 1820 langen, dürfen im nächſten Jahre zu einer erneuten Uebung eingezogen werden.
234 1825 1337 1864 Die näheren Anordnungen über die Wahl ſind enthalten in der H.O.
112 1871 1338 1910 II §. 23. Bemerkenswerth iſt darunter beſonders der Satz: „Gewählt dürfen
112 1916 1337 1955 nur diejenigen Offizier-Aſpiranten werden, welche bei ehrenhafter Geſinnung
112 1961 1336 2002 eine geſicherte bürgerliche Exiſtenz und eine dem Anſehen des Offizierſtandes
112 2009 682 2048 entſprechende Lebensſtellung beſitzen.“
228 2053 1339 2092 Analoge Vorſchriften gelten für die Unterärzte, welche Sanitäts-
112 2100 1338 2141 Offiziere (Aſſiſtenz-Aerzte) des Beurlaubtenſtandes werden wollen. Verordn.
113 2146 1337 2185 über die Organiſ. des Sanitätskorps v. 6. Febr. 1873 §. 12. Ebenſo ſind
116 2192 1340 2231 analoge — im Einzelnen jedoch vielfach abweichende — Vorſchriften über die
117 2237 1335 2278 Ergänzung und Ausbildung der See-Offiziere des Beurlaubtenſtandes
119 2284 908 2325 ergangen durch die Verordn. v. 2. Juni 1874.
