1600 2610
430 130 1020 188 §. 31. Die Bundesraths-Ausſchüſſe.
100 237 1368 293 liche , oder ſie beſtehen für gewiſſe Kategorien von Geſchäften
99 295 1368 346 als dauernde, ſtändige, ordentliche . Unter den letzteren iſt
98 351 1367 405 der Ausſchuß für die auswärtigen Angelegenheiten durchaus
98 406 1368 460 anomal und eigenthümlich, da derſelbe wie bereits oben ausge-
100 465 1371 519 führt worden iſt, lediglich zur Information der Bundesregierungen
98 519 1366 569 über den Stand der auswärtigen Politik dient. Wenn von die-
99 574 1368 631 ſem Ausſchuß hier zunächſt abgeſehen wird, ſo laſſen ſich über die
104 630 1368 686 dauernden Ausſchüſſe folgende allgemeine Rechtsſätze auf-
104 700 217 743 ſtellen.
199 746 1370 801 1) Die Ausſchüſſe werden gebildet „aus der Mitte“ des Bun-
106 801 1370 858 desrathes  d. h. es kann Niemand Mitglied eines Ausſchuſſes
104 860 1176 913 ſein, welcher nicht Bevollmächtigter zum Bundesrath iſt.
200 915 1373 971 2) Die Zuſammenſetzung der Ausſchüſſe erfolgt bei Beginn
105 972 1374 1026 jeder Seſſion des Bundesrathes; beziehentlich alljährlich, wenn
107 1027 1375 1082 außerordentliche Bundesraths-Sitzungen nicht ſtattfinden. Nach der
107 1084 1375 1138 Geſch.-Ordn. des Bundesraths §. 17 erfolgt die Erneuerung der
108 1140 1374 1196 Ausſchüſſe nur bei dem Beginn jeder ordentlichen Seſſion des
105 1199 1374 1253 Bundesrathes, alſo von Jahr zu Jahr. Die ausſcheidenden Mit-
106 1262 695 1309 glieder ſind wieder wählbar .
199 1312 1378 1366 3) In jedem dauernden Ausſchuſſe müſſen mindeſtens 5 Staaten
106 1366 1377 1421 vertreten ſein und unter dieſen muß ſich „das Präſidium“ oder
110 1424 1377 1478 richtiger ausgedrückt Preußen befinden. Nach einem Bundes-
114 1480 1378 1534 rathsbeſchluß von 1871  und der Geſchäftsordnung des B.-R.
113 1534 1378 1592 §. 16 iſt die Zahl von 5 Mitgliedern aber nur für den Ausſchuß
113 1592 1380 1646 für das Seeweſen beibehalten worden; alle übrigen Ausſchüſſe
1296 146 1363 178 283
241 1725 1380 1771 Zu dieſer Klaſſe gehören auch der Ausſchuß für die Verfaſſung und
112 1772 1382 1818 der Ausſchuß für die Geſchäfts-Ordnung, welche 1871 „für die gegenwärtige
113 1820 1383 1865 Seſſion“ gebildet wurden Protok. 1871 §. 6; dann aber in jeder Seſſion er-
113 1867 1306 1910 neuert wurden. Vgl. z. B. Protok. 1874 §. 15. 1875 §. 179 (S. 155).
237 1913 1385 1957 Fürſt Bismarck im verf. Reichstage 26. März 1867. (Sten. Ber.
113 1960 1385 2005 S. 355): „Was den Ausdruck „dauernd“ anbelangt, ſo iſt derſelbe dahin
116 2008 1386 2053 gemeint geweſen, daß dies nicht Ausſchüſſe ſein ſollen, die Einmal ad hoc zu
114 2054 1386 2099 einem beſtimmten Zweck gewählt werden, ſondern ſolche Ausſchüſſe, welche ſtets
115 2101 1386 2148 exiſtiren ſollen. Ob ſie immer verſammelt ſein ſollen, ob ſie auch dann
115 2150 1384 2195 in Thätigkeit ſein ſollen, wenn der Bundesrath nicht verſammelt iſt, hängt
118 2198 1297 2242 von den Beſchlüſſen des Bundesrathes ab und von der Bedürfnißfrage.“
240 2250 578 2286 R.-V. Art. 8 Abſ. 1.
241 2298 578 2333 R.-V. Art. 8 Abſ. 2.
242 2344 496 2381 Protokoll §. 21.
