1600 2580
286 296 1536 348 ſagt, falls nicht eine terminweiſe Abrechnung über die Poſtgefälle
287 351 1535 402 zwiſchen der Poſtanſtalt und dem Adreſſaten verabredet iſt, die
287 407 1536 459 Poſtſendungen auszuhändigen, bevor die Zahlung der Poſtgefälle
287 462 520 510 erfolgt iſt .
380 516 1538 570 Wenn der Adreſſat die Annahme einer Poſtſendung verwei-
286 576 1538 624 gert (oder die Zahlung der Poſtgefälle verweigert, was der Ver-
286 632 1538 681 weigerung der Annahme gleichſteht ), oder nicht zu ermitteln iſt,
284 685 1537 738 ſo ſteht der Poſtverwaltung der Regreß gegen den Abſender zu.
285 743 1536 792 Der Regreß iſt aber an die Vorausſetzung geknüpft, daß die Poſt-
284 798 1536 847 verwaltung die Unbeſtellbarkeit der Sendung beſcheinigt und daß
284 853 1536 903 ſie dem Abſender die Poſtſendung wieder zurückliefert . Von der
286 908 1534 960 Verpflichtung, ſämmtliche für den Hin- und Hertransport zu er-
284 964 1536 1015 hebende Gebühren zu bezahlen, kann ſich der Abſender dadurch
283 1020 1538 1071 nicht befreien, daß er die Zurücknahme der von ihm eingelieferten
284 1076 771 1123 Poſtſendung verweigert .
377 1132 1536 1181 Iſt der Abſender nicht zu ermitteln oder verweigert oder ver-
283 1188 1535 1237 zögert er die Annahme, ſo iſt die Poſtanſtalt berechtigt, die Gegen-
282 1243 1536 1292 ſtände zu verkaufen . Aus dem Erlöſe werden die Gebühren
282 1298 1538 1348 und Koſten beſtritten. Reicht der Erlös dazu nicht hin, ſo bleibt
282 1354 1535 1404 der Abſender zur Zahlung des fehlenden Betrages verpflichtet;
283 1408 1536 1460 ergiebt der Verkauf einen Ueberſchuß, ſo wird derſelbe der Poſt-
283 1466 1538 1514 armen- und Unterſtützungskaſſe überwieſen . Briefe müſſen mit
289 205 356 240 346
501 204 1326 247 §. 71. Die Verwaltung der Poſt und Telegraphie.
406 1615 689 1653 Poſttaxgeſetz §. 6.
406 1661 1540 1703 Aus Billigkeitsrückſichten iſt nur eine Ausnahme anerkannt bei unzu-
281 1707 1536 1749 reichend frankirten Sendungen aus dem Inlande, wenn dieſelben nicht ge-
281 1752 1536 1794 wöhnliche Briefe, Waarenproben und Druckſachen ſind. Poſt-Ordn. §. 43. II.
282 1798 1537 1842 Uebrigens kann die Zuläſſigkeit dieſer Vorſchrift gegenüber der beſtimmten ge-
280 1845 1408 1886 ſetzlichen Anordnung in §. 6 des Poſttaxgeſetzes wohl zweifelhaft ſein.
406 1892 1537 1934 Die näheren Anordnungen über die Fälle, in denen Poſtſendungen für
280 1935 1536 1980 unbeſtellbar zu erachten ſind, und über das zu beobachtende Verfahren enthält
280 1979 1536 2028 die P.-O. §. 39. Bei Sendungen, die einem ſchnellen Verderben ausgeſetzt
280 2030 1536 2073 ſind und deren Verderben während des Rücktransportes zu befürchten iſt, kann
280 2077 1480 2118 die Veräußerung für Rechnung des Abſenders erfolgen. P.-O. §. 39. III.
406 2123 677 2161 P.-O. §. 43. IV.
407 2170 1537 2214 Die Vorſchriften des H.-G.-B. über die Geltendmachung des geſetzlichen
279 2216 1536 2260 Pfandrechts des Frachtführers ſind für die Poſt ausgeſchloſſen durch die auf
278 2262 1535 2306 Grund des Poſtgeſetzes §. 50 Nro. 3 u. 4 vom Reichskanzler erlaſſenen
279 2309 1011 2348 Vorſchriften der Poſt-Ordnung §. 39. 40.
407 2355 700 2392 Vgl. oben S. 326.
