1600 2580
349 279 1505 329 7) Ueber das von den Ober-Poſtdirektionen bei Erſatz-Leiſtungen
255 335 1503 387 zu beobachtende Verfahren iſt eine beſondere Dienſt-Anweiſung er-
256 396 430 442 gangen .
422 447 1240 494 B. Verpflichtungen des Abſenders.
351 502 1507 549 1. Der Abſender iſt verpflichtet, an die Poſtanſtalt das tarif-
255 559 1455 608 mäßige Porto zu entrichten. Die Höhe deſſelben  iſt normirt
349 615 1508 666 a) durch Geſetz für Briefe, Packete, Werthſendungen und
239 675 486 721 Zeitungen .
348 727 1507 775 b) durch Reglement, welches der Reichskanzler unter Zu-
256 782 1507 830 ſtimmung des Bundesraths zu erlaſſen hat, für Poſtanweiſungen,
258 836 1508 887 Vorſchußſendungen und ſonſtige Geldübermittelungen, Druckſachen,
256 893 1507 941 Waarenproben und Muſter, Poſtkarten, eingeſchriebene Sendungen,
257 948 1509 999 für Zuſtellung von Sendungen mit Behändigungsſcheinen, für Lauf-
256 1005 1478 1055 ſchreiben wegen Poſtſendungen und Ueberweiſung der Zeitungen.
354 1059 1511 1109 Der Zuſtimmung des Bundesrathes bedarf es nicht bei Feſt-
256 1115 1510 1165 ſtellung der Gebühren für die Ortsbeſtellung, Eſtafettenbeförderung,
257 1170 1512 1220 für die Beförderung von Reiſenden und Paſſagiergut und für
257 1228 1117 1276 die Kreditirung und Kontirung von Porto .
327 1281 1512 1331 c) Durch internationalen Vertrag bei dem Poſtverkehr
258 1340 901 1386 mit außerdeutſchen Poſtgebieten .
353 1392 1512 1442 Abweichungen von den tarifmäßigen Sätzen ſind den Poſtan-
253 195 321 229 340
461 186 1287 227 §. 71. Die Verwaltung der Poſt und Telegraphie.
383 1513 1513 1558 Dieſelbe iſt gedruckt als Anlage 4 zu Abſchn. II. der Allgem. Poſt-
259 1568 544 1605 Dienſt-Anweiſung.
383 1607 1512 1651 Der Gebühren-Tarif für den Poſtverkehr iſt abgedruckt in der Allgem.
260 1658 896 1698 Dienſtanweiſung Abſchnitt III. Abth. 1.
388 1699 1513 1744 Geſetz über das Poſttaxweſen v. 28. Oktober 1871 (R.-G.-Bl. S. 358)
259 1746 1516 1790 und das daſſelbe abändernde Geſ. v. 17. Mai 1873 (B.-G.-Bl. S. 107). Vgl.
262 1794 1121 1837 auch das Geſetz v. 3. Nov. 1874 (R.-G.-Bl. S. 127).
387 1839 1516 1883 Poſtgeſ. §. 50 Z. 7. 8. 9. Der Grund für die Unterſcheidung der
261 1886 1516 1929 Fälle, in denen die Zuſtimmung des Bundesrathes erfordert wird und in
260 1932 1517 1975 denen dies nicht geſchieht, beruht darauf, daß die erſteren den Wechſelverkehr
262 1979 1517 2023 zwiſchen der Reichspoſt und der Bayer. und Württemberg. Poſt mit berühren
261 2025 1517 2069 und daher den Vertretern dieſer Staaten eine Theilnahme an der Beſchluß-
262 2071 1518 2116 faſſung eingeräumt werden mußte, während die letzteren nur den Lokalverkehr
261 2115 1519 2161 betreffen und deshalb von jeder der drei Verwaltungen ſelbſtſtändig geregelt
263 2170 506 2201 werden können.
386 2210 1518 2252 Poſttaxgeſ. §. 11. Für Briefe, Poſtkarten, Zeitungen, Druckſachen,
261 2256 1517 2299 Waarenproben u. dgl. kommen die Beſtimmungen bes Allgemeinen Poſt-
263 2303 1516 2343 vereins-Vertrages v. 9. Okt. 1874 (R.-G.-Bl. 1875 S. 223) zur An-
262 2356 408 2392 wendung.
