<?xml version="1.0" encoding="UTF-8"?>
<PcGts xmlns="http://schema.primaresearch.org/PAGE/gts/pagecontent/2019-07-15" xmlns:xsi="http://www.w3.org/2001/XMLSchema-instance" xsi:schemaLocation="http://schema.primaresearch.org/PAGE/gts/pagecontent/2019-07-15 http://schema.primaresearch.org/PAGE/gts/pagecontent/2019-07-15/pagecontent.xsd">
<Metadata>
<Creator>KK-regJS2PAGE.py</Creator>
<Created>2021-01-18T15:27:26.819047</Created>
<LastChange>2021-01-18T15:27:26.819047</LastChange>
</Metadata>
<Page imageFilename="laband_staatsrecht0302_1882_0184.png" imageWidth="1600" imageHeight="2527">
<TextRegion id="block_0" custom="structure {type:body;}">
<Coords points="296,234 296,283 296,289 296,339 296,344 296,392 298,399 298,447 296,454 296,504 299,510 299,557 300,563 300,612 299,618 299,666 298,674 298,721 299,729 299,777 299,783 393,783 393,830 393,838 300,838 300,885 300,893 300,938 301,949 301,997 302,1003 302,1053 303,1059 303,1107 304,1114 304,1160 302,1168 302,1217 302,1223 302,1272 302,1276 302,1325 303,1331 303,1379 302,1385 302,1432 304,1440 304,1490 302,1495 302,1545 305,1549 305,1601 307,1606 307,1654 307,1659 307,1709 307,1712 307,1762 305,1768 305,1815 306,1822 306,1873 304,1876 304,1928 306,1931 306,1982 1542,1982 1542,1931 1539,1928 1539,1876 1538,1873 1538,1822 1541,1815 1541,1768 1543,1762 1543,1712 1540,1709 1540,1659 1541,1654 1541,1606 1539,1601 1539,1549 1538,1545 1538,1495 1537,1490 1537,1440 1537,1432 1537,1385 1537,1379 1537,1331 1535,1325 1535,1276 1534,1272 1534,1223 1536,1217 1536,1168 1536,1160 1536,1114 1537,1107 1537,1059 1534,1053 1534,1003 1534,997 1534,949 1535,938 1535,893 1534,885 1534,838 1534,830 1534,783 801,783 801,777 801,729 1534,729 1534,721 1534,674 1532,666 1532,618 1533,612 1533,563 1532,557 1532,510 1530,504 1530,454 1528,447 1528,399 1528,392 1528,344 1527,339 1527,289 1527,283 1527,234 296,234"/>
<TextLine id="line_0">
<Coords points="296,240 375,240 399,238 487,238 513,235 626,235 643,235 681,235 731,236 781,236 799,234 1042,234 1067,234 1139,234 1162,234 1261,234 1289,234 1359,234 1385,234 1438,234 1463,235 1527,235 1527,270 1463,270 1438,269 1385,269 1359,278 1289,278 1261,278 1162,278 1139,277 1067,277 1042,278 799,278 781,278 731,278 681,280 643,280 626,279 513,279 487,282 399,282 375,283 296,283 296,240"/>
<Baseline points="296,283 375,283 399,282 487,282 513,279 626,279 643,280 681,280 731,278 781,278 799,278 1042,278 1067,277 1139,277 1162,278 1261,278 1289,278 1359,278 1385,269 1438,269 1463,270 1527,270"/>
<TextEquiv><Unicode>nicht mehr beſteht . In Civilprozeſſen darf jedoch auch der An-</Unicode></TextEquiv>
</TextLine>

<TextLine id="line_1">
<Coords points="296,295 442,295 468,293 552,293 578,291 694,291 718,291 779,291 805,290 949,290 975,291 1053,291 1077,291 1270,291 1298,289 1375,289 1399,290 1444,290 1470,289 1527,289 1527,325 1470,325 1444,325 1399,325 1375,325 1298,325 1270,335 1077,335 1053,333 975,333 949,335 805,335 779,325 718,325 694,335 578,335 552,328 468,328 442,339 296,339 296,295"/>
<Baseline points="296,339 442,339 468,328 552,328 578,335 694,335 718,325 779,325 805,335 949,335 975,333 1053,333 1077,335 1270,335 1298,325 1375,325 1399,325 1444,325 1470,325 1527,325"/>
<TextEquiv><Unicode>gehörige einer Partei das Zeugniß nicht verweigern über die Er-</Unicode></TextEquiv>
</TextLine>

<TextLine id="line_2">
<Coords points="296,349 436,349 460,347 525,347 554,347 611,347 638,345 759,345 785,345 872,345 899,344 1164,344 1174,372 1184,372 1218,344 1267,344 1292,344 1390,344 1413,344 1528,344 1528,387 1413,387 1390,387 1292,387 1267,379 1218,379 1184,387 1174,387 1164,388 899,388 872,379 785,379 759,389 638,389 611,381 554,381 525,383 460,383 436,392 296,392 296,349"/>
<Baseline points="296,392 436,392 460,383 525,383 554,381 611,381 638,389 759,389 785,379 872,379 899,388 1164,388 1174,387 1184,387 1218,379 1267,379 1292,387 1390,387 1413,387 1528,387"/>
<TextEquiv><Unicode>richtung und den Inhalt eines Rechtsgeſchäfts, bei deſſen Errich-</Unicode></TextEquiv>
</TextLine>

<TextLine id="line_3">
<Coords points="298,408 376,408 402,413 435,413 460,402 514,402 540,403 647,403 675,410 848,410 873,407 941,407 958,399 998,399 1024,400 1127,400 1152,399 1230,399 1256,399 1428,399 1452,400 1528,400 1528,435 1452,435 1428,442 1256,442 1230,435 1152,435 1127,442 1024,442 998,444 958,444 941,435 873,435 848,444 675,444 647,446 540,446 514,437 460,437 435,438 402,438 376,447 298,447 298,408"/>
<Baseline points="298,447 376,447 402,438 435,438 460,437 514,437 540,446 647,446 675,444 848,444 873,435 941,435 958,444 998,444 1024,442 1127,442 1152,435 1230,435 1256,442 1428,442 1452,435 1528,435"/>
<TextEquiv><Unicode>tung er als Zeuge zugezogen war , ferner über Geburten, Ver-</Unicode></TextEquiv>
</TextLine>

<TextLine id="line_4">
<Coords points="296,459 528,459 569,457 644,457 670,455 866,455 892,462 954,462 981,454 1302,454 1340,454 1432,454 1455,454 1530,454 1530,489 1455,489 1432,497 1340,497 1302,499 981,499 954,490 892,490 866,498 670,498 644,492 569,492 528,504 296,504 296,459"/>
<Baseline points="296,504 528,504 569,492 644,492 670,498 866,498 892,490 954,490 981,499 1302,499 1340,497 1432,497 1455,489 1530,489"/>
<TextEquiv><Unicode>heirathungen oder Sterbefälle von Familiengliedern, ſowie über</Unicode></TextEquiv>
</TextLine>

<TextLine id="line_5">
<Coords points="299,513 495,513 509,540 518,540 556,511 665,511 702,512 751,512 784,511 873,511 911,512 972,512 999,510 1343,510 1368,510 1532,510 1532,553 1368,553 1343,554 999,554 972,545 911,545 873,553 784,553 751,545 702,545 665,555 556,555 518,556 509,556 495,557 299,557 299,513"/>
<Baseline points="299,557 495,557 509,556 518,556 556,555 665,555 702,545 751,545 784,553 873,553 911,545 972,545 999,554 1343,554 1368,553 1532,553"/>
<TextEquiv><Unicode>Thatſachen, welche die durch das Familienverhältniß bedingten</Unicode></TextEquiv>
</TextLine>

<TextLine id="line_6">
<Coords points="300,565 780,565 815,564 963,564 975,575 982,575 1019,563 1132,563 1169,564 1247,564 1278,565 1448,565 1477,564 1533,564 1533,606 1477,606 1448,609 1278,609 1247,600 1169,600 1132,607 1019,607 982,608 975,608 963,608 815,608 780,612 300,612 300,565"/>
<Baseline points="300,612 780,612 815,608 963,608 975,608 982,608 1019,607 1132,607 1169,600 1247,600 1278,609 1448,609 1477,606 1533,606"/>
<TextEquiv><Unicode>Vermögensangelegenheiten betreffen; endlich über diejenigen auf</Unicode></TextEquiv>
</TextLine>

<TextLine id="line_7">
<Coords points="299,626 361,626 387,624 520,624 545,619 843,619 870,619 922,619 949,618 1153,618 1176,620 1400,620 1425,619 1532,619 1532,662 1425,662 1400,663 1176,663 1153,662 949,662 922,662 870,662 843,664 545,664 520,666 387,666 361,660 299,660 299,626"/>
<Baseline points="299,660 361,660 387,666 520,666 545,664 843,664 870,662 922,662 949,662 1153,662 1176,663 1400,663 1425,662 1532,662"/>
<TextEquiv><Unicode>das ſtreitige Rechtsverhältniß ſich beziehenden Handlungen, welche</Unicode></TextEquiv>
</TextLine>

<TextLine id="line_8">
<Coords points="298,687 361,687 394,679 461,679 494,676 582,676 615,675 670,675 696,675 993,675 1019,674 1095,674 1120,674 1283,674 1316,675 1399,675 1423,674 1534,674 1534,718 1423,718 1399,710 1316,710 1283,710 1120,710 1095,708 1019,708 993,718 696,718 670,711 615,711 582,719 494,719 461,721 394,721 361,715 298,715 298,687"/>
<Baseline points="298,715 361,715 394,721 461,721 494,719 582,719 615,711 670,711 696,718 993,718 1019,708 1095,708 1120,710 1283,710 1316,710 1399,710 1423,718 1534,718"/>
<TextEquiv><Unicode>von ihm ſelbſt als Rechtsvorgänger oder Vertreter einer Partei</Unicode></TextEquiv>
</TextLine>

<TextLine id="line_9">
<Coords points="299,740 533,740 532,731 629,731 654,730 750,730 763,729 801,729 801,770 763,770 750,772 654,772 629,773 532,773 533,777 299,777 299,740"/>
<Baseline points="299,777 533,777 532,773 629,773 654,772 750,772 763,770 801,770"/>
<TextEquiv><Unicode>vorgenommen ſein ſollen .</Unicode></TextEquiv>
</TextLine>

<TextLine id="line_10">
<Coords points="393,789 443,789 467,785 683,785 696,783 1029,783 1046,783 1125,783 1152,784 1361,784 1387,784 1434,784 1450,784 1534,784 1534,819 1450,819 1434,819 1387,819 1361,826 1152,826 1125,819 1046,819 1029,828 696,828 683,830 467,830 443,830 393,830 393,789"/>
<Baseline points="393,830 443,830 467,830 683,830 696,828 1029,828 1046,819 1125,819 1152,826 1361,826 1387,819 1434,819 1450,819 1534,819"/>
<TextEquiv><Unicode>In bürgerlichen Rechtsſtreitigkeiten kann andererſeits die Aus-</Unicode></TextEquiv>
</TextLine>

<TextLine id="line_11">
<Coords points="300,843 387,843 411,842 599,842 624,841 748,841 773,839 831,839 847,839 985,839 1012,838 1119,838 1138,839 1191,839 1204,839 1310,839 1328,839 1405,839 1430,838 1534,838 1534,873 1430,873 1405,882 1328,882 1310,883 1204,883 1191,873 1138,873 1119,881 1012,881 985,882 847,882 831,881 773,881 748,875 624,875 599,885 411,885 387,884 300,884 300,843"/>
<Baseline points="300,884 387,884 411,885 599,885 624,875 748,875 773,881 831,881 847,882 985,882 1012,881 1119,881 1138,873 1191,873 1204,883 1310,883 1328,882 1405,882 1430,873 1534,873"/>
<TextEquiv><Unicode>kunft verweigert werden auf Fragen, welche der Zeuge nicht würde</Unicode></TextEquiv>
</TextLine>

<TextLine id="line_12">
<Coords points="300,898 519,898 543,896 660,896 672,923 682,923 716,895 795,895 833,895 881,895 908,893 1019,893 1044,894 1119,894 1144,893 1474,893 1499,903 1535,903 1535,936 1499,936 1474,938 1144,938 1119,929 1044,929 1019,934 908,934 881,930 833,930 795,938 716,938 682,938 672,938 660,931 543,931 519,933 300,933 300,898"/>
<Baseline points="300,933 519,933 543,931 660,931 672,938 682,938 716,938 795,938 833,930 881,930 908,934 1019,934 1044,929 1119,929 1144,938 1474,938 1499,936 1535,936"/>
<TextEquiv><Unicode>beantworten können, ohne ein Kunſt- oder Gewerbegeheimniß zu</Unicode></TextEquiv>
</TextLine>

<TextLine id="line_13">
<Coords points="301,953 484,953 497,962 505,962 532,951 607,951 632,950 726,950 753,950 1006,950 1032,949 1098,949 1124,949 1198,949 1228,950 1325,950 1349,949 1445,949 1471,949 1534,949 1534,984 1471,984 1445,992 1349,992 1325,985 1228,985 1198,984 1124,984 1098,992 1032,992 1006,993 753,993 726,986 632,986 607,986 532,986 505,995 497,995 484,997 301,997 301,953"/>
<Baseline points="301,997 484,997 497,995 505,995 532,986 607,986 632,986 726,986 753,993 1006,993 1032,992 1098,992 1124,984 1198,984 1228,985 1325,985 1349,992 1445,992 1471,984 1534,984"/>
<TextEquiv><Unicode>offenbaren; oder deren Beantwortung ihm oder einem ſeiner An-</Unicode></TextEquiv>
</TextLine>

<TextLine id="line_14">
<Coords points="302,1009 470,1009 505,1016 560,1016 584,1005 708,1005 741,1005 894,1005 924,1005 1000,1005 1032,1005 1079,1005 1106,1003 1231,1003 1256,1003 1534,1003 1534,1048 1256,1048 1231,1047 1106,1047 1079,1039 1032,1039 1000,1039 924,1039 894,1048 741,1048 708,1048 584,1048 560,1051 505,1051 470,1053 302,1053 302,1009"/>
<Baseline points="302,1053 470,1053 505,1051 560,1051 584,1048 708,1048 741,1048 894,1048 924,1039 1000,1039 1032,1039 1079,1039 1106,1047 1231,1047 1256,1048 1534,1048"/>
<TextEquiv><Unicode>gehörigen zur Unehre gereichen oder die Gefahr ſtrafgerichtlicher</Unicode></TextEquiv>
</TextLine>

<TextLine id="line_15">
<Coords points="303,1062 544,1062 579,1061 722,1061 755,1061 881,1061 921,1059 1035,1059 1070,1060 1162,1060 1189,1060 1441,1060 1472,1059 1537,1059 1537,1102 1472,1102 1441,1103 1189,1103 1162,1095 1070,1095 1035,1102 921,1102 881,1104 755,1104 722,1105 579,1105 544,1107 303,1107 303,1062"/>
<Baseline points="303,1107 544,1107 579,1105 722,1105 755,1104 881,1104 921,1102 1035,1102 1070,1095 1162,1095 1189,1103 1441,1103 1472,1102 1537,1102"/>
<TextEquiv><Unicode>Verfolgungen zuziehen würde; endlich deren Beantwortung ihm</Unicode></TextEquiv>
</TextLine>

<TextLine id="line_16">
<Coords points="304,1120 380,1120 412,1118 512,1118 550,1116 646,1116 672,1116 891,1116 926,1115 1015,1115 1047,1114 1294,1114 1324,1115 1536,1115 1536,1158 1324,1158 1294,1150 1047,1150 1015,1149 926,1149 891,1160 672,1160 646,1158 550,1158 512,1152 412,1152 380,1154 304,1154 304,1120"/>
<Baseline points="304,1154 380,1154 412,1152 512,1152 550,1158 646,1158 672,1160 891,1160 926,1149 1015,1149 1047,1150 1294,1150 1324,1158 1536,1158"/>
<TextEquiv><Unicode>oder einem ſeiner Angehörigen einen unmittelbaren Vermögens-</Unicode></TextEquiv>
</TextLine>

<TextLine id="line_17">
<Coords points="302,1173 428,1173 452,1170 653,1170 677,1170 796,1170 822,1169 923,1169 949,1169 1022,1169 1048,1169 1114,1169 1139,1169 1196,1169 1215,1168 1389,1168 1415,1169 1469,1169 1492,1169 1536,1169 1536,1204 1492,1204 1469,1204 1415,1204 1389,1212 1215,1212 1196,1204 1139,1204 1114,1212 1048,1212 1022,1212 949,1212 923,1213 822,1213 796,1213 677,1213 653,1214 452,1214 428,1217 302,1217 302,1173"/>
<Baseline points="302,1217 428,1217 452,1214 653,1214 677,1213 796,1213 822,1213 923,1213 949,1212 1022,1212 1048,1212 1114,1212 1139,1204 1196,1204 1215,1212 1389,1212 1415,1204 1469,1204 1492,1204 1536,1204"/>
<TextEquiv><Unicode>ſchaden verurſachen würde, jedoch auch hier mit Ausſchluß der im</Unicode></TextEquiv>
</TextLine>

<TextLine id="line_18">
<Coords points="302,1229 331,1229 346,1227 415,1227 441,1228 495,1228 511,1224 690,1224 710,1224 933,1224 951,1223 1042,1223 1057,1223 1095,1223 1142,1223 1187,1223 1210,1223 1246,1223 1271,1223 1347,1223 1368,1223 1534,1223 1534,1267 1368,1267 1347,1265 1271,1265 1246,1263 1210,1263 1187,1257 1142,1257 1095,1267 1057,1267 1042,1267 951,1267 933,1268 710,1268 690,1268 511,1268 495,1261 441,1261 415,1262 346,1262 331,1272 302,1272 302,1229"/>
<Baseline points="302,1272 331,1272 346,1262 415,1262 441,1261 495,1261 511,1268 690,1268 710,1268 933,1268 951,1267 1042,1267 1057,1267 1095,1267 1142,1257 1187,1257 1210,1263 1246,1263 1271,1265 1347,1265 1368,1267 1534,1267"/>
<TextEquiv><Unicode>§. 350 der Civilpr.O. aufgeführten Fälle . Es iſt dieſe Beſchrän-</Unicode></TextEquiv>
</TextLine>

<TextLine id="line_19">
<Coords points="302,1282 381,1282 414,1282 470,1282 495,1278 728,1278 761,1278 849,1278 883,1277 973,1277 1009,1277 1057,1277 1091,1276 1251,1276 1277,1278 1459,1278 1486,1288 1535,1288 1535,1321 1486,1321 1459,1321 1277,1321 1251,1320 1091,1320 1057,1312 1009,1312 973,1321 883,1321 849,1322 761,1322 728,1324 495,1324 470,1317 414,1317 381,1325 302,1325 302,1282"/>
<Baseline points="302,1325 381,1325 414,1317 470,1317 495,1324 728,1324 761,1322 849,1322 883,1321 973,1321 1009,1312 1057,1312 1091,1320 1251,1320 1277,1321 1459,1321 1486,1321 1535,1321"/>
<TextEquiv><Unicode>kung der Zeugenpflicht ſchon durch die praktiſche Erwägung ge-</Unicode></TextEquiv>
</TextLine>

<TextLine id="line_20">
<Coords points="303,1337 417,1337 452,1336 514,1336 551,1334 631,1334 668,1334 717,1334 741,1332 866,1332 904,1342 941,1342 971,1333 1040,1333 1065,1331 1183,1331 1221,1332 1379,1332 1414,1333 1537,1333 1537,1367 1414,1367 1379,1375 1221,1375 1183,1375 1065,1375 1040,1367 971,1367 941,1376 904,1376 866,1377 741,1377 717,1369 668,1369 631,1376 551,1376 514,1377 452,1377 417,1379 303,1379 303,1337"/>
<Baseline points="303,1379 417,1379 452,1377 514,1377 551,1376 631,1376 668,1369 717,1369 741,1377 866,1377 904,1376 941,1376 971,1367 1040,1367 1065,1375 1183,1375 1221,1375 1379,1375 1414,1367 1537,1367"/>
<TextEquiv><Unicode>boten, daß ſonſt ein Prozeß zu dem Zwecke angeſtellt werden</Unicode></TextEquiv>
</TextLine>

<TextLine id="line_21">
<Coords points="302,1392 422,1392 447,1400 503,1400 527,1397 589,1397 614,1388 807,1388 832,1387 897,1387 916,1385 1184,1385 1210,1396 1248,1396 1274,1386 1388,1386 1413,1387 1537,1387 1537,1430 1413,1430 1388,1428 1274,1428 1248,1430 1210,1430 1184,1431 916,1431 897,1422 832,1422 807,1432 614,1432 589,1425 527,1425 503,1426 447,1426 422,1432 302,1432 302,1392"/>
<Baseline points="302,1432 422,1432 447,1426 503,1426 527,1425 589,1425 614,1432 807,1432 832,1422 897,1422 916,1431 1184,1431 1210,1430 1248,1430 1274,1428 1388,1428 1413,1430 1537,1430"/>
<TextEquiv><Unicode>könnte, um von Jemandem eine Zeugenausſage zu ſeinem eigenen</Unicode></TextEquiv>
</TextLine>

<TextLine id="line_22">
<Coords points="304,1446 467,1446 499,1455 536,1455 570,1445 763,1445 797,1443 837,1443 861,1442 897,1442 931,1441 1007,1441 1042,1441 1114,1441 1141,1440 1310,1440 1334,1441 1463,1441 1488,1440 1537,1440 1537,1475 1488,1475 1463,1484 1334,1484 1310,1484 1141,1484 1114,1484 1042,1484 1007,1476 931,1476 897,1483 861,1483 837,1484 797,1484 763,1489 570,1489 536,1489 499,1489 467,1490 304,1490 304,1446"/>
<Baseline points="304,1490 467,1490 499,1489 536,1489 570,1489 763,1489 797,1484 837,1484 861,1483 897,1483 931,1476 1007,1476 1042,1484 1114,1484 1141,1484 1310,1484 1334,1484 1463,1484 1488,1475 1537,1475"/>
<TextEquiv><Unicode>Nachtheil zu erzwingen; ſie iſt aber auch abgeſehen hiervon be-</Unicode></TextEquiv>
</TextLine>

<TextLine id="line_23">
<Coords points="302,1502 439,1502 465,1502 507,1502 532,1501 585,1501 604,1500 709,1500 733,1498 836,1498 854,1497 1076,1497 1100,1496 1163,1496 1183,1495 1433,1495 1459,1496 1538,1496 1538,1531 1459,1531 1433,1540 1183,1540 1163,1531 1100,1531 1076,1540 854,1540 836,1541 733,1541 709,1534 604,1534 585,1536 532,1536 507,1536 465,1536 439,1545 302,1545 302,1502"/>
<Baseline points="302,1545 439,1545 465,1536 507,1536 532,1536 585,1536 604,1534 709,1534 733,1541 836,1541 854,1540 1076,1540 1100,1531 1163,1531 1183,1540 1433,1540 1459,1531 1538,1531"/>
<TextEquiv><Unicode>rechtigt, da der Staat ſeinen Unterthanen und Schutzgenoſſen keine</Unicode></TextEquiv>
</TextLine>

<TextLine id="line_24">
<Coords points="305,1557 419,1557 445,1555 629,1555 653,1554 721,1554 747,1553 855,1553 881,1551 1035,1551 1060,1551 1208,1551 1233,1550 1350,1550 1376,1551 1427,1551 1452,1549 1539,1549 1539,1592 1452,1592 1427,1594 1376,1594 1350,1593 1233,1593 1208,1595 1060,1595 1035,1594 881,1594 855,1597 747,1597 721,1597 653,1597 629,1600 445,1600 419,1601 305,1601 305,1557"/>
<Baseline points="305,1601 419,1601 445,1600 629,1600 653,1597 721,1597 747,1597 855,1597 881,1594 1035,1594 1060,1595 1208,1595 1233,1593 1350,1593 1376,1594 1427,1594 1452,1592 1539,1592"/>
<TextEquiv><Unicode>Pflicht auferlegen ſoll, welche dieſelben nöthigen könnte, ſich ſelbſt</Unicode></TextEquiv>
</TextLine>

<TextLine id="line_25">
<Coords points="307,1613 384,1613 407,1611 474,1611 501,1610 726,1610 753,1618 790,1618 815,1607 984,1607 998,1635 1006,1635 1038,1617 1074,1617 1099,1606 1295,1606 1320,1606 1394,1606 1419,1615 1456,1615 1480,1608 1541,1608 1541,1640 1480,1640 1456,1648 1419,1648 1394,1640 1320,1640 1295,1649 1099,1649 1074,1650 1038,1650 1006,1648 998,1648 984,1650 815,1650 790,1651 753,1651 726,1653 501,1653 474,1654 407,1654 384,1647 307,1647 307,1613"/>
<Baseline points="307,1647 384,1647 407,1654 474,1654 501,1653 726,1653 753,1651 790,1651 815,1650 984,1650 998,1648 1006,1648 1038,1650 1074,1650 1099,1649 1295,1649 1320,1640 1394,1640 1419,1648 1456,1648 1480,1640 1541,1640"/>
<TextEquiv><Unicode>oder ihre Angehörigen zu verrathen, zu beſchädigen oder zu ent-</Unicode></TextEquiv>
</TextLine>

<TextLine id="line_26">
<Coords points="307,1666 409,1666 459,1664 758,1664 791,1662 826,1662 865,1663 909,1663 947,1660 1243,1660 1278,1659 1376,1659 1411,1660 1540,1660 1540,1703 1411,1703 1376,1701 1278,1701 1243,1703 947,1703 909,1697 865,1697 826,1704 791,1704 758,1707 459,1707 409,1709 307,1709 307,1666"/>
<Baseline points="307,1709 409,1709 459,1707 758,1707 791,1704 826,1704 865,1697 909,1697 947,1703 1243,1703 1278,1701 1376,1701 1411,1703 1540,1703"/>
<TextEquiv><Unicode>ehren. Deſſenungeachtet iſt im Strafprozeß dieſes Prinzip</Unicode></TextEquiv>
</TextLine>

<TextLine id="line_27">
<Coords points="307,1731 370,1731 403,1722 437,1722 471,1719 539,1719 572,1717 860,1717 885,1716 986,1716 1021,1716 1085,1716 1119,1716 1151,1716 1185,1714 1252,1714 1277,1723 1372,1723 1398,1712 1543,1712 1543,1756 1398,1756 1372,1757 1277,1757 1252,1757 1185,1757 1151,1750 1119,1750 1085,1751 1021,1751 986,1757 885,1757 860,1754 572,1754 539,1762 471,1762 437,1755 403,1755 370,1757 307,1757 307,1731"/>
<Baseline points="307,1757 370,1757 403,1755 437,1755 471,1762 539,1762 572,1754 860,1754 885,1757 986,1757 1021,1751 1085,1751 1119,1750 1151,1750 1185,1757 1252,1757 1277,1757 1372,1757 1398,1756 1543,1756"/>
<TextEquiv><Unicode>nur in ſehr unvollkommener Weiſe und in ſehr engen Gränzen</Unicode></TextEquiv>
</TextLine>

<TextLine id="line_28">
<Coords points="305,1774 476,1774 502,1773 630,1773 642,1800 651,1800 677,1773 782,1773 808,1772 862,1772 888,1770 1084,1770 1109,1776 1170,1776 1196,1769 1248,1769 1272,1768 1435,1768 1464,1771 1541,1771 1541,1802 1464,1802 1435,1811 1272,1811 1248,1803 1196,1803 1170,1804 1109,1804 1084,1814 888,1814 862,1806 808,1806 782,1808 677,1808 651,1815 642,1815 630,1808 502,1808 476,1811 305,1811 305,1774"/>
<Baseline points="305,1811 476,1811 502,1808 630,1808 642,1815 651,1815 677,1808 782,1808 808,1806 862,1806 888,1814 1084,1814 1109,1804 1170,1804 1196,1803 1248,1803 1272,1811 1435,1811 1464,1802 1541,1802"/>
<TextEquiv><Unicode>anerkannt worden, indem der Geſetzgeber von der Annahme aus-</Unicode></TextEquiv>
</TextLine>

<TextLine id="line_29">
<Coords points="306,1830 397,1830 431,1828 493,1828 527,1829 571,1829 596,1826 946,1826 972,1824 1150,1824 1184,1824 1232,1824 1258,1822 1446,1822 1482,1822 1538,1822 1538,1856 1482,1856 1446,1865 1258,1865 1232,1858 1184,1858 1150,1867 972,1867 946,1869 596,1869 571,1862 527,1862 493,1870 431,1870 397,1873 306,1873 306,1830"/>
<Baseline points="306,1873 397,1873 431,1870 493,1870 527,1862 571,1862 596,1869 946,1869 972,1867 1150,1867 1184,1858 1232,1858 1258,1865 1446,1865 1482,1856 1538,1856"/>
<TextEquiv><Unicode>geht, daß im ſtrafprozeſſualiſchen Verfahren ein Mißbrauch des</Unicode></TextEquiv>
</TextLine>

<TextLine id="line_30">
<Coords points="304,1882 601,1882 628,1891 665,1891 690,1881 809,1881 826,1878 970,1878 989,1878 1042,1878 1069,1879 1127,1879 1145,1878 1235,1878 1262,1878 1309,1878 1327,1876 1539,1876 1539,1919 1327,1919 1309,1913 1262,1913 1235,1921 1145,1921 1127,1914 1069,1914 1042,1914 989,1914 970,1924 826,1924 809,1916 690,1916 665,1925 628,1925 601,1928 304,1928 304,1882"/>
<Baseline points="304,1928 601,1928 628,1925 665,1925 690,1916 809,1916 826,1924 970,1924 989,1914 1042,1914 1069,1914 1127,1914 1145,1921 1235,1921 1262,1913 1309,1913 1327,1919 1539,1919"/>
<TextEquiv><Unicode>Zeugnißzwanges zu andern Zwecken als den durch die Strafrechts-</Unicode></TextEquiv>
</TextLine>

<TextLine id="line_31">
<Coords points="306,1937 407,1937 446,1936 615,1936 651,1938 728,1938 754,1947 790,1947 817,1936 991,1936 1033,1935 1074,1935 1108,1935 1172,1935 1206,1933 1268,1933 1303,1934 1343,1934 1345,1931 1542,1931 1542,1976 1345,1976 1343,1968 1303,1968 1268,1976 1206,1976 1172,1970 1108,1970 1074,1978 1033,1978 991,1979 817,1979 790,1981 754,1981 728,1980 651,1980 615,1981 446,1981 407,1982 306,1982 306,1937"/>
<Baseline points="306,1982 407,1982 446,1981 615,1981 651,1980 728,1980 754,1981 790,1981 817,1979 991,1979 1033,1978 1074,1978 1108,1970 1172,1970 1206,1976 1268,1976 1303,1968 1343,1968 1345,1976 1542,1976"/>
<TextEquiv><Unicode>pflege gebotenen nicht zu befürchten ſei und daß das ſtaatliche</Unicode></TextEquiv>
</TextLine>

</TextRegion>
<TextRegion id="block_1" custom="structure {type:header;}">
<Coords points="700,152 700,189 1127,189 1127,152 700,152"/>
<TextLine id="line_32">
<Coords points="700,154 725,154 746,153 806,153 847,153 900,153 920,152 1127,152 1127,189 920,189 900,182 847,182 806,182 746,182 725,189 700,189 700,154"/>
<Baseline points="700,189 725,189 746,182 806,182 847,182 900,182 920,189 1127,189"/>
<TextEquiv><Unicode>§. 105. Die Zeugenpflicht.</Unicode></TextEquiv>
</TextLine>

</TextRegion>
<TextRegion id="block_2" custom="structure {type:pageNum;}">
<Coords points="297,158 297,192 363,192 363,158 297,158"/>
<TextLine id="line_33">
<Coords points="297,158 363,158 363,192 297,192 297,158"/>
<Baseline points="297,192 363,192"/>
<TextEquiv><Unicode>174</Unicode></TextEquiv>
</TextLine>

</TextRegion>
<TextRegion id="block_3" custom="structure {type:note;}">
<Coords points="431,2044 431,2083 429,2088 429,2129 429,2134 307,2134 307,2173 309,2180 309,2220 309,2229 432,2229 432,2265 432,2274 432,2312 753,2312 753,2274 927,2274 927,2265 927,2229 1471,2229 1471,2220 1471,2180 1546,2180 1546,2173 1546,2134 1546,2129 1546,2088 1294,2088 1294,2083 1294,2044 431,2044"/>
<TextLine id="line_34">
<Coords points="431,2047 681,2047 702,2048 726,2048 748,2047 792,2047 832,2045 1020,2045 1042,2045 1068,2045 1088,2045 1143,2045 1164,2044 1196,2044 1218,2044 1294,2044 1294,2072 1218,2072 1196,2080 1164,2080 1143,2073 1088,2073 1068,2080 1042,2080 1020,2081 832,2081 792,2075 748,2075 726,2081 702,2081 681,2083 431,2083 431,2047"/>
<Baseline points="431,2083 681,2083 702,2081 726,2081 748,2075 792,2075 832,2081 1020,2081 1042,2080 1068,2080 1088,2073 1143,2073 1164,2080 1196,2080 1218,2072 1294,2072"/>
<TextEquiv><Unicode>Strafproz.Ordn. §. 51. Civilproz.O. §. 348 Z. 1—3.</Unicode></TextEquiv>
</TextLine>

<TextLine id="line_35">
<Coords points="429,2093 474,2093 503,2093 549,2093 578,2093 735,2093 765,2092 841,2092 870,2091 1097,2091 1130,2091 1184,2091 1216,2090 1261,2090 1290,2088 1471,2088 1501,2089 1546,2089 1546,2117 1501,2117 1471,2125 1290,2125 1261,2118 1216,2118 1184,2119 1130,2119 1097,2127 870,2127 841,2121 765,2121 735,2129 578,2129 549,2122 503,2122 474,2128 429,2128 429,2093"/>
<Baseline points="429,2128 474,2128 503,2122 549,2122 578,2129 735,2129 765,2121 841,2121 870,2127 1097,2127 1130,2119 1184,2119 1216,2118 1261,2118 1290,2125 1471,2125 1501,2117 1546,2117"/>
<TextEquiv><Unicode>In der Zuziehung eines Urkundszeugen und der Uebernahme der</Unicode></TextEquiv>
</TextLine>

<TextLine id="line_36">
<Coords points="307,2138 443,2138 462,2139 535,2139 555,2139 653,2139 672,2138 738,2138 757,2138 803,2138 822,2136 953,2136 982,2136 1057,2136 1077,2136 1232,2136 1245,2136 1410,2136 1440,2134 1546,2134 1546,2170 1440,2170 1410,2169 1245,2169 1232,2171 1077,2171 1057,2164 982,2164 953,2172 822,2172 803,2167 757,2167 738,2173 672,2173 653,2173 555,2173 535,2168 462,2168 443,2173 307,2173 307,2138"/>
<Baseline points="307,2173 443,2173 462,2168 535,2168 555,2173 653,2173 672,2173 738,2173 757,2167 803,2167 822,2172 953,2172 982,2164 1057,2164 1077,2171 1232,2171 1245,2169 1410,2169 1440,2170 1546,2170"/>
<TextEquiv><Unicode>Funktion eines ſolchen liegt der Abſchluß eines Zeugenvertrages, welcher</Unicode></TextEquiv>
</TextLine>

<TextLine id="line_37">
<Coords points="309,2184 366,2184 387,2184 593,2184 612,2183 829,2183 850,2183 894,2183 916,2182 957,2182 979,2182 1026,2182 1046,2181 1132,2181 1153,2180 1299,2180 1320,2180 1471,2180 1471,2215 1320,2215 1299,2216 1153,2216 1132,2218 1046,2218 1026,2217 979,2217 957,2211 916,2211 894,2211 850,2211 829,2220 612,2220 593,2220 387,2220 366,2213 309,2213 309,2184"/>
<Baseline points="309,2213 366,2213 387,2220 593,2220 612,2220 829,2220 850,2211 894,2211 916,2211 957,2211 979,2217 1026,2217 1046,2218 1132,2218 1153,2216 1299,2216 1320,2215 1471,2215"/>
<TextEquiv><Unicode>eine weitergehende Zeugnißpflicht als die auf Geſetz beruhende begründet.</Unicode></TextEquiv>
</TextLine>

<TextLine id="line_38">
<Coords points="432,2229 618,2229 638,2231 664,2231 683,2230 737,2230 760,2229 824,2229 848,2229 927,2229 927,2256 848,2256 824,2265 760,2265 737,2257 683,2257 664,2265 638,2265 618,2265 432,2265 432,2229"/>
<Baseline points="432,2265 618,2265 638,2265 664,2265 683,2257 737,2257 760,2265 824,2265 848,2256 927,2256"/>
<TextEquiv><Unicode>Civilproz.O. §. 350 Ziff. 1—4.</Unicode></TextEquiv>
</TextLine>

<TextLine id="line_39">
<Coords points="432,2275 620,2275 641,2276 665,2276 688,2274 753,2274 753,2303 688,2303 665,2311 641,2311 620,2312 432,2312 432,2275"/>
<Baseline points="432,2312 620,2312 641,2311 665,2311 688,2303 753,2303"/>
<TextEquiv><Unicode>Civilproz.O. §. 349.</Unicode></TextEquiv>
</TextLine>

</TextRegion>
</Page>
</PcGts>