1600 2527
115 263 1344 309 Jedoch kann an Stelle derſelben die Zuſtändigkeit des Reichsge-
115 317 1346 363 richts begründet werden in Strafſachen wegen Zuwiderhandlungen
115 372 1346 418 gegen die Vorſchriften über die Erhebung öffentlicher, in die
115 427 1345 473 Reichskaſſe fließender Abgaben und Gefälle, ſofern die Staats-
114 482 1347 528 anwaltſchaft bei der Einſendung der Akten an das Reviſionsgericht
113 538 1345 584 den Antrag ſtellt, daß der Fall zur Entſcheidung des Reichsgerichts
116 592 1346 639 gebracht werde . Bei den Reichsſteuergeſetzen iſt eine gleichmäßige
113 648 1346 694 Anwendung der zur Sicherung ihrer Durchführung gegebenen Vor-
114 702 1346 748 ſchriften für den Reichsfiskus von hervorragendem Intereſſe und
116 757 1346 803 aus dieſem Grunde die wenigſtens fakultative Zuſtändigkeit des
115 813 1346 859 Reichsgerichts erforderlich. Es handelt ſich hier um eine Modifi-
117 868 1347 914 kation eines prozeßrechtlichen Grundſatzes aus einem ſtaatsrecht-
115 922 365 966 lichen Motive.
203 1016 1229 1063 II. Die beſondere ſtreitige Gerichtsbarkeit.
201 1089 1347 1134 Da der Begriff der ordentlichen ſtreitigen Gerichtsbarkeit
114 1144 1347 1189 durch zwei Momente beſtimmt wird, ſo hat er auf dem Gebiete
115 1199 1347 1244 der ſtreitigen Gerichtsbarkeit ſelbſt einen doppelten Gegenſatz: die
116 1253 1347 1299 Gerichtsbarkeit in bürgerlichen Rechtsſtreitigkeiten und Strafſachen,
115 1309 1347 1355 welche durch beſondere Gerichte ausgeübt wird, und die Ge-
112 1364 1346 1410 richtsbarkeit der ordentlichen Gerichte in andern Rechtsſtreitig-
114 1418 1347 1465 keiten als in bürgerlichen Prozeſſen und Strafſachen. In beiden
118 1474 1098 1519 Beziehungen ſteht dem Reich eine Gerichtsbarkeit zu.
252 1528 1346 1575 1. Die beſonderen Reichsgerichte zur Entſchei-
207 1584 1346 1630 dung von bürgerlichen Rechtsſtreitigkeiten und
207 1639 486 1683 Strafſachen.
203 1695 1349 1741 a) Die Konſulargerichte. Die Konſulargerichtsbarkeit
114 1749 1348 1795 des Reiches iſt räumlich beſchränkt auf diejenigen Länder, in
114 1803 1346 1850 welchen ihre Ausübung durch Herkommen oder durch Staatsvertrag
114 1857 1346 1906 geſtattet iſt . Dieſe Länder ſind zur Zeit China , Siam ,
1298 182 1343 216 63
422 180 1041 218 §. 99. Die Gerichtsbarkeit des Reichs.
237 1950 735 1989 Gerichtsverf.Geſ. §. 136 Abſ. 2.
232 1996 1349 2035 Der Bd. I. S. 366 ff. dargeſtellte Rechtszuſtand iſt durch das Reichs-
113 2041 1348 2081 geſetz über die Konſulargerichtsbarkeit v. 10. Juli 1879
111 2087 692 2126 (R.G.Bl. S. 197) modifizirt worden.
233 2134 1348 2173 Konſular-Gerichtsb.Geſ. §. 1 Abſ. 1. Vgl. Brauer, die Deutſchen
116 2180 1220 2219 Juſtizgeſetze und die Konſulargerichtsbarkeit. Berlin 1879 S. 122 ff.
233 2226 1347 2265 (Preuß.) Staatsvertrag v. 2. Sept. 1861 (Preuß. Geſ.S. 1863 S. 265)
122 2272 305 2300 Art. 37. 38.
235 2317 1348 2357 (Preuß.) Staatsvertr. v. 7. Sept. 1862 (Pr.Geſ.S. 1864 S. 717) Art. 9 ff.
