1600 2610
551 214 1165 252 §. 9. Das Subject der Reichsgewalt.
220 306 1488 355 legitimirten Bevollmächtigten abgegebenen Stimme bleibt die Frage,
221 364 1488 411 nach welchen ſtaatsrechtlichen Grundſätzen die Inſtruction des
223 421 941 467 Bevollmächtigten zu beurtheilen iſt .
319 476 1488 523 Die Verantwortlichkeit bezieht ſich ferner nicht auf die Be-
220 533 1490 581 ſchlüſſe des Bundesraths , noch viel weniger auf Reichsgeſetze,
221 589 1490 637 bei denen der Bundesrath überdies durch die Zuſtimmung des
223 646 1469 694 Reichstages gedeckt iſt. Der Einzelſtaat ſteht unter dem Reich;
220 704 1491 751 weder hat die Einzelregierung den Beruf und die Verpflichtung
221 759 1493 807 die Regierungshandlungen des Reiches zu rechtfertigen und zu
220 816 1491 862 verantworten, noch hat der Einzellandtag die Berechtigung, eine
219 872 1490 919 ſolche Rechtfertigung und Verantwortung zu fordern. Eine par-
220 927 1491 974 lamentariſche Verantwortlichkeit beſteht für die Reichsregierung
221 985 1074 1032 einzig und allein dem Reichstage gegenüber.
393 1041 1492 1089 Es handelt ſich vielmehr lediglich um die Verantwortung für
221 1098 1491 1146 Regierungshandlungen des Einzelſtaates, d. h. um
220 1154 1489 1202 die Verantwortung für die Inſtructions-Ertheilung an die Vertreter
220 1210 1488 1257 des Staates im Bundesrath, reſp. für die Unterlaſſung einer In-
221 1266 1489 1314 ſtructions-Ertheilung, wo eine ſolche durch das Intereſſe des Ein-
220 1322 1488 1369 zelſtaates geboten geweſen wäre. Ob eine derartige Regierungs-
220 1378 1488 1425 handlung oder Unterlaſſung überhaupt geeignet iſt, eine juriſti-
219 1434 1491 1482 ſche Verantwortlichkeit zu begründen, iſt ausſchließlich nach dem
221 1492 1489 1539 Staatsrecht, insbeſondere nach dem Miniſter-Verantwortlichkeits-
221 1548 1110 1595 Geſetz des einzelnen Staates zu entſcheiden .
316 1605 1491 1652 Eine politiſche (parlamentariſche) Verantwortlichkeit iſt in
219 1662 1490 1709 jedem Falle vorhanden und keine Regierung wäre berechtigt, eine
223 1718 1490 1765 Rechtfertigung ihres Verhaltens und eine Darlegung der Gründe
224 218 266 250 92
349 1832 633 1868 Vgl. unten §. 28.
348 1878 1491 1917 Auf dieſem Mißverſtändniß beruhen die Ausführungen von Hierſe-
219 1926 1490 1964 menzel II. 300, Meyer Grundzüge 85 ff., Thudichum Verf. der Nordd.
225 1972 1379 2011 B. S. 117 u. v. Treitſchke in den Preuß. Jahrb. Bd. 34 S. 538.
353 2020 1493 2058 Vgl. auch v. Mohl 64 fg. Wo eine Miniſter-Anklage geſtattet iſt
220 2067 1494 2106 wegen Handlungen, welche dem Landeswohl nachtheilig ſind, kann ſehr wohl
221 2114 1494 2152 auch das Verhalten der Landesregierung im Bundesrath den Grund einer
220 2160 1494 2199 ſolchen Anklage abgeben; ebenſo die Thatſache, daß eine Regierung lange Zeit
219 2208 1491 2246 hindurch die Ernennung eines Vertreters im Bundesrath ganz unterläßt. So
220 2255 1492 2294 geſtattet das Badiſche Geſ. über die Verantw. der Miniſter v. 20. Febr.
224 2302 1493 2341 1868 §. 67 a die Miniſter.-Anklage „wegen ſchwerer Gefährdung der Sicherheit
221 2349 1491 2387 oder Wohlfahrt des Staates.“ Vgl. Samuely Miniſterverantwortl. 80. 81.
222 2395 1031 2435 Hinſichtl. Bayerns vgl. Pözl S. 598 Note 5.
