1600 2580
449 181 1359 238 §. 75. Die Verwaltung des Maß- und Gewichtsweſens.
275 289 1529 340 Normaleichungskommiſſ. getroffenen Anordnungen zu erlaſſen. Die
273 343 1531 395 Ueberwachung der vollſtändigen und genauen Ausführung dieſer
273 398 1531 452 reichsgeſetzlichen Vorſchrift ſteht nach Art. 17 der R.-V. dem Kaiſer,
275 455 1531 507 d. h. im Auftrage und in Vertretung deſſelben ſeinem Reichsmi-
274 516 836 563 niſter, dem Reichskanzler, zu.
371 566 1532 615 5. Die übereinſtimmende Normirung des Maß- u. Gewichts-
275 623 1533 675 ſyſtems und des bei der Eichung und Stempelung zu beobachten-
276 677 1533 728 den Verfahrens für das ganze Reichsgebiet hat die Wirkung, daß
276 734 1533 782 die von den Eichungsämtern durch die Stempelung ertheilte Be-
277 788 1533 841 glaubigung der Maße, Gewichte, Waagen u. ſ. w. nicht blos für
277 842 1531 892 das Gebiet des Staates, welchem die Eichungsſtelle angehört, ſon-
277 900 1535 948 dern für das geſammte Reichsgebiet Wirkſamkeit hat. Die von
278 954 1536 1005 einer Eichungsſtelle des Bundesgebietes mit dem vorſchriftsmäßigen
278 1010 1536 1062 Stempelzeichen beglaubigten Maße, Gewichte und Maßwerkzeuge
278 1068 1535 1117 dürfen im ganzen Bundesgebiete im öffentlichen Verkehr angewen-
278 1129 534 1172 det werden .
476 1215 1343 1263 IV. Die Vermeſſung von Seeſchiffen
278 1289 1537 1340 iſt ſpeziell geregelt durch die Schiffsvermeſſungs-Ordnung
280 1342 1539 1393 vom 5. Juli 1872, welche mit dem 1. Januar 1873 in Kraft
281 1398 1538 1453 getreten iſt . Dieſelbe iſt vom Bundesrath auf Grund des
283 1455 1537 1506 Art. 54 der Reichsverf. erlaſſen worden. Art. 54 Abſ. 2 lautet:
283 1509 1539 1564 „Das Reich hat das Verfahren zur Ermittelung der Ladungsfä-
280 1565 1539 1620 higkeit der Seeſchiffe zu beſtimmen, die Ausſtellung der Meßbriefe,
280 1623 1538 1674 ſowie der Schiffscertifikate zu regeln“. Dieſe Verfaſſungsbeſtimmung
283 1679 1536 1728 erkennt die Kompetenz des Reiches im Gegenſatz zur Kompetenz
282 1732 1539 1785 der Einzelſtaaten an, enhält aber keine Vorſchrift über die Form,
281 1785 1538 1841 in welcher die Anordnungen zu ergehen haben. Der Art. 54 Abſ.
284 1843 1543 1896 2 ſagt nicht: der Bundesrath hat das Verfahren u. ſ. w. zu
283 1895 1541 1952 beſtimmen, ſondern ſchweigt über die Organe, durch welche das
285 1953 1543 2008 Reich ſeine Anordnungen zu erlaſſen hat. Es kommen ſonach die
284 2010 1543 2064 allgemeinen Vorſchriften der R.-V. zur Anwendung. Dem Bun-
284 2067 1543 2119 desrath ſteht nach Art. 7 Z. 2 nur der Erlaß von allgemeinen Ver-
284 2121 1546 2178 waltungsvorſchriften zu. Die Schiffsvermeſſungs-Ordnung geht
285 2177 1545 2230 aber darüber hinaus, ſie enthält Rechtsvorſchriften ; denn ſie
260 188 343 239 450
406 2267 841 2298 M.- u. Gew.-Ord. Art. 20.
408 2313 741 2350 R.-G.-Bl. S. 270 ff.
411 2355 1544 2399 Dieſer Punkt iſt allein entſcheidend für die Frage, ob die Form des
