1600 2544
265 254 1489 318 Verletzung von ſolchen Dienſtvorſchriften, welche die Grundlage der
262 310 1487 367 Amtswirkſamkeit der Militairbeamten bilden, während alle andern
260 366 1485 424 zur Disciplinarbeſtrafung geeigneten Handlungen ſolcher Militair-
259 419 1485 482 beamten zur Zuſtändigkeit des ihnen vorgeſetzten Militairbefehls-
259 474 1485 534 habers gehören, unbeſchadet jedoch der Mitaufſicht der Verwal-
257 531 1483 598 tungsvorgeſetzten über die ſittliche Führung des untergebenen Be-
258 585 1482 649 amten . Dagegen ſteht die Disciplinargewalt über Beamte,
259 639 1482 703 welche ausſchließlich in einem militairiſchen Unterordnungsverhält-
259 694 1482 757 niß ſtehen, lediglich den Militairvorgeſetzten zu und zwar innerhalb
258 749 1481 812 derſelben Gränzen, wie über Perſonen des Soldatenſtandes .
255 804 1483 865 Soweit die Verwaltungsvorgeſetzten die Disciplinarſtrafgewalt aus-
258 858 1481 924 zuüben haben, regelt ſich dieſelbe nach dem Reichsbeamten-Geſetz
257 913 1481 977 (§§. 80—83) ; ſoweit die Militairvorgeſetzten dieſelbe handhaben,
251 968 1481 1032 regelt ſich dieſelbe nach der Disciplinarſtrafordnung für das Heer
252 1023 1479 1084 (reſp. die Marine). Dies gilt auch rückſichtlich der Beſchwerde-
251 1078 1479 1137 führung über Disciplinarbeſtrafung. Ueber ſolche obere Beamte
253 1132 1480 1194 aber, welche unter einem doppelten Vorgeſetzten ſtehen, darf der
251 1188 1480 1251 Militairvorgeſetzte die Strafe des Stubenarreſtes nur in der Zeit
250 1243 1477 1306 verhängen, während welcher ſie nach § 9 des Milit.Strafgeſetzbuchs
252 1300 875 1352 unter den Kriegsgeſetzen ſtehen .
343 1354 1477 1411 In Betreff der Urlaubs-Ertheilung an Militairbeamte
250 1407 1476 1471 finden zwar im Allgemeinen dieſelben Regeln wie bei andern Reichs-
251 1462 1477 1524 beamten Anwendung , jedoch mit der Einſchränkung, daß, wenn
248 1518 1477 1581 die Kriegsbereitſchaft oder Mobilmachung der bewaffneten Macht
265 173 330 205 248
437 173 1326 224 §. 89. Die freiwillig übernommene Militairdienſtpflicht.
369 1658 879 1699 Disciplinar-Strafordnung §. 34.
366 1704 1471 1754 Die näheren Vorſchriften hierüber ſind enthalten in den §§. 8—20 und
244 1749 741 1791 33 der Disciplinarſtrafordnung.
365 1796 1473 1848 Disciplinar-Ordn. §. 35. Das Verhältniß zwiſchen R.B.G. und Discipl.-
243 1839 1473 1893 Ordn. findet einen ſehr eigenthümlichen Ausdruck in den wechſelſeitigen Ver-
243 1885 1472 1939 weiſungen. Das Beamten-Geſ. §. 123 verweiſt rückſichtlich der Disciplinar-
243 1931 1470 1986 beſtrafung der Militairbeamten auf die „beſonderen Beſtimmungen“ d. h. auf
242 1977 1468 2030 die Disciplinarſtrafordnung; die letztere verweiſt im §. 35 rückſichtlich der Aus-
241 2023 1467 2077 übung der Disciplinargewalt Seitens der Verwaltungsvorgeſetzten ebenfalls
241 2070 1468 2122 wieder auf die „beſonderen Beſtimmungen“ d. h. auf die §§. 80 fg. des Be-
241 2117 445 2154 amtengeſetzes.
365 2163 1469 2212 Discipl.Ordn. §. 32 Abſ. 2. Dagegen dürfen gegen die unteren Mili-
243 2207 1467 2262 tairbeamten Arreſtſtrafen in demſelben Maße wie gegen Unteroffiziere, welche
240 2253 1306 2305 das Portepee tragen, von den Militairvorgeſetzten verhängt werden.
362 2300 739 2344 Siehe Bd. I S. 420 fg.
