1600 2544
87 259 1311 309 litairverſorgungsweſen in einem umfaſſenden und für das ganze
88 314 1310 362 Reich geltenden Geſetze geregelt, welches ſowohl materiell als for-
87 369 1311 416 mell auf den älteren Preuß. Vorſchriften beruht . Es iſt dieß
89 423 1321 472 das Reichs-Geſetz, betreffend die Penſionirung und Verſorgung der
89 479 1313 525 Militairperſonen des Reichsheeres und der Kaiſerl. Marine, ſowie
88 534 1313 580 die Bewilligungen für die Hinterbliebenen ſolcher Perſonen, v. 27.
87 590 1312 636 Juni 1871 . Schon wenige Jahre darauf ſtellte ſich das Be-
89 645 1313 692 dürfniß nach zahlreichen Abänderungen und Ergänzungen der Be-
87 700 1313 746 ſtimmungen dieſes Geſetzes heraus; dieſelben ſind erfolgt durch
87 755 1314 802 das Reichsgeſetz v. 4. April 1874 . Den in dieſen beiden Reichs-
87 810 1313 857 geſetzen enthaltenen Beſtimmungen wurde rückwirkende Kraft bei-
92 864 1314 912 gelegt hinſichtlich der Theilnehmer am Kriege des Jahres 1870/71,
87 919 1314 967 auch wenn ſie bereits vor dem Inkrafttreten des Penſionsgeſetzes
86 975 1313 1020 verabſchiedet worden waren ; jedoch mit der Maßgabe, daß die
86 1029 1314 1075 denſelben hiernach zu bewilligenden Penſionen nicht hinter dem
88 1084 1312 1132 Betrage zurückbleiben, welcher ihnen bei etwaiger Penſionirung
88 1138 1312 1187 vor Erlaß des Reichsgeſetzes bereits zugeſtanden haben würde .
177 1195 1312 1246 Auf alle übrigen, vor dem Inkrafttreten des Geſ. v. 27. Juni
94 1250 1313 1296 1871 bereits aus dem Heere oder der Marine ausgeſchiedenen
93 1304 1313 1352 Perſonen finden die älteren Rechtsvorſchriften Anwendung; ausge-
89 1360 1312 1405 nommen die Beſtimmungen des Reichsgeſetzes über Zahlbarkeit,
69 1415 1312 1464 Kürzung, Einziehung und Wiedergewährung von Penſionen, ſo-
142 176 1223 216 §. 91. Die Verſorgung der Militairperſonen und ihrer Hinterbliebenen.
1247 185 1311 216 277
211 1560 1312 1600 Inzwiſchen war auch in Bayern ein Militair-Penſionsgeſetz vom
84 1607 1311 1648 28. Mai 1868 ergangen, welches ſich an die Preuß. Geſetze v. 6. Juli 1865
89 1654 531 1690 und 9. Febr. 1867 anſchloß.
208 1699 1311 1736 R.G.Bl. S. 275. Im Folgenden wird dieſes Geſetz kurzweg als Pen-
88 1747 332 1785 ſionsgeſetz citirt.
206 1793 1312 1828 R.G.Bl. S. 25. Im Folgenden als Novelle citirt. Der Bundes-
88 1838 1312 1875 rath hat zu den beiden Penſionsgeſetzen auf Grund des Art. 7 Ziff. 2 der
88 1884 1310 1921 R.V. Ausführungsbeſtimmungen beſchloſſen, welche durch Bekanntmachung v.
90 1930 1311 1968 22. Febr. 1875 im Centralbl. des D. R. 1875 S. 142 ff. veröffentlicht worden
88 1976 1311 2013 ſind. Die Frage, ob das Bayern zuſtehende Sonderrecht in Militair-Ange-
88 2022 1311 2060 legenheiten ſich auch auf den Erlaß beſonderer Ausführungsbeſtimmungen zum
91 2068 1311 2107 Penſionsgeſetz erſtrecke, iſt im Bundesrath verhandelt und durch einen aus-
90 2114 1310 2152 drücklichen Beſchluß verneinend entſchieden worden. Protokolle des
96 2160 598 2199 Bundesrathes 1875 §. 124.
207 2206 854 2244 Penſ.Geſ. §. 47. 112. Novelle §. 17. 23.
206 2252 536 2291 Penſ.Geſ. §. 46. 111.
