1600 2610
138 267 1403 331 Herkunft nach angehörig ; im Art. 6 a. E. iſt ausdrücklich die
137 324 1402 382 Rede von „Angehörigen der abgetretenen Gebiete, welche deutſche
134 380 1400 440 Unterthanen geworden ſind“ . Die Angehörigen des Reichs-
134 438 1400 494 landes waren ſonach zunächſt unmittelbare Unterthanen des Reiches,
140 495 1404 555 nicht wie die Angehörigen der anderen Staaten Unterthanen des
143 551 1408 614 Heimathsſtaates und mit und durch dieſen Reichsunterthanen. Erſt
141 608 1403 668 durch die Einführung des Geſ. v. 1. Juni 1870 in Elſaß-Lothr.
142 667 1405 724 durch Geſ. v. 8. Januar 1873 hat die Annahme einer Staats-
139 720 1406 783 angehörigkeit im Gegenſatz zur Reichsangehörigkeit in Elſaß-Lothr.
140 777 1407 838 eine ſcheinbare geſetzliche Rechtfertigung gewonnen. Dieſes Geſetz
142 834 1405 890 erklärt aber im §. 3, daß durch die Geburt eheliche Kinder
142 890 1411 948 eines Deutſchen die Staatsangehörigkeit des Vaters, uneheliche Kinder
147 946 1410 1005 einer Deutſchen die Staatsangehörigkeit der Mutter erwerben;
145 1003 1411 1062 es verleiht alſo Niemandem, der zur Zeit des Erlaſſes dieſes Ge-
145 1059 1414 1121 ſetzes bereits geboren war, eine Staatsangehörigkeit, die er nicht
144 1116 1411 1177 bis dahin ſchon hatte. Ebenſo ſetzen die §§. 4 u. 5 voraus, daß
145 1175 1414 1230 der Vater, welcher ein uneheliches Kind legitimirt, oder der Mann,
147 1229 1412 1288 welcher ſich verheirathet, eine Staatsangehörigkeit bereits hat.
145 1285 1415 1341 Keine Beſtimmung des Geſetzes aber ſagt, daß alle Perſonen,
142 1340 1411 1400 welche bereits vor Einführung deſſelben von Bewohnern Elſaß-
149 1397 1411 1456 Lothringens erzeugt oder legitimirt worden ſind, reſp. einen Be-
148 1453 1417 1513 wohner des Reichslandes geheirathet haben, die elſaß-lothringiſche
149 1510 1418 1570 Staatsangehörigkeit erhalten. Die §§. 3 bis 5 ſind daher in
153 1569 1421 1627 Elſaß-Lothringen überhaupt nur anwendbar, abgeſehen von den in
153 1624 1418 1683 Elſaß-Lothringen eingewanderten Angehörigen der übrigen Bundes-
153 1681 1417 1738 ſtaaten, wenn man „Staatsangehörigkeit“ durch Reichsangehörig-
149 1736 1419 1794 keit erſetzt. Deutſche, Reichsangehörige, ſind die Einwohner des
155 1795 1417 1851 Reichslandes durch den Verſailler oder Frankfurter Frieden gewor-
150 1847 1420 1907 den, nicht durch irgend einen der im Geſetz v. 1. Juni 1870 auf-
154 1905 1425 1964 geführten Erwerbsgründe und dieſe deutſche Reichsangehörigkeit
154 1962 1424 2019 übertragen ſie gemäß §. 3—5 des erwähnten Geſetzes auf Kin-
153 2018 1425 2075 der und Ehefrauen. Es könnte daher von einem Erwerbe der
153 2073 1425 2133 elſaß-lothringiſchen Staatsangehörigkeit nach Maaßgabe des Geſ.
469 178 1066 222 §. 54. Bundesglied und Reichsland.
1331 175 1398 209 597
279 2177 1426 2225 An der Mehrzahl der Stellen ſpricht auch der deutſche Text von „Per-
158 2224 1427 2275 ſonen, welche aus den abgetretenen Landestheilen herſtammen“. Z. B. Art. 2
157 2278 918 2322 Abſ. 3. Art. 4. Art. 10. Schlußprotok. Ziff. 1.
279 2318 1428 2367 Franzöſ. Text: individus originaires des territeires cédés qui seront
154 2371 908 2414 devenus sujets allemands. Aehnlich Art. 15.
