1600 2580
363 298 1519 345 Die Telegraphen-Verwaltung war in Preußen von der Poſt-
270 354 1521 401 verwaltung gänzlich getrennt und in eine nähere Verbindung mit
270 410 1520 456 der Armee-Verwaltung gebracht. Im Nordd. Bunde wurde ſie
270 466 1521 512 neben der Poſtverwaltung als ſelbſtſtändiges Reſſort dem Bundes-
269 522 1523 568 kanzler-Amte unterſtellt . Erſt ſeit dem 1. Januar 1876 ſind
270 577 1524 624 beide Verwaltungen aus dem Reſſort des Reichskanzler-Amtes aus-
271 634 916 679 geſchieden und vereinigt worden .
364 689 1527 736 In dem General-Poſtmeiſter haben beide Verwaltungen
271 745 1525 791 ihren gemeinſamen Chef, dem die oberſte Leitung unter Verant-
271 801 1524 847 wortlichkeit des Reichskanzlers obliegt . Die Centralbehörde zer-
272 856 1523 903 fällt zwar in 2 Abtheilungen, von denen die eine als General-Poſt-
273 912 1524 959 amt, die andere als das General-Telegraphenamt iſt , bei den
273 968 1524 1014 Oberpoſtdirektionen aber ſind die Poſt- und Telegraphen-Angelegen-
271 1024 1528 1071 heiten vereinigt und ebenſo bei den für den unmittelbaren Dienſt
271 1080 1527 1126 beſtimmten Poſtämtern, ſoweit nicht die örtlichen Verhältniſſe und
272 1136 1528 1182 der Umfang des Geſchäftsbetriebes die Trennung in Poſtämter
271 1191 891 1237 und Telegraphenämter erfordern.
369 1246 1527 1294 2. Durch die im Art. 50 der R.-V. ſanctionirten Grundſätze
272 1303 1526 1349 iſt die Kompetenz des Bundesrathes hinſichtlich der Verwaltung
273 1358 1527 1405 des Poſt- und Telegraphen-Weſens weſentlich beſchränkt. Die Be-
273 1414 1527 1463 ſchlußfaſſung über die allgemeinen Verwaltungsvorſchriften und Ein-
272 1471 1527 1518 richtungen, welche nach Art. 7 Z. 2 der Regel nach dem Bundes-
273 1526 1527 1573 rath zuſteht, iſt ausgeſchloſſen und durch das Recht des Kaiſers
274 1582 1525 1630 zum Erlaß der reglementariſchen Feſtſetzungen und allgemeinen ad-
274 1638 1526 1684 miniſtrativen Anordnungen erſetzt, dem in Bayern und Württemberg
276 1692 1527 1739 das Recht der Landesregierungen zur Leitung der Poſt- und Tele-
275 1748 1528 1795 graphen-Verwaltung entſpricht. Die Wirkſamkeit des Bundesrathes
275 1803 1530 1852 beſchränkt ſich daher, ſoweit nicht die Form der Geſetzgebung für
276 1860 1530 1906 Verwaltungs-Vorſchriften und Einrichtungen Verwendung findet,
276 1914 1529 1962 vorzüglich auf diejenigen Poſt- und Telegraphen-Angelegenheiten,
276 1970 1527 2018 welche andere Verwaltungszweige, z. B. Eiſenbahnen, Militär-
270 209 337 241 352
482 206 1309 245 §. 71. Die Verwaltung der Poſt und Telegraphie.
402 2093 729 2131 Vgl. Bd. I. S. 326.
400 2137 1538 2177 Verordn. v. 22. Dez. 1875 (R.-G.-Bl. S. 379). Die näheren An-
277 2184 1528 2224 ordnungen über die Behörden-Organiſation dieſer Verwaltung ſiehe Bd. I.
277 2234 440 2271 S. 615 ff.
399 2277 1529 2316 Die dem General-Poſtmeiſter vorbehaltenen Angelegenheiten führt die
276 2324 1274 2364 Allgem. Dienſtanw. Abſchn. I. §. 4 (Bd. I. S. 7) auf.
402 2370 1527 2410 Ueber den Geſchäftskreis derſelben vgl. die Allgem. Dienſtanweiſ. I. §. 5.
