1600 2610
275 225 1548 290 wird in der Art konſtituirt, daß der Wahlvorſteher bei Eröffnung
276 280 1547 344 der Wahlhandlung den Protokollführer und die Beiſitzer mittelſt
275 338 1545 396 Handſchlags an Eidesſtatt verpflichtet . Der Wahlvorſtand nimmt
274 393 1540 457 an einem Tiſche Platz, der ſo aufgeſtellt wird, daß derſelbe von
274 449 1544 506 allen Seiten zugänglich iſt. Auf dieſen Tiſch wird ein verdecktes
274 504 1542 566 Gefäß (Wahlurne) zum Hineinlegen der Stimmzettel geſtellt. Vor
272 562 1544 627 dem Beginn der Abſtimmung hat ſich der Wahlvorſtand davon zu
271 618 1543 681 überzeugen, daß daſſelbe leer iſt . Zu keiner Zeit der Wahlhand-
271 674 1542 739 lung dürfen weniger als drei Mitglieder des Wahlvorſtandes ge-
271 733 1540 794 genwärtig ſein. Der Wahlvorſtand und der Protokollführer dürfen
270 788 1449 850 ſich während der Wahlhandlung nicht gleichzeitig entfernen .
365 846 1542 907 4) Die Stimmabgabe erfolgt durch Stimmzettel, welche
268 900 1542 962 in die Wahlurne niedergelegt werden. Die Reichsverfaſſung Art. 20
269 956 1541 1016 ſchreibt „geheime Abſtimmung“ vor ; eine Reihe von Beſtim-
268 1015 1542 1075 mungen, welche Wahlgeſetz und Wahlreglement enthalten, haben
269 1070 1541 1132 den Zweck, die Durchführung dieſes Verfaſſungs-Prinzips zu ſichern
267 1127 1538 1189 und gleichzeitig der damit leicht verbundenen Gefahr von Fäl-
267 1182 1538 1244 ſchungen und Betrug vorzubeugen . Die erheblichſten ſind fol-
268 1238 436 1285 gende :
360 1297 1535 1350 a) Das Wahlrecht muß in Perſon ausgeübt werden. Abwe-
263 1350 1535 1409 ſende können weder durch Stellvertreter, noch in irgend einer an-
265 1408 1538 1465 dern Art an der Wahl theilnehmen . Der Wähler tritt an den
266 1465 1535 1525 Wahltiſch und giebt ſeinen Namen, beziehungsweiſe ſeine Wohnung
266 1523 1536 1579 an. Erſt wenn der Protokollführer den Namen des Wählers in
263 1579 1533 1636 der Wählerliſte aufgefunden hat, wird derſelbe zur Ausübung des
264 1635 1536 1688 Wahlrechts zugelaſſen. Der Protokollführer vermerkt neben dem
280 134 346 165 542
463 133 1368 184 §. 49. Die Bildung des Reichstages. Das Wahlrecht.
386 1767 651 1805 Wahlregl. §. 12.
386 1813 701 1851 Wahlreglem. §. 11.
389 1860 826 1900 Wahlregl. §. 12 Abſ. 2. 3.
385 1909 1530 1956 Die Annahme v. Mohl’s Krit. Bemerk. S. 69, daß die Reichsverfaſſ.
259 1954 1531 2004 die Abſtimmung des einzelnen Wählers nicht als eine geheime bezeichnet, be-
258 2002 763 2043 ruht wohl auf einem Verſehen.
386 2050 1531 2098 Dieſe Beſtimmungen ſind meiſtens dem franzöſiſchen décret réglemen-
256 2097 1354 2144 taire vom 2. Febr. 1852 wörtlich entnommen. v. Mohl a. a. O.
384 2137 1532 2191 Das in der Verfaſſung ſanctionirte Prinzip hat aber noch vielfach an-
257 2191 1531 2237 dere Conſequenzen; insbeſondere iſt jede obrigkeitliche, namentlich zeugeneidliche
256 2238 1528 2285 Vernehmung von Wählern, wie ſie gewählt haben, unzuläſſig. Vgl. auch
258 2284 1005 2329 Stenogr. Berichte 1874. I. Seſſ. S. 724 fg.
385 2331 939 2374 Wahlgeſ. §. 10. Wahlregl. §. 14.
