1600 2574
412 128 1153 164 Unsichtbare, farblose und farbige Aetherwellen.
122 206 1435 252 der Stäbchen würden dann als die Uebermittler der Erregung von diesen auf die
121 246 1434 293 Nerven anzusehen sein. — Ueber die Vertheilung der Stäbchen in den einzelnen
121 289 930 333 Parthien der Netzhaut siehe Brücke  und Henle.
207 340 1436 388 b. Die Wellen des Aethers sind nur dann im Stande Lichtempfin-
120 385 1436 440 dungen zu erregen, wenn sich ihre Längen innerhalb gewisser Gren-
119 440 1435 486 zen halten; namentlich sind alle Strahlen des Spektrums, deren Wellen
123 486 1436 536 länger als die rothen und kürzer als die violetten sind, unsichtbar. Der
118 536 1436 587 Grund dieser Unsichtbarkeit liegt nach Brücke darin, dass die Wel-
118 586 1435 641 len der bezeichneten Länge von den brechenden Medien des Auges
120 638 1259 690 absorbirt werden, so dass sie gar nicht zur Retina gelangen.
191 693 1435 728 Der Nachweiss, dass das Spektrum noch von zwei unsichtbaren Wellensäumen
116 731 1430 772 eingefasst ist, wird bekanntlich dadurch geführt, dass dasselbe jenseits seiner leuch-
116 774 1427 813 tenden Theile noch chemische und thermische Wirkungen veranlasst; diese Wirkun-
114 817 1431 852 gen auf die Thermosäule, auf jodirte Silberplatten, Guajactinctur u. s. w. werden nach
114 853 1430 896 Brücke aufgehoben, wenn man zwischen diese Apparate und das Spektrum die
117 895 1430 937 dursichtigen Augenmedien in der Art einschaltet, dass jene Strahlen durch letztere
117 938 363 973 dringen müssen.
206 986 1431 1035 c. Die optisch einfachen, durch das Prisma nicht weiter zerleg-
112 1032 1430 1084 baren Strahlen des sichtbaren Spektrums erzeugen insgesammt die
117 1081 1430 1135 Empfindung des Weissen, wenn die lebendige Kraft ihrer Schwingung,
117 1132 1428 1180 die Lichtintensität, eine sehr beträchtliche ist. Helmholtz, Moser.
114 1181 1429 1235 In allen andern Fällen erscheinen sie farbig; die bestimmte Farbe,
117 1237 1430 1286 welche die einfache Aetherwelle erregt, ist abhängig von ihrer Wellen-
116 1283 1430 1336 länge in der Art, dass die Wellen kürzester Länge violett, die der
113 1337 1428 1387 grössten Länge roth, die zwischen liegenden aber blau, grün, gelb,
113 1389 1429 1430 orange erscheinen. In den bezeichneten Grenzen der Lichtintensität
112 1432 1429 1483 kommt den Farben des Spektrums die Fähigkeit zu, nur einen Farben-
113 1486 1428 1533 eindruck zu erzeugen; Newton. Der berühmte Optiker Brewster
113 1533 1427 1584 hatte auf neue Versuche gestützt, die Behauptung ausgesprochen,
114 1583 1428 1634 dass jede der prismatischen Farben, die man bisher für einfach ge-
112 1632 1426 1683 halten, durch absorbirende Mittel noch weiter zerlegbar sei, so dass
113 1684 1426 1733 eine jede derselben selbst noch verschiedene Farbenempfindungen
113 1736 1423 1777 erzeugen könne. Helmholtz, der die Lehre Newtons in Schutz
111 1784 1340 1830 nimmt, hat die Gründe, aus denen Brewster irrt, nachgewiesen.
199 1836 1423 1884 d. Gemischte Strahlen erscheinen entweder weiss oder farbig.
109 1880 1422 1931 Die Empfindung des Weissen wird erzeugt durch Mischung der farbigen
110 1930 1424 1979 Strahlen in einem solchen Verhältniss, in dem sie im unzerlegten
109 1977 1424 2026 Sonnenlicht enthalten sind; ferner durch Mischung von blauen und
106 2029 1422 2074 gelben Strahlen, und endlich durch diejenige aller solchen, aus
107 2073 1422 2122 denen blau und gelb zusammengesetzt werden kann. Ueber die Far-
102 2120 1422 2175 ben, welche durch Mischung einfacher Strahlen erzeugt werden
101 2169 1424 2222 können, gibt die folgende, von Helmholtz entworfene Tabelle Auf-
100 2225 254 2260 schluss:
1366 134 1430 167 225
148 2407 1231 2452 Ludwig, Physiolog. I. 15
164 2336 1047 2371 Brücke, Beschreibung des menschlichen Augapfels. Berlin 1847.
161 2370 1025 2407 Henle in Henle u. Pfeufer Zeitschrift. Neue Folge II. Bd. 304.
