1600 2574
592 137 1106 174 Chemischer Bau des Nervenrohrs.
283 214 1502 279 Chemische Beschaffenheit . Die chemische Substanz der
192 262 1500 328 Scheide soll elastischer Stoff sein (Mulder), man schliesst das aus
190 312 1499 380 ihrem Verhalten gegen Kalien und Säuren; der Achsencylinder soll aus
190 364 1499 433 einem eiweissartigen Stoff bestehen (Kölliker), und ebenso enthält
188 412 1496 480 das Mark eiweisshaltige Stoffe in Lösung (Lehmann). Ausserdem
186 461 1495 538 hat man aus der weissen Hirnsubstanz gewonnen: Olein, Oleophos-
184 511 1493 579 phorsäure, Oelsäure; Margarinsäure, Cerebrinsäure, Cholestearin
189 561 1492 628 (Fremy). Glycerinphosphorsäure (Gobley). — Ueber die besondere
184 608 1491 679 Lagerung dieser Fette und ihr Verhalten zu den übrigen Bestandtheilen
182 657 865 704 des Nerveninhalts ist nichts bekannt.
269 708 1489 777 Leistungen des Nervenrohrs. Ein Gebilde, das wie das vor-
178 758 1487 827 liegende in Form und Atomistik verwickelt ist, wird zu zahllosen Leistun-
176 808 1484 878 gen befähigt sein, sei es, dass man es sich selbst überlässt, oder dass
176 860 1483 927 man es in Umstände führt, in denen es einen Eingriff in das Bereich der
174 905 1483 985 in ihm vorgehenden Anziehungen erfährt; zu Leistungen, deren Folgen
173 954 1483 1026 sich entweder innerhalb des Gebildes beschränken, oder sich jenseits sei-
172 1004 1481 1076 ner Grenzen erstrecken. Von dieser unendlichen Schaar möglicher Kraft-
171 1053 1479 1134 äusserungen sind bis dahin aus leicht begreiflichen Gründen nur wenige
170 1103 1478 1174 ein Gegenstand der Aufmerksamkeit gewesen. Zuerst hat sich dieselbe
169 1158 1478 1223 vorzugsweise nur den Erscheinungen zugewendet, welche der Nerv ver-
168 1202 1476 1275 anlassen kann in einigen Organen, mit welchen er in fertigen und leben-
166 1251 1476 1323 den Thierkörpern in normaler Verbindung steht, namentlich mit den Ver-
165 1301 1473 1381 änderungen, welche er in den empfindlichen Provinzen des Hirns, in
163 1350 1472 1437 den Muskeln und Drüsen herbeiführt, indem er die Acte der Empfindung,
161 1402 1472 1476 Bewegung und Absonderung anregt. Diese Aeusserungen unseres Ge-
161 1453 1470 1526 bildes führen von Alters her den Namen physiologischer Nervenfunc-
159 1504 1467 1576 tionen. Neben diesen hat die neueste Zeit noch eine andere Reihe von
157 1553 1467 1635 Aeusserungen der Nerventhätigkeit in genauere Betrachtung gezogen,
157 1602 1465 1675 nämlich diejenigen, welche sie auf eine unter besondern Umständen
156 1651 1465 1724 aufgehängte Magnetnadel zu üben vermag. Wir wenden uns nun zu-
154 1700 1463 1780 nächst zur Betrachtung dieser letzteren, den electrischen Leistungen
154 1748 1463 1827 oder Eigenschaften des Nerven, theils weil sie schärfer greifbar sind,
152 1797 1462 1869 theils weil sie uns einen tieferen Blick als alle übrigen in die innern
152 1846 1461 1919 Verhältnisse des Nervenrohrs erlauben, und endlich weil sie uns die
148 1896 1459 1973 Betrachtung der physiologischen Eigenschaften sehr erleichtern, da
149 1945 1462 2025 beide Erscheinungsreihen, so weit wir wissen, einander durchaus pa-
147 1995 1455 2075 rallel gehen, wie sich von vorneherein sogleich dadurch ankündigt,
146 2044 1003 2103 dass beide nur dem lebenden Nerv eigen sind.
234 2094 1453 2169 Electrische Eigenschaften. Die zahlreichen und wichtigen
143 2141 1453 2208 Aufschlüsse, die wir in diesem Gebiete erhalten haben, verdanken wir
143 2190 1451 2262 einzig und allein du Bois-Reymond, der seine Beobachtungen und
142 2237 1450 2307 Schlüsse in einem Werke  niedergelegt hat, das durch Tiefe und Reich-
198 125 239 153 72
168 2315 773 2360 Lehmann physiologische Chemie III. 114.
206 2355 1321 2409 Untersuchungen über thierische Electricität I. u. II. Bds. 1. Abth. Berlin 1848 u. 1849.
