1600 2607
584 135 1124 169 Weizen, Roggen, Gerste u. s. w.
197 211 1505 255 Schlossberger. Die Gesammtmenge der eiweissartigen Substanzen schwankt in
196 257 1505 300 den trockenen Körnern zwischen 14 und 24 pCt. — Das Amylon variirt in den
195 301 1505 343 trockenen Körnern zwischen 53 bis 63 pCt. (Horsford und Krocker, Boussin-
195 345 1507 386 gault). — Die Fettstoffe sind am reichlichsten in der Schaale; ihr prozentiger
196 383 1505 431 Gehalt ist zwischen 1 bis 3 pCt. veränderlich. — Holzfaser, Zucker und
195 430 1504 474 Gummi sollen insgesammt von 20 bis 30 pCt. steigen (Horsford u. Krocker).
194 474 1503 518 In diesem Gemenge nimmt die Holzfaser unzweifelhaft den niedrigsten Werth ein,
193 522 1504 563 da sie nach Boussingault 7 pCt. und nach Millon sogar nur 1 pCt. betragen
193 560 1505 605 soll. — Die mineralischen Bestandtheile (KaO, NaO, CaO, MgO, Fe2O2, PO5,
194 609 1503 650 SiO3, aber kein Cl) belaufen sich auf 1,7 bis 2,8 pCt. (Horsford, Krocker,
194 651 1506 695 Ogstone und Way) . — Das gegenseitige Verhältniss ihrer Bestandtheile ist zwar
193 696 1505 735 ein sehr veränderliches, aber immerhin machen PO5 und KaO weitaus den grössten
192 734 1508 780 Theil derselben aus. — Die Veränderlichkeit der quantitativen Zusammensetzung ist
193 785 1504 824 nachweislich nicht im Zusammenhange mit der Bodenart, auf welcher die Frucht ge-
192 825 1505 871 wachsen. Mit einiger Wahrscheinlichkeit vermuthet man dagegen eine Beziehung
192 867 1503 913 zwischen den organischen und unorganischen Bestandtheilen, da nach Millon die
194 914 1503 957 Schaale sehr reich an Salzen ist und nach Way und Ogstone  die Eiweiss-
192 960 1503 1000 stoffe eine constante Aschenmenge enthalten. Diese Asche, welche von Kekulé zer-
190 1001 1503 1046 legt ist, verdient darum noch weitere Aufmerksamkeit. — Das Wasser des Kornes
192 1054 925 1088 ist zwischen 14 und 18 pCt. gefunden worden.
263 1087 1504 1129 Von dem Inhalte des Weizenkornes geniesst man bekanntlich nur die mittleren
192 1129 1505 1170 Schichten, während man die Schaale und die ihr anhaftenden Bestandtheile in der
193 1169 1504 1217 Kleie entfernt. Diese Bereitungsmethode würde, wenn sich Kekulé’s u. Milllon’s
192 1220 1490 1263 Angaben bestätigen, eine sehr unvortheilhafte sein, da die gewöhnliche Kleie nach
190 1257 1501 1308 diesem letzten Chemiker in 100 Theilen enthält: Amylon, Zucker, Dextrin = 51;
192 1304 1504 1351 Eiweissstoffe = 14; Fett = 3,6; Holzfaser = 9,7; Wasser = 13,9. Siehe über
194 1361 639 1396 Kleien auch Anderson .
262 1385 1504 1442 e. Roggen . Der Unterschied zwischen dem Mehle, das diese Fruchtart
191 1437 1503 1482 liefert, und der vorhergehenden, liegt vorzugsweise darin, dass unter den eiweiss-
193 1482 1500 1527 haltigen Bestandtheilen weniger Pflanzenfibrin und statt dessen mehr Pflanzenleim und
194 1521 1501 1573 Eiweiss, und ein besonderer gewürzhaft schmeckender Stoff vorkommt. Soweit die
193 1567 1501 1616 vorliegenden Untersuchungen reichen, scheint aber ausserdem dasselbe Verhältniss
193 1612 1501 1662 der Eiweissstoffe, des Amylons u. s. w. zu bestehen; namentlich zeigt auch die
194 1671 782 1704 Asche eine analoge Zusammensetzung.
262 1699 1501 1749 f. Gerste, Hafer und Buchweizen liefern ebenfalls ein Mehl, das in
192 1740 1500 1788 dem Gehalte seiner wesentlichen Bestandtheile nicht merklich abweicht von dem des
193 1784 1501 1837 Weizens; Korn und Gerste enthalten mehr Holzbestandtheile als die übrigen Frucht-
194 1847 661 1883 arten (Fehling und Faist).
262 1870 1501 1926 g. Das Maismehl ist dagegen meist reicher an fettartigen Stoffen, die in ihm
193 1934 856 1968 als ein gelbes dickflüssiges Oel erscheinen.
265 1955 1501 2006 h. Der Reis endlich soll um die Hälfte ärmer an Eiweissstoffen und Asche,
194 2021 1010 2056 als der Weizen, aber dafür reicher an Amylon sein.
264 2060 1423 2098 Das Mehl aller dieser Früchte geniessen wir, nachdem es der Einwirkung einer
195 2107 1503 2150 höheren Temperatur, die zwischen 250° bis 100° C. liegt, ausgesetzt war. Durch
196 2133 1503 2191 dieselben gerinnen die in Wasser löslichen Eiweissstoffe und das Amylon quillt zu
195 2176 1478 2227 sogen. Kleister auf. — Die verbreitetste Anwendung findet das Mehl, und ins-
197 2230 1387 2271 besondere das des Roggens und Weizens im Brod; dieses wird bekanntlich so dar-
195 134 261 172 384
265 2329 1028 2354 Giessener Jahresbericht für 1849. 671 (nebst den Tabellen).
265 2346 1415 2381 Nur einzelne Beobachter (z. B. Kekulé) geben einen Cl gehalt an. Liebig’s chem. Briefe. 3. Auflage. 592.
267 2404 725 2432 Pharmaz. Centralblatt. 1854. p. 291.
268 2420 1381 2459 Knapp, l. c. p. 63. — Fehling u. Faist, Pharmazeut. Centralblatt. 1852. p. 618.
