1600 2500
68 265 1332 311 gähren, Abstinenz des Kapitalisten! Der Kapitalist beraubt seinen
70 321 1335 366 eignen Adam, wenn er die „Produktionsinstrumente dem Arbeiter
72 377 1334 420 leiht“ (!), alias sie durch Einverleibung der Arbeitskraft als Kapi-
70 433 1333 474 tal verwerthet, statt Dampfmaschinen, Baumwolle, Eisenbahnen, Dünger,
72 487 1335 532 Zugpferde u. s. f. aufzuessen oder, wie der Vulgärökonom sich das
72 544 1336 584 kindlich vorstellt, „ihren Werth“ in Luxus- und andren Konsum-
71 598 1336 641 tionsmitteln zu verprassen. Wie die Kapitalistenklasse das
71 652 1336 696 anstellen soll, ist ein von der Vulgärökonomie bisher hartnäckig bewahrtes
72 709 1337 752 Geheimniss. Genug, die Welt lebt nur noch von der Selbstkasteiung
71 764 1336 809 dieses modernen Büssers des Wischnu, des Kapitalisten. Nicht nur die
75 820 1336 862 Accumulation, die einfache „Erhaltung eines Kapitals erheischt beständige
74 876 1267 919 Kraftanstrengung, um der Versuchung zu widerstehn, es aufzuessen“.
77 931 1337 973 Die einfache Humanität gebeut also offenbar den Kapitalisten von Martyr-
73 986 1336 1028 thum und Versuchung zu erlösen, in derselben Weise wie der georgische
73 1042 1336 1085 Sklavenhalter jüngst durch Abschaffung der Sklaverei von dem schmerz-
75 1096 1335 1138 lichen Dilemma erlöst ward, ob das dem Negersklaven ausgepeitschte
75 1151 1334 1197 Mehrprodukt ganz in Champagner zu verjubeln oder auch theilweis in
75 1210 875 1252 mehr Neger und mehr Land rückzuverwandeln.
170 1262 1337 1299 In den verschiedensten ökonomischen Gesellschaftsformationen findet
77 1319 1339 1362 nicht nur einfache Reproduktion, sondern, obgleich auf verschiednem Mass-
74 1372 1339 1418 stab, Reproduktion auf erweiterter Stufenleiter statt. Es
78 1428 1340 1474 wird progressiv mehr producirt und mehr konsumirt, also auch mehr Pro-
54 1483 1341 1539 dukt in Produktionsmittel verwandelt. Dieser Prozess erscheint aber
659 173 876 208 583
211 1608 1340 1649 „No one … will sow his wheat, f. i., and allow it to remain a twelve-
77 1656 1340 1696 month in the ground, or leave his wine in a cellar for years, instead of consuming
77 1703 1339 1743 these things or their equivalent at once — — unless he expects to acquire ad-
78 1749 1336 1787 ditional value etc.“ (Scrope: „Polit. Econ.“ edit. von A. Potter,
78 1801 594 1835 New-York 1841, p. 133, 134.)
213 1834 1341 1882 „La privation que s’impose le capitaliste, en prêtant (dieser
80 1888 1341 1931 Euphemismus gebraucht, um nach probater vulgärökonomischer Manier den vom
81 1933 1342 1975 industriellen Kapitalisten exploitirten Lohnarbeiter mit dem industriellen
82 1979 1343 2024 Kapitalisten selbst zu identificiren, welcher vom Geld verleihenden Ka-
82 2024 1342 2071 pitalisten pumpt!) ses instruments de production au travailleur au lieu d’en
79 2071 1342 2112 consacrer la valeurà son propre usage, en la transformant en objets
82 2123 972 2160 d’utilité ou d’agrément.“ (G. de Molinari l. c. p. 49.)
214 2164 1343 2206 „La conservation d’un capital exige … un effort constant pour résister
80 2211 1342 2254 à la temptation de le consommer.“ (Courceuil-Senelles l. c. p. 57.)
