1600 2500
183 239 1343 283 Der antagonistische Charakter der kapitalistischen Produktion und
90 295 1343 336 Accumulation bewährt sich nirgendwo brutaler als in dem Fortschritt
89 350 1345 395 des englischen Landbaus (Viehzucht eingeschlossen) und dem Rück-
91 407 1345 449 schritt des englischen Landarbeiters. Bevor ich zu seiner gegen-
92 461 1345 505 wärtigen Lage übergehe, ein rascher Rückblick. Die moderne Agri-
93 516 1347 559 kultur datirt in England von der Mitte des 18. Jahrhunderts, obgleich die
92 564 1348 615 Umwälzung der Grundeigenthumsverhältnisse, wovon die veränderte Pro-
92 629 1095 669 duktionsweise als Grundlage ausgeht, viel früheren Datums.
185 684 1347 725 Nehmen wir die Angaben Arthur Young’s, eines genauen Be-
92 739 1347 781 obachters, obgleich elenden Denkers, über den Landarbeiter von 1771, so
93 794 1347 837 spieltletztrer eine sehr elende Rolle, verglichen mit seinem Vorgänger Ende
92 846 1346 889 des 14. Jahrhunderts, „wo er in Fülle leben und Reichthum
93 905 1346 946 accumuliren konnte“, gar nicht zu sprechen vom 15. Jahrhun-
93 960 1347 1001 dert, „dem goldnen Zeitalter der englischen Arbeiter in Stadt und
91 1015 1348 1056 Land“. Wir brauchen jedoch nicht so weit zurückzugehn. In einer sehr
90 1070 1344 1113 gehaltreichen Schrift von 1777 liest man: „Der grosse Pächter hat sich
91 1126 1346 1165 beinahe erhoben zum Niveau des Gentleman, während der arme Land-
91 1182 1345 1222 arbeiter fast zu Boden gedrückt ist … Seine unglückliche Lage zeigt
91 1237 1344 1278 sich klar durch eine vergleichende Uebersicht seiner Verhältnisse von
90 1292 1343 1332 heute und von 40 Jahr früher … Grundeigenthümer und Pächter wirken
92 1348 1345 1388 Hand in Hand zur Unterdrückung des Arbeiters“. Es wird dann im
681 149 746 182 661
92 1447 1346 1483 gleitet von einer Variation in Todesfällen und Verbrechen! (Sieh
93 1494 1346 1528 „Manifest der Maatschappij: De Vlaemingen Vooruit! Brussel
95 1540 1348 1575 1860“, p. 15, 16.) Ganz Belgien zählt 930,000 Familien, davon, nach officieller
92 1587 1346 1619 Statistik: 90,000 Reiche (Wähler), 450,000 Personen; 190,000 Familien der kleinen
92 1633 1345 1665 Mittelklasse, in Stadt und Dorf, grosser Theil davon stets in’s Proletariat fallend,
95 1680 1345 1711 1,950,000 Personen. Endlich 450,000 Arbeiterfamilien mit 2,250,000 Personen, von
91 1725 1342 1758 welchen die Musterfamilien das durch Ducpetiaux geschilderte Glück geniessen.
92 1772 1288 1803 Unter den 450,000 Arbeiterfamilien über 200,000 auf der Armenliste!
237 1818 1345 1850 James E. Th. Rogers (Prof. of Polit. Econ. in the Uni-
91 1864 1345 1897 versity of Oxford): „A History of Agriculture and Prices in
91 1911 1346 1944 England. Oxford 1866“, v. I, p. 690. Diess fleissig gearbeitete Werk um-
91 1958 1346 1984 fasst in den bisher erschienenen zwei ersten Bänden nur noch die Periode von
95 2004 1346 2030 1259—1400. Der zweite Band enthält bloss statistisches Material. Es ist die erste
91 2050 1067 2083 authentische „History of Prices“, die wir für jene Zeit besitzen.
233 2097 1346 2128 „Reasons for the late Increase of the Poorlaws; or, a
92 2142 1341 2176 comparative view of the price of labour and provisions. Lond.
93 2190 416 2222 1777“, p. 5, 14—16.
