1600 2483
232 243 1395 290 Sobald man diesen Gedanken einmal angenommen hat, erkennt
148 292 1396 334 man sofort, in wie groſser Mannigfaltigkeit solche Beschlüsse in mehr
146 342 1392 388 oder minder formloser Gestalt durch die ganze Verwaltungsthätigkeit
144 390 1393 438 sich hindurch ziehen, Verfügungen und Entscheidungen
145 439 1100 480 aller Art, die nun als gleichwertig anzusehen sind.
227 489 1390 536 Neue Namen sind entstanden, um ihrer Eigentümlichkeit gerecht
144 538 1393 578 zu werden, um anzudeuten, daſs sie mehr sind wie die alten Befehle
143 584 1392 632 des Polizeistaates. Sie geben dem Unterthanen nicht bloſs kund, was
141 633 1389 675 die Obrigkeit von ihm verlangt, sondern enthalten eine rechtliche
141 681 1390 727 Bestimmung seines Verhältnisses, die dann von der Obrigkeit selbst
139 729 1388 772 geachtet und durchgeführt werden soll, zu seinem Vorteil wie zu
141 779 1387 829 seinem Nachteil. Man spricht von einer Verwaltungsjuris-
138 826 1387 875 diktion wegen der Ähnlichkeit mit dem Urteil, das jus in concreto
137 878 1383 923 macht, von öffentlichrechtlichem Rechtsgeschäfte und
138 929 1386 972 von materieller Rechtskraft in der Verwaltung; der Name
136 976 1384 1024 Verwaltungsakt wird aus der französischen Rechtssprache über-
135 1028 1386 1076 nommen, um diese obrigkeitliche, rechtlich bedeutsame Bestimmung
135 1076 1385 1123 des Einzelfalles zu bezeichnen, und die Verwaltungsakte selbst sucht
134 1127 1385 1175 man wieder einzuteilen nach der Art der rechtlichen Bestimmung,
135 1175 699 1216 die sie dem Einzelnen geben. —
218 1224 1384 1270 Wir werden nicht in Zweifel sein können. Unser heutiges Recht
133 1272 1381 1314 hat für die Verwaltung die Idee eines obrigkeitlichen Aktes aus-
132 1322 1380 1367 gebildet, der dem früheren Rechte fremd war. Eines Aktes, der eine
133 1371 1381 1416 gewisse Verwandtschaft hat mit dem Urteile in der Justiz, manchmal
134 1420 1379 1465 dessen Gestalt vollständig annehmen kann, immer aber die rechtliche
135 1470 1384 1515 Bestimmung des Einzelfalles bedeutet. Er ist es, der das Bild des
148 158 190 190 64
518 162 1032 197 Geschichtliche Entwicklungsstufen.
255 1594 1378 1633 Der Ausdruck ist dem Englischen Recht entnommen, wo er die weite Be-
129 1636 1378 1679 deutung der jurisdictio des kan. R. hat. Gneist will damit die „quasirichterliche
129 1677 1373 1721 Stellung“ der Verwaltungsbehörden bezeichnen (Verw., Just., Rechtsweg S. 167, 170;
131 1719 1374 1760 vgl. auch Engl. V.R. I S. 388, 390, 394). Sehr gut v. Sarwey, Öff. R. u.
128 1759 1379 1802 V.R.Pfl. S. 4: Verwaltungsjurisdiktion ist „jede mit zwingender Kraft erfolgende
128 1803 1376 1841 Bestimmung menschlicher Lebensverhältnisse durch die Organe des Staates“ auſser-
128 1843 1116 1881 halb der Justiz. Ebenda S. 639 Note 1 und Allg. V.R. S. 45 ff.
255 1893 1375 1936 Der Name Rechtsgeschäft zerreiſst den Zusammenhang mit der Justiz,
125 1934 1372 1973 um die Bedeutung des Aktes für die freie Bestimmung des Rechtsverhältnisses
125 1974 1375 2013 desto mehr zu betonen (vgl. unten § 9 Note 14); umgekehrt wird die Ähnlichkeit
124 2016 1372 2060 mit der Justiz durch die Verallgemeinerung des Ausdrucks Rechtskraft übertrieben;
124 2052 1378 2103 Ulbrich, Östr. St.R. S. 438: „die materielle Rechtskraft einer Verwaltungs-
123 2097 290 2133 verfügung“.
250 2140 1369 2184 G. Meyer, V.R. I S. 32 ff.; ders. in Wörterbuch I S. 669 ff.;
124 2181 1370 2226 Loening, V.R. S. 241 ff.; Rosin, Pol. Verord. S. 8; Laband, St.R. I S. 69;
124 2221 1237 2260 Bernatzik, Rechtskraft S. 9 ff.; Ulbrich in Grünh. Ztschft. 9 S. 27 ff.
