1600 2483
605 165 965 199 § 30. Der Finanzbefehl.
165 245 1408 292 nämlichen Ausdruck ihrer Ermächtigungen diese Lücke ausfüllen
163 294 262 325 sollen.
252 343 1407 390 Also müssen wir schlieſsen, daſs die Regulative Rechtssätze
164 392 1408 438 nicht sein können. Hiermit hängt aufs innigste zusammen ein anderer
166 440 1408 486 Punkt, auf welchen schon öfters hingewiesen worden ist. Diese Re-
162 489 1406 534 gulative werden, wie erwähnt, von jeher ausschlieſslich im Central-
165 538 1406 579 blatt des Deutschen Reiches veröffentlicht. Der Rechtssatz hat aber
163 586 1404 633 seine formell bestimmte Art der Kundgabe, durch die er wirksam
164 634 1405 681 wird; für die Reichsgesetze und die Reichsverordnungen ist die einzig
164 682 1405 729 wirksame Form die Veröffentlichung im Reichsgesetzblatt. Wollten
162 730 1404 779 die Regulative Rechtssätze sein, so würden sie um dieser mangel-
159 777 1404 821 haften Verkündigung willen als solche keine verbindliche Kraft er-
160 827 1180 869 langen. Also können sie Rechtssätze nicht sein wollen.
1348 172 1410 203 437
270 968 1398 1009 Vgl. z. B. Zollges. v. 1. Juli 1869 § 152; Branntweinsteuerges. v. 24. Juni
158 1006 1402 1052 1887 § 26; Tabaksteuerges. v. 16. Juli 1879 § 40. Die Gesetze sprechen immer
156 1047 1399 1088 am Schlusse von Strafbestimmungen für „Übertretung der Vorschriften dieses Ge-
154 1091 1400 1131 setzes, sowie der infolge desselben öffentlich bekannt gemachten Verwaltungs-
157 1130 1399 1170 vorschriften“. Auf diese Übereinstimmung der Ausdrucksweise hat Arndt, Ver-
156 1171 1397 1213 ordnungsrecht S. 36 ff., mit Recht hingewiesen; seine Folgerungen sind nur die
154 1213 1398 1254 umgekehrten, insofern er überall Rechtssätze annimmt; vgl. oben § 10 Note 11.
152 1252 1395 1291 Laband, der die Rechtssatznatur der Verwaltungsvorschriften in Reichsverf. Art. 7
152 1293 1396 1336 Ziff. 2 entschieden verwirft, will die gleichbezeichneten Zoll- und Steuerregulative
151 1335 1397 1369 nichtsdestoweniger als Rechtsvorschriften anerkennen. Allein das erzielt er doch
151 1377 1397 1414 nur auf einem eigentümlichen Umwege, den wir nicht mitmachen werden. Er
150 1419 1391 1457 sagt nämlich: der § 152 des Zollgesetzes sei „ein Blankostrafgesetz, dessen That-
153 1457 1392 1499 bestände durch die Zollregulative festgestellt werden. Insoweit diesen Regulativen
149 1500 1392 1537 also die Kraft einer Rechtsvorschrift innewohnt, verdanken sie diese nicht der
149 1542 1393 1582 Autorität des Bundesratsbeschlusses, sondern der des Reichsgesetzes“. Es kann
147 1583 1390 1623 nicht verkannt werden, daſs wir damit eine ganz neue Art der Entstehung von
148 1623 1390 1662 Rechtssätzen bekämen. Der Bundesrat übt hier kein Verordnungsrecht, sonst würde
143 1664 1389 1704 ja die Rechtssatzwirkung der Regulative allerdings auf der seinem Beschlusse ver-
146 1704 1390 1744 liehenen Autorität beruhen; aber die sämtlichen Verweisungen der einzelnen Paragraphen
149 1746 1390 1785 des Zollgesetzes bedeuten keine Delegation zur Schaffung von Rechtssätzen. Ganz
148 1789 1390 1824 von ungefähr würden die Regulative zu solchen erhoben durch eine Rückwirkung der
145 1827 1389 1868 Strafbestimmung des § 152, die an sie anknüpft. Aber wird denn alles selbst
145 1868 1388 1902 Rechtssatz, was zu einem Blankettstrafrechtssatz den Thatbestand bestimmt? Dann
145 1911 1387 1946 wären wohl auch Rechtssätze die dem einzelnen Brenner „besonders“ gegebenen
144 1946 1387 1990 Vorschriften nach Branntweinsteuerges. 94. Juni 1887 § 26, oder die „vorläufigen
143 1992 1387 2040 Anordnungen“ des Tierarztes, deren Nichtbefolgung das Reichsviehseuchenges. v.
142 2032 1386 2079 23. Juni 1880 § 66 Ziff. 3 mit Strafe bedroht? Unseres Erachtens giebt es keine
142 2073 1386 2111 Rechtsvorschriften, als solche, die es aus eigner Autorität sind, sei das eine ur-
141 2119 908 2153 sprüngliche oder eine durch Delegation erworbene.
254 2157 1183 2193 Laband, St.R. I S. 611 und die dort angeführte Litteratur.
256 2199 957 2235 Laband, St.R. I S. 612 u. II S. 928 Anm. 8.
