1600 2483
232 225 1398 272 Dieser Vorbehalt des Gesetzes wird in den Verfassungsurkunden
149 275 1399 323 auf verschiedene Weise wiedergegeben. Die klassische Form ist die
150 325 1399 377 Aufstellung sogenannter Grundrechte oder Freiheitsrechte,
150 374 1400 422 wonach den Bürgern persönliche Freiheit, Unverletzlichkeit des Eigen-
151 422 1400 471 tums u. s. w. gewährleistet werden mit ausdrücklichem oder still-
151 472 1403 523 schweigendem Vorbehalt der durch das Gesetz oder auf Grund eines
153 522 1117 566 Gesetzes auch in diese Dinge zu machenden Eingriffe.
237 568 1404 615 Andere Verfassungen bestimmen, daſs ohne Zustimmung der
155 618 1403 663 Stände kein die Freiheit und das Eigentum betreffendes Gesetz er-
153 665 1404 711 lassen werden darf, — wobei wieder stillschweigend verstanden ist,
154 712 1409 759 daſs ohne solches Gesetz auch die vollziehende Gewalt keinen Eingriff
155 772 644 814 in diese Dinge machen soll.
240 811 1408 861 Noch weiter gehen mehrere Verfassungen neuerer Zeit, welche
157 861 1408 915 überhaupt nichts von einem solchen Vorbehalte sagen, an der Spitze
159 910 1409 960 die Reichsverfassung. Es werden keine Grundrechte aufgestellt und
160 959 1410 1009 wird auch nicht gesagt, für welche Dinge ein Gesetz notwendig sei.
159 1007 1410 1059 Und das Ergebnis? Niemand hat einen Zweifel darüber, daſs auch
161 1056 1409 1105 die Reichsgewalt Zwang üben und Lasten auflegen, Eingriffe in
1355 142 1394 173 75
433 145 1116 187 § 6. Gesetzgebende und vollziehende Gewalt.
162 1170 1413 1212 ein Gesetz Formen und Schranken gegeben werden? Umgekehrt steht es: die
162 1213 1414 1259 Regierung wäre in solchen Fällen machtlos und zwar dieses wegen des in der Ver-
162 1254 1416 1302 fassung enthaltenen Vorbehaltes des Gesetzes. v. Sarwey selbst erkennt an anderer
167 1301 980 1337 Stelle diesen Vorbehalt sehr wohl an; a. a. O. S. 25.
292 1338 1416 1380 Es ist nicht richtig zu sagen, daſs diese Grundrechte an sich wertlose, un-
168 1378 1415 1419 mittelbar nicht durchführbare Sätze wären, die erst noch einer „Verwirklichung“
170 1420 1418 1468 durch „Ausführungsgesetze“ bedürften; G. Meyer, St.R. § 217; Bornhak,
171 1461 1418 1514 Preuſs. St.R. I S. 276. Ihr Wert besteht gerade darin, daſs ein Gesetz notwendig
173 1504 1420 1549 wird, wenn etwas geschehen soll. So bedarf es gegenüber dem Verfassungsrechts-
174 1545 1421 1590 satze: die persönliche Freiheit ist gewährleistet, eines Gesetzes, welches Verhaftung
173 1587 1421 1637 gestattet, damit man eine solche vornehmen darf, sonst kann sie nicht geschehen.
174 1627 1421 1664 Dieses Gesetz würden wir dann freilich weder als eine Verwirklichung des Grund-
175 1668 1422 1709 rechts, noch als ein Ausführungsgesetz dazu bezeichnen. Ganz miſsverstanden wird
177 1710 1425 1753 die Bedeutung der Grundrechte bei Arndt, Verord.R. d. d. Reichs S. 67, wenn er
175 1750 1424 1794 glaubt, daſs danach nur Rechtssätze auf anderm Wege als auf dem der Gesetz-
176 1791 1425 1839 gebung für das vorbehaltene Gebiet nicht erlassen werden sollten. Der Ausschluſs
176 1833 1426 1877 thatsächlicher Eingriffe ohne gesetzliche Grundlage ist ja viel wichtiger und in
176 1874 1427 1922 erster Linie gemeint. — Wenn man die Erklärung der Menschenrechte und alle
177 1915 1427 1962 späteren Listen von Grundrechten durchgeht, so mag es auffallen, daſs darin wegen
177 1958 1429 2003 der schweren Eingriffe, welche die Justiz vornehmen kann durch Absprechen von
177 1999 1429 2043 Rechten, Verurteilen, Zwangsanordnung, gar nichts vorbehalten ist. Der Grund
178 2041 1430 2084 ist der, daſs die Notwendigkeit gesetzlicher Grundlagen für diese als selbstver-
179 2083 1431 2125 ständlich vorausgesetzt wird; die Neuordnung des Staats ist, wie wir gesehen haben
177 2125 1429 2171 (oben § 5), nur auf die Verwaltung gemünzt. Die entsprechenden Vorbehalte für
179 2169 1074 2208 das Gebiet der Justiz sind dem Gesetz schon „angeboren“.
307 2210 1280 2254 Bayr. Verf.U. Tit. VII § 2; Sachs.-Weimar. Verf.U. § 4 Ziff. 2.
