1600 2483
210 239 1457 302 nun sehr bald der Gebrauch gebildet, diese Willensübereinstimmung
210 287 1454 342 in die Form eines Gesetzes zu fassen und als solches zu veröffent-
209 335 1453 392 lichen. Spätere Verfassungstexte haben diese Form ausdrücklich
208 388 1452 442 vorgeschrieben. Die rechtliche Bedeutung des Vorgangs wird da-
207 432 1451 488 durch keine andere. Das Finanzgesetz soll nichts anderes zum Aus-
207 482 1451 540 druck bringen als das Budgetrecht der Volksvertretung, wie es nun
206 532 1450 585 einmal im konstitutionellen System liegt. Daher man auch bei der
205 580 1448 638 weiteren Behandlung des Staatshaushalts zwischen Regierung und
204 626 1448 688 Volksvertretung die Gesetzesform, ob vorgeschrieben oder freiwillig
203 675 1446 732 gewählt, ganz unbefangen wieder zu verlassen pflegt: in scheinbarer
202 721 1445 784 Folgewidrigkeit wird die Abnahme der Rechnungen über den ge-
200 769 1445 831 führten Haushalt, die Entlastung der Regierung und sogar die Ge-
202 820 1446 876 nehmigung der Ausgabeüberschreitungen durch bloſsen Beschluſs der
200 868 1442 924 Volksvertretung vorgenommen. Hier tritt die Natur der Sache
200 917 1443 974 wieder einfach zu Tage, wonach die Volksvertretung in Sachen des
200 965 1441 1025 Staatshaushaltsplanes gegenüber der Regierung handelt, nicht wie
197 1016 1439 1076 im Gesetz, das mit Rechtssätzen, Verwaltungsakten und dergleichen
196 1067 691 1109 nach auſsen wirkt, mit ihr.
279 1117 1438 1175 2. Die bindende Kraft des festgestellten Staatshaushaltsplans be-
194 1164 1437 1224 ruht ursprünglich auf der daran gehängten Steuerbewilligung. Dem
194 1216 1437 1273 entspricht es, daſs auch die Steuerbewilligung nur für den gleichen
212 156 274 188 382
707 165 973 201 Die Finanzgewalt.
194 1295 1435 1344 corps législatif, das zugleich zur Feststellung des Budgets berufen ist, den Namen
193 1333 1435 1384 Gesetz führen. — Die Verfassung von Reuſs ä.L. kennt nur periodische Steuerbewilli-
192 1377 1434 1427 gung, aber kein Haushaltsgesetz. Es wird alljährlich ein Gesetz veröffentlicht als
192 1415 1434 1467 „Patent, die im Jahre … zu entrichtenden Landesabgaben betr.“ Darin sind nur
192 1457 1433 1509 die bewilligten Steuersätze angegeben. Gleichzeitig erscheint dann auch der Text
191 1498 1430 1554 „des in Einnahme und Ausgabe festgestellten Haushaltsplans“; aber dieser als
193 1540 1432 1598 bloſse „Bekanntmachung“. Die Regierung ist aber zweifellos an diesen Plan ge-
187 1582 1133 1632 radeso gebunden, wie anderwärts an das Staatshaushaltsgesetz.
313 1626 1429 1680 Die bayr. Verf. kennt kein Budgetgesetz, gleichwohl pflegt das Budget als
187 1666 1430 1720 „Bestandteil eines Finanzgesetzes“ vorgelegt zu werden; Seydel, Bayr. St.R. IV
187 1705 1430 1756 S. 389. — In Sachsen, wo das Gleiche der Fall ist, veröffentlicht man ein so-
189 1751 1430 1798 genanntes Finanzgesetz, welches die Gesamtsumme der festgestellten Einnahmen
189 1788 1428 1839 und Ausgaben und dazu die Steuerbewilligung enthält; Loebe, Staatshaushalt des
183 1830 510 1864 Kgr. Sachsen S. 45 ff.
305 1873 1426 1929 Das thun namentlich Verfassungen, die keine periodische Steuerbewilligung
181 1916 1426 1966 voraussetzen (Preuſs. Verf., Reichs-Verf.); da hat es auch seinen besonderen Zweck,
181 1957 1427 2012 wovon sogleich. — Wo beides vorgeschrieben ist, periodische Steuerbewilligung
180 1996 1426 2050 und Staatshaushaltsgesetz, wird manchmal das letztere nur im Auszug und als
178 2036 1422 2091 Notiz veröffentlicht; offenbar weil schon das erstere für den Erfolg genügt. So in
180 2076 539 2114 Schwarzburg-Rudolstadt.
304 2121 1407 2169 Genehmigung auſseretatsmäſsiger Ausgaben durch bloſse Resolutionen:
179 2157 1423 2218 Laband, St.R. II S. 1006; ebenso die Indemnitätserteilung nach Seydel, Bayr.
179 2197 398 2231 St.R. IV S. 437.
