1600 2483
576 181 974 214 § 21. Die Polizeierlaubnis.
236 263 1396 303 Die Erlaubnis beseitigt das Verbot für diesen Fall. Es ist
150 313 1396 353 ein bestimmtes Unternehmen, welches für zulässig erklärt wird. Wird
151 362 1397 402 ein anderes an die Stelle gesetzt, so wirkt für dieses die Erlaubnis
152 408 1397 449 nicht. Tritt nur eine Erweiterung oder teilweise Änderung ein, so
152 459 1398 501 bleibt die alte Erlaubnis bestehen für das entsprechende Stück des
152 507 1397 545 Thatbestandes, soweit es ausscheidbar ist. Wenn für das Neue,
154 557 1397 595 was hinzukommt, wieder eine Erlaubnis eingeholt werden muſs, so
152 604 1399 642 kann bei dieser Gelegenheit nicht auf die bereits erteilte Erlaubnis
153 654 1398 692 zurückgekommen werden, anders als unter den besonderen Voraus-
150 702 805 740 setzungen der Erlaubniszurücknahme.
236 750 1398 788 Die Frage ist aber: wodurch begrenzt sich das bestimmte Unter-
156 798 1398 837 nehmen, für welches die Erlaubnis gegeben ist, gegenüber dem Neuen,
154 848 1401 892 worauf sie sich nicht erstreckt? wann ist es als Ganzes etwas anderes
154 895 1400 933 geworden, so daſs es nicht mehr eadem res ist für diese Erlaubnis?
154 944 1402 984 Das entscheidet sich lediglich aus dem Willen des Verbotes selbst,
150 995 1402 1033 aus der Richtung, welche der Rechtssatz seiner Maſsregel gegeben
154 1041 1402 1081 hat. Das erlaubnisbedürftige Unternehmen ist immer bezeichnet nach
150 1091 1403 1132 seinem Gegenstand, nach der Art der Thätigkeit, der Art des
151 1139 1402 1180 Zweckes, der verfolgt wird; das ist das Feste, Gleichbleibende, All-
157 1189 1403 1229 gemeine, womit Erteilung wie Versagung der Erlaubnis sich verbinden
158 1237 1403 1277 kann. Das Besondere, was an dem einzelnen Unternehmen zu prüfen
159 1286 1405 1330 ist, das polizeilich Wesentliche daran, das über Erteilung oder
158 1333 1403 1377 Versagung der Erlaubnis entscheidet, kann aber entweder die Person
158 1382 1404 1424 des Unternehmers sein, oder können die sachlichen Mittel sein, mit
162 1434 1405 1476 welchen das Unternehmen ins Werk gesetzt wird, oder auch kann
159 1480 1404 1520 beides zumal sein. Danach bestimmt sich die Individualität des
159 1529 1142 1569 Unternehmens für die Erlaubnis und danach wirkt sie.
239 1585 1405 1619 Ist ein Unternehmen bestimmter Art dem Erlaubnisvorbehalt
159 1634 1404 1674 unterstellt worden mit Rücksicht auf die persönlichen Eigen-
158 1680 1405 1722 schaften des Unternehmers, die das polizeilich Wesentliche dafür
154 1727 1403 1773 sind und geprüft werden sollen vor der Inswerksetzung, dann gilt die
160 1774 1402 1819 Erlaubnis nur für diese bestimmte Person, aber auch für jedes Unter-
160 1826 1403 1871 nehmen dieser Art, das von ihr ausgeht, soweit nicht in letzterer Be-
156 1874 1403 1919 ziehung besondere Beschränkungen beigefügt sind, namentlich auf eine
161 1921 1108 1967 bestimmte Örtlichkeit, auf bestimmte Zeit u. dergl..
1333 180 1394 212 293
272 2007 1402 2043 Württemb. V.G.H. 28. Nov. 1880 (Württemb. Arch. f. R. 22 S. 323): Bau-
154 2043 1402 2084 erlaubnis ist erteilt; nachher neues Gesuch mit umgestaltetem Plan; abgewiesen aus
163 2082 1402 2126 Gründen, die schon im ersten Gesuch lagen; zu Unrecht: der Gesuchsteller hatte
161 2122 1402 2167 das Recht erworben, so weit zu überbauen, als dort erlaubt war, nur die Neuerungen
164 2170 1159 2205 waren zu prüfen. — Ähnlich O.Tr. 13. Okt. 1857 (Str. 26 S. 265).
270 2210 1402 2248 Beispiel rein persönlicher Erlaubnisvorbehalte geben die Approbationen
152 2245 1401 2288 (oben Note 1). Wenn nach ausdrücklicher Gesetzesbestimmung die erteilte Er-
