1600 2700
127 273 1386 330 ein Unternehmen ſo ganz geſcheitert war. Er konnte inne
127 350 1385 408 werden, daß er nicht ſo geradezu, wie ſeine Dichter rühm-
128 427 1385 483 ten, das Gold im Schachte der Welt, die Seele im Wel-
131 503 1385 562 tenleibe ſey,  daß es außer ihm gewaltige und unbezwing-
129 580 1367 638 liche Kräfte gab, die ihm noch zu ſchaffen machen ſollten.
240 658 1386 714 Zunächſt aber konnte er ſich wohl tröſten. Er hatte
128 735 1388 790 Ungarn den Deutſchen entwunden. Aus den Händen os-
125 799 1401 868 maniſcher Beamten empfing Johann Zapolya die heilige
124 886 1386 945 Krone. Obwohl er König hieß, ſo war er doch in der
126 962 1255 1017 That nichts anders, als ein Verweſer des Sultans.
240 1041 1385 1095 Es hätte wohl ſcheinen ſollen, als würde Ferdinand
130 1117 1387 1173 die Unordnung dieſes Abzugs, und das zum Entſatz von
129 1194 1389 1250 Wien geſammelte Heer zur Wiedereroberung des Reiches
126 1271 1386 1326 benutzen können; auch fielen die Grenzplätze, Altenburg,
125 1347 1384 1402 Trentſchin in ſeine Hände; aber gleich das Schloß Gran
124 1412 1384 1479 behauptete ſich; Ofen zu erobern, waren die dagegen her-
126 1501 1383 1555 anrückenden Truppen viel zu ſchwach.  Der Grund des
124 1579 1386 1632 Mißlingens liegt am Tage: es fehlte dem König auch jetzt
125 1655 1387 1708 an allem Gelde. Er hätte wenigſtens 20,000 Gulden ge-
119 1731 1386 1787 braucht, um die Truppen in Bewegung zu ſetzen; er konnte
124 1807 1383 1863 endlich nicht mehr als 1400 Gulden aufbringen, und ſelbſt ſo
125 1885 1385 1939 viel nur in ſchlechten Münzſorten, wozu er noch für ein paar
126 1962 1381 2017 Tauſend Gulden Tuch hinzufügte. Alles war mißvergnügt.
121 2038 1382 2092 Der Tyroliſche Haufe, den man auf das dringendſte er-
120 2116 1382 2171 ſuchte, an jener Unternehmung Theil zu nehmen, hatte es in
118 2192 1384 2246 voller Gemeinde abgeſchlagen; die Leute erklärten geradezu,
120 2269 1382 2326 ſie hätten keine Luſt ferner zu dienen.  Als Suleiman
1312 179 1388 218 209
485 172 1132 225 Ruͤckzug der Osmanen.
164 2522 1074 2573 Ranke d. Geſch. III. 14
281 2345 1017 2393 Baki’s Kaſſide uͤberſ. v. Hammer p. 7.
283 2399 773 2438 Vrsinus Velius lib. VIII.
282 2452 1386 2500 Inſtruction der Kriegscommiſſarien zu Presburg fuͤr Graf
