1600 2743
254 269 1552 337 ßen, ihre Angehörigen zu befördern, ihr Fürſtenthum zu
257 340 1554 413 erweitern ſuchten, den geiſtlichen Prätenſionen Eintrag ge-
257 427 1557 497 than haben. Aber im Gegentheil: ſie treten ſo ſchroff her-
256 504 1559 576 vor wie jemals. Das Anſehn welches ſich die Concilien
259 589 1562 656 erworben, bewirkte nur, daß die Päpſte es für verdam-
258 660 1600 739 mungswürdig erklärten, wenn Jemand an ein Concilium
261 748 1566 821 appellire.  Wie beeifern ſich die curialiſtiſchen Schriftſtel-
261 830 1566 896 ler die Infallibilität des Papſtes nachzuweiſen! Johann
260 909 1569 980 von Torquemada wird nicht müde, Analogien der Schrift,
257 992 1570 1061 Sätze der Kirchenväter, Stellen aus den falſchen Decre-
263 1070 1572 1141 talen zu dieſem Zwecke zuſammenzuhäufen; er geht ſo weit
262 1146 1573 1224 zu behaupten: gäbe es nicht ein Oberhaupt das alle Streit-
264 1234 1595 1303 fragen entſcheiden, alle Zweifel heben könne, ſo könnte man
267 1311 1583 1384 an der h. Schrift ſelber zweifeln, die ihre Autorität nur
264 1378 1520 1459 von der Kirche habe, die ſich wieder ohne den Papſt nicht
266 1456 1523 1542 denken laſſe.  Im Anfang des ſechszehnten Jahrhunderts
267 1544 1547 1626 trug der wohlbekannte Dominicaner Thomas von Gaeta
265 1611 1551 1719 kein Bedenken, die Kirche für eine geborne Sklavin zu er-
267 1704 1499 1803 klären, die gegen einen ſchlechten Papſt nichts weiter thun
267 1797 1105 1866 könne als beharrlich gegen ihn beten.
253 175 333 216 238
505 165 1289 222 Zweites Buch. Erſtes Capitel.
444 1868 1591 1967 Bulle Pius II vom 18ten Januar 1460 (XV Kal. Febr.
271 1962 1586 2026 nicht X, wie Rain. hat) Bullar. Cocq. Tom. III, pars III, p. 97.
446 2022 1592 2078 Johannes de Turrecremata de potestate papali (Rocca-
272 2071 1585 2147 berti Tom. XIII) c. 112. Credendum est, quod Romanus ponti-
272 2136 1470 2198 fex in judicio eorum quae fidei sunt, spiritu sancto regatur et
273 2192 1506 2260 per consequens in illis non erret: alias posset quis eadem faci-
265 2255 1526 2321 litate dicere, quod erratum sit in electione quatuor evaugelio-
273 2296 1522 2370 rum et epistolarum canonis. Er klagt jedoch uͤber die „multa
250 2357 1522 2447 turba adversariorum et inimicorum Romanae sedis,“ die das nicht
275 2433 570 2511 glauben wollen.
449 2443 1539 2538 De autoritate Papae et concilii. Auszuͤge bei Rainaldus
279 2538 536 2627 1512 nr. 18.
