1600 2659
245 312 1470 367 fuͤhrte, beruͤhrte er nicht. Deſto gieriger, raͤuberiſcher
246 385 1472 442 bewieſen ſich ſeine Gefaͤhrten. Von allen Seiten kamen
246 461 1473 514 die Abgeordneten der Staͤdte nach Rom, und baten um
246 533 1475 586 Huͤlfe . Der Papſt vermehrte ſeine Streitkraͤfte. Er
245 605 1476 657 gab dem Cardinal Sforza eine umfaſſendere Vollmacht, als
248 677 1474 731 Jemand ſeit dem Cardinal Albornoz beſeſſen, — nicht allein
249 751 1477 807 ohne Ruͤckſicht auf ein Privilegium, ſondern ſelbſt ohne an
249 825 1476 882 Rechtsordnungen gebunden zu ſeyn, ja ohne allen Proceß,
249 900 1477 955 manu regia ſolle er verfahren duͤrfen : — Giacomo Bon-
250 973 1477 1028 compagno ging ins Feld; auch gelang es ihnen wohl, die
250 1048 1476 1101 Haufen zu zerſtreuen, das Land von ihnen zu reinigen: ſo
250 1121 1477 1175 wie ſie ſich entfernt hatten, erhob ſich das alte Unweſen
251 1198 741 1250 hinter ihnen wie zuvor.
357 1267 1475 1322 Zu der Unheilbarkeit deſſelben trug noch ein beſonde-
252 1343 733 1392 rer Umſtand vieles bei.
360 1412 1477 1470 Dieſer Papſt, der oft fuͤr allzugutmuͤthig gilt, hatte
252 1489 1478 1545 doch wie ſeine fuͤrſtlichen, ſo auch ſeine kirchlichen Gerecht-
252 1564 1478 1620 ſame mit großer Strenge behauptet . Weder den Kaiſer
242 218 313 253 434
541 212 1175 261 Buch IV. Staat und Hof.
402 1683 1089 1727 Dispacci Donato del 1582 durchaus.
403 1745 1477 1792 Breve fuͤr Sforza: in den Dispacci mitgetheilt. Omnimo-
251 1801 1478 1844 dam facultatem, potestatem auctoritatem et arbitrium, contra quos-
253 1853 1478 1898 cunque bannitos facinorosos receptatores fautores complices et
252 1905 1477 1948 seguaces etc. nec non contra communitates universitates et ci-
251 1957 1477 2001 vitates, terras et castra, et alios cujuscunque dignitatis vel
252 2008 1478 2051 praeeminentiae, Barones, Duces et quovis autoritate fungen-
253 2058 1477 2100 tes et extrajudicialiter et juris ordine non servato etiam sine
252 2108 1477 2154 processu et scripturis et manu regia illosque omnes et singulos
252 2159 1226 2208 puniendi tam in rebus in bonis quam in personis.
405 2222 1478 2271 Schon 1576 bemerkt dieß P. Tiepolo. Quanto più cerca
253 2277 1478 2327 d’acquistarsi nome di giusto tanto più lo perde di gratioso, per-
254 2331 1478 2378 che concede molto meno gratie estraordinarie di quel che ha
254 2385 1477 2430 fatto altro pontefice di molti anni in quà: — la qual cosa ag-
