1600 2700
85 167 1205 218 Vermittelungsverſ. zwiſchen d. prot. Parteien.
83 262 1328 323 die Abſicht gefaßt ward, eine Vermittelung des Streites
83 345 352 398 zu verſuchen.
192 419 1324 475 Die oberländiſchen Stände, namentlich Strasburg, ge-
84 497 883 549 hörten im Grunde beiden Theilen an.
199 562 1332 627 Auf der einen Seite waren hier die eigenthümlichen
88 648 1346 703 Verhältniſſe deutſcher Städte, beſonders der Wunſch, die
88 724 1328 783 Geiſtlichen in bürgerliche Pflicht zu nehmen, die Einwirkung
84 798 1356 855 der hohen Stifter auf die Beſetzungen der Pfarren zu be-
83 875 1324 932 ſeitigen, ſo wirkſam geweſen, wie irgend wo ſonſt; und in
86 950 1324 1008 allem was man gethan, hatte man ſich auf die Abſchiede
86 1026 1325 1084 der Reichsverſammlungen bezogen. In Folge des Abſchieds
85 1102 1328 1161 von 1523 hatte der Rath den Predigern die Weiſung zu-
85 1180 1328 1238 gehn laſſen, „hinfüro die heilige Schrift lauter und unver-
85 1255 1327 1314 miſcht mit Menſchenfabeln zu predigen, unerſchrocken, denn
85 1330 1325 1388 ein ehrſamer Rath wolle ſie dabei handhaben.“  Aus dem
84 1405 1325 1466 Abſchied des Jahrs 1526 leiteten die Strasburger ferner
84 1485 1324 1541 das Recht her auch in den Cerimonien Aenderungen zu
84 1557 1325 1619 treffen, namentlich die Meſſe abzuſtellen, wovon ſie ſich
85 1634 1329 1696 durch keine Mahnungen König Ferdinands oder des Reichs-
87 1711 1329 1772 regiments abhalten ließen.  Dafür gehörten ſie auch zu
90 1787 1327 1845 den erſten, welche bei dem Kammergericht verklagt wurden.
91 1862 1328 1923 In allen dieſen Beziehungen mußten ſie ſich nun ganz wie
91 1941 1038 1999 andre deutſche Städte zu vertheidigen ſuchen.
200 2016 1327 2072 Auf der andern Seite aber hatten die dogmatiſchen
86 2086 1329 2152 Vorſtellungen Zwingli’s den größten Einfluß auf Stras-
1251 170 1326 216 341
250 2191 1332 2238 Roͤhrich I, 175, 455. Im erſten Capitel der Tetrapolitana
86 2245 1331 2293 wird als Motiv der Veraͤnderung angefuͤhrt, daß der große Reichs-
87 2299 1331 2354 tag von 1523 die Predigten aus der heiligen Schrift zu nehmen und
89 2358 565 2405 zu beweiſen befohlen habe.
249 2405 1327 2455 Relation der Abgeordneten des Reichsregimentes bei Jung:
91 2466 404 2514 Actenſtuͤcke p. 66.
