1600 2638
287 300 1520 359 Bürger und Bürgerſöhne hatten hierauf die Waffen ergriffen und
288 375 1518 433 erſchienen in drei Haufen im Feld. Auch Goßlar fehlte nicht:
286 450 1461 505 Alle zuſammen mochten eine Maſſe von 20000 M. bilden.
393 526 1517 582 Wie hätte Herzog Heinrich einem ſo überlegenen, ihn
262 589 1517 659 zugleich im Innern ſeines Landes und von den Grenzen her
257 672 1516 733 bedrängenden Feinde eigentlichen Widerſtand entgegenſetzen
281 752 1515 809 können? Seine Hofnung beruhte allein darauf, daß ſeine
281 821 1513 882 feſten Häuſer, vor allen Wolfenbüttel, wohin er die Ge-
281 886 1513 959 treueſten ſeiner Ritterſchaft und einen Theil der Mannſchaf-
280 969 1519 1034 ten von Städten und Dörfern  verſammelt hatte, ſich ſo
265 1049 1511 1109 lange behaupten würden bis er ihnen Hülfe bringe. Um dieſe
278 1125 1484 1183 herbeizuholen verließ er ſelbſt mit ſeinem Sohne das Land.
384 1204 1510 1262 Nach dem erſten Bezeigen und Anſchein zu urtheilen,
274 1281 1509 1336 mußte man glauben, wenigſtens das feſte Wolfenbüttel würde
272 1357 1509 1414 ſich auf das tapferſte vertheidigen. Dem Trompeter, der die
272 1431 1507 1489 Aufforderung brachte, antwortete die Beſatzung, er möge über
270 1507 1506 1564 drei Jahre wieder nachfragen; der Hausmann vom Thurm
272 1573 1504 1641 empfieng die Heranrückenden mit der Melodie eines Schimpf-
272 1656 1504 1715 liedes.  Als man in der Nähe zu ſchanzen begann, machten
270 1728 1502 1791 die Belagerten einen Ausfall, der ihnen ſehr gut gelang und
269 1804 1500 1868 einen nicht geringen Schrecken unter den Bundestruppen ver-
268 1881 1501 1943 breitete: ſollte die Schanze vollendet werden, ſo mußte der
266 1953 1500 2018 Landgraf perſönlich daran Theil nehmen. Überhaupt zeigte ſich
265 2032 1499 2094 Philipp eben ſo geſchickt wie unermüdlich. Er ſchlich ſich wohl
265 2112 1498 2170 in einem Bauerkittel bis hart an die Feſte, um die ſchwächſten
247 2180 1497 2245 Stellen der Mauer zu beobachten: dahin ließ er dann das
288 204 361 242 282
455 199 1358 257 Siebentes Buch. Siebentes Capitel.
426 2305 1416 2357 Schaͤrtlin p. 57. Chytraͤus 455. Tobias Olfen p. 32.
424 2357 1495 2416 Lichtenſtein Beitrag zur Geſch. des ſchmalk. Bundes p. 20.
415 2402 1495 2488 „Hat dich der ſchimpf gerauwet, ſo zeuch nu wiederum heim.“
