1600 2743
451 128 1103 189 Bairiſche Irrungen 1504.
124 228 1436 300 von Wirtenberg, Landgraf Wilhelm von Heſſen, der zu-
121 320 1435 382 gleich meklenburgiſche und braunſchweigiſche Hülfe herbei-
122 402 1436 459 führte, mit verwüſtenden Schaaren ein.  In den Ge-
122 482 1435 541 bieten an der Donau ſtießen brandenburgiſche, ſächſiſche,
123 563 1436 621 calenbergiſche Truppen zu dem ſtattlichen Heere, das Al-
124 644 1436 702 brecht von München geſammelt; der ſchwäbiſche Bund,
123 722 1434 783 der ihm einſt ſo gefährlich geweſen, war jetzt am entſchie-
123 805 1434 863 denſten für ihn: Nürnberg, das dann freilich auch für ſich
125 887 1433 944 erobern wollte, ſtellte eine vier Mal größere Hülfe ins
123 968 1435 1027 Feld, als ihm urſprünglich aufgelegt worden.  Der rö-
125 1050 1437 1108 miſche König erſchien zuerſt an der Donau. Es machte
128 1131 1436 1189 ihm nicht geringe Ehre, daß er es war, der ein Heer von
122 1210 1437 1269 Böhmen, den einzigen Verbündeten welche dem Pfalzgra-
128 1275 1437 1348 fen Wort gehalten, bei Regensburg hinter ſeiner Wagen-
132 1371 1438 1430 burg aufſuchte und aus dem Felde ſchlug. Dann wandte
131 1452 1435 1510 auch er ſich an den Rhein; die Landvogtei Hagenau fiel
133 1534 1436 1590 ihm ohne Weiteres in die Hand; hier wie dort nahm er
126 1613 1435 1670 vor allem die Ortſchaften in Beſitz, auf die er ſelber An-
128 1692 1439 1751 ſprüche hatte. Einem ſo überlegenen, allgemeinen Angriffe
129 1774 1438 1832 konnten die Pfälziſchen um ſo weniger Widerſtand leiſten,
130 1854 1436 1916 da der junge kriegeriſche Fürſt, Pfalzgraf Ruprecht, durch
131 1935 1437 1992 deſſen Abſichten die ganze Bewegung veranlaßt worden
130 2006 1441 2072 war, mitten in dem Kriegsgetümmel ſtarb. Der alte Chur-
130 2084 1441 2154 fürſt mußte von ſeinen Söhnen denjenigen, den er am bur-
1356 138 1435 178 161
174 2579 1176 2620 Ranke d. Geſch. I. 11
288 2258 1441 2315 Dieſe Verwuͤſtungen ſchildern Trithemius, Zayner u. A. aus-
125 2324 1303 2375 fuͤhrlich. Vgl. m. Geſch. romaniſch-german. Voͤlker p. 231.
308 2392 1440 2442 Wahre Geſchichtserzaͤhlung der von Nuͤrnberg uſurpirten
130 2446 1438 2498 Staͤdte ꝛc. 1791 § 15 macht der Stadt dieß noch einmal zum Vor-
129 2510 230 2556 wurf.
