1600 2700
123 194 1365 257 ſtanten der heiligen Schrift, der alten und ſogar der römi-
122 275 1364 334 ſchen Kirche gemäß gelehrt werde.  Nach und nach ward
121 344 1365 410 er mit ſeinen Brüdern ſo eifrig, daß ſie es nicht mehr dul-
121 416 1365 485 den wollten, als am grünen Donnerſtag des Jahres 1532
120 504 1382 562 ein Dominikaner ſich auf ihrer Kanzel in Deſſau in har-
120 582 1368 637 ten Ausdrücken wider den Gebrauch beider Geſtalt verneh-
119 658 1367 714 men ließ. Sie erſetzten ihn durch einen Freund Luthers,
120 734 1365 790 Niclas Hausmann. Herzog Georg verſäumte nicht, ſie an
119 810 1363 867 die Ungnade des Kaiſers zu erinnern, ihnen Ungedeihen zu
118 885 1363 941 weiſſagen; er meinte, Fürſt Georg werde nun nicht mehr
119 962 1363 1018 dazu gelangen, wozu er wohl ſonſt Hoffnung gehabt,
121 1027 1363 1093 aber er machte weder mit Betrachtungen dieſer Art, noch
118 1114 1365 1169 mit doctrinellen Einwendungen Eindruck bei ihnen.  Getroſt
118 1178 1363 1245 fuhren ſie fort. Und da hatte es nun eine beſondere Bedeutung,
118 1266 1361 1320 daß hier ein Mitglied des fürſtlichen Hauſes zugleich eine hohe
115 1342 1358 1397 geiſtliche Stelle in der Diöceſe bekleidete. Als Archidiaconus
114 1418 1358 1473 und Dompropſt der magdeburgiſchen Kirche glaubte Fürſt
114 1495 1359 1547 Georg eine regelmäßige geiſtliche Autorität in ſeinem Gebiet
114 1570 1360 1626 ausüben zu können. Auf den Grund einer dieß Mal vereinig-
114 1633 1360 1701 ten geiſtlichen und weltlichen Gewalt, wurden die Geiſtli-
115 1722 1360 1778 chen der anhaltiſchen Länder am 16. März 1534 zuſam-
114 1796 1359 1852 menberufen, und angewieſen, in Zukunft das Abendmahl
116 1872 1357 1930 unter beiderlei Geſtalt auszutheilen.  Der Erzbiſchof Car-
1272 106 1367 158 489
458 101 1097 153 Reformation in Anhalt.
281 1949 1355 1997 Schreiben Georgs an den Kaiſer in Fuͤrſt Georgs Schrif-
113 2003 600 2050 ten und Predigten p. 368.
277 2055 1358 2103 Schreiben des Fuͤrſten Joachim an Georg ibid. 384. Lu-
111 2109 1359 2159 ther freut ſich dieſes Anfangs etiamsi id factum non sit sine gravi
107 2164 1360 2214 periculo, magnis principibus contrarium suadentibus insuper etiam
109 2217 1356 2261 minantibus. Schreiben an die drei Bruͤder Johann, Joachim und
110 2259 1353 2317 Georg, in Lindners Mittheilungen aus der Anhaltiſchen Geſchichte,
109 2324 1227 2370 Heft II, wo ſich einige Briefe finden, die bei D. W. fehlen.
270 2379 1351 2423 Inſtruction fuͤr die Geſandten Johanns und Joachims von
111 2432 1039 2478 Anhalt an den Erzbiſchof; — (Archiv zu Deſſau).
