1600 2676
264 289 1480 361 — aber unter wie ganz andern Umſtaͤnden war das doch
262 360 1424 429 geſchehen, als welche man urſpruͤnglich im Sinne hatte.
369 430 1478 503 Das Wort der Entſcheidung in dem wichtigſten Mo-
260 508 1476 576 ment war von England ausgegangen: nur in offenbarem
258 578 1474 645 Widerſpruche mit dem paͤpſtlichen Stuhle waren die Bour-
257 651 1473 728 bons in Italien eingedrungen: die Trennung der Provin-
253 728 1470 800 zen, die man vermeiden wollte, war eben eingetreten, und
251 797 1469 872 erfuͤllte Italien und den Kirchenſtaat unaufhoͤrlich mit feind-
249 874 1467 950 ſeligen Waffen. Die weltliche Autoritaͤt des paͤpſtlichen
246 949 1466 1024 Stuhles war damit bis in ſeine naͤchſte Umgebung ver-
244 1024 380 1075 nichtet.
350 1099 1462 1173 Auf die kirchenrechtlichen Streitfragen, die mit den po-
241 1172 1460 1245 litiſchen Verhaͤltniſſen ſo genau zuſammenhangen, mußte das
239 1244 1174 1313 dann auch eine große Ruͤckwirkung ausuͤben.
342 1321 1414 1392 Wie ſehr hatte es ſchon Clemens XI. zu empfinden!
343 1391 1455 1467 Mehr als einmal ward ſein Nuntius aus Neapel ent-
233 1463 1453 1545 fernt: in Sicilien wurden einſt die roͤmiſch geſinnten Geiſt-
230 1538 1451 1621 lichen in Maſſe aufgehoben und nach dem Kirchenſtaat ge-
228 1612 1449 1690 bracht ; ſchon erhob ſich in allen italieniſchen Gebieten
225 1689 1447 1761 die Abſicht, nur noch Eingeborne zu kirchlichen Wuͤrden
221 1761 1444 1834 gelangen zu laſſen : auch in Spanien ward die Nuntia-
222 1839 1444 1918 tur geſchloſſen , und Clemens XI. glaubte einmal genoͤthigt
267 191 336 228 178
519 192 1221 253 Buch VIII. Spaͤtere Epochen.
367 1995 1436 2067 Buder: Leben und Thaten Clemens XI, tom. III, p. 571.
365 2076 1434 2146 Aus Lorenzo Tiepolo Relatione di Roma 1712 ſehen wir,
210 2127 1434 2195 daß die Kaiſerlichen in Neapel wie in Mailand ſchon damals die
209 2175 1433 2245 Abſicht hatten, che li beneficii ecclesiastici siano solamente dati a
207 2230 1430 2297 nationali, colpo di non picciolo danno alla corte di Roma se si
205 2281 403 2320 effettuasse.
354 2363 1413 2433 San Felipe Beitraͤge zur Geſchichte von Spanien III, 214.
