1600 2656
227 297 1458 354 herbey und verließ die rohe Manier der Grie-
224 369 1458 436 chen.  — Viele ſeiner Schuͤler waren kunſtgerecht gleich
224 442 1456 501 den alten Griechen.  Giotto ſah in der Kunſt, was An-
222 517 1454 579 deren unerreichbar geblieben. Er fuͤhrte die Natuͤrlich-
221 590 1455 650 keit und Anmuth herbey, ohne uͤber das Maß hinaus-
219 662 1455 723 zugehn.“  In Uebereinſtimmung mit dieſen Angaben und
218 736 1454 799 Urtheilen des Ghiberti meldet auch deſſen Zeitgenoß, oder
217 809 1453 871 naher Vorlaͤufer, Cennino: daß Giotto von den Griechen ab-
216 883 1453 939 gewichen ſey und die Kunſtuͤbung der Italiener durchaus er-
216 956 1452 1027 neut habe.  Hierin werden dieſe Schriftſteller glaubwuͤrdi-
214 1029 1452 1086 ger ſeyn, als einige Neuere zugeben wollen. Denn Cennino
214 1101 1451 1162 hatte bey Agnolo Gaddi, dem Großſchuͤler des Giotto, ge-
214 1169 1450 1231 lernt; Ghiberti war kaum funfzig Jahre nach Giotto’s Able-
212 1239 1450 1307 ben geboren; beide hatten ihren Sinn fuͤr kuͤnſtleriſche Dinge
211 1310 1448 1379 geſchaͤrft. Zudem wird, wie ich ſpaͤter zeigen will, jene von
211 1391 1471 1467 ihm angedeutete Umwaͤlzung, durch alle zuverlaͤſſige Denkmale
208 1466 1446 1525 beſtaͤtigt. Doch fragt es ſich hier, worin denn Giotto von
208 1540 1444 1602 den Byzantinern abgewichen, in wie fern er als Stifter zu
207 1610 1442 1670 betrachten ſey. Voͤllig uͤbereinſtimmend bezeichnen beide Schrift-
813 200 873 245 42
352 1816 1439 1863 Lor. Ghib. MS. s. c. fo. 7. a. t. — Fecesi Giotto grande
204 1874 1438 1918 nell’ arte della pittura. Arrechò l’ arte nuova, lasciò la ro-
206 1932 551 1965 zeza de’ Greci. —
373 1986 1437 2031 Daſ. — et assai discepoli furono tutti dotti al pari delli
204 2038 486 2075 antichi Greci.
396 2072 1437 2144 Daſ. Vide Giotto nell’ arte quello, che gli altri non ag-
202 2152 1435 2195 giunsono. Arecò l’arte naturale e la gentileza, con esso
201 2208 791 2243 non uscendo dalle misure.
353 2262 1433 2312 Cennino di Drea Cennini tratt. (Bibl. Med. Laurent. plut.
202 2316 1433 2361 78. cod. 23. No. 2. p. 2.) — Il quale Giotto rimutò l’arte del di-
201 2374 1433 2442 pingnere di Grecho in Latino e ridusse al moderno; ed
201 2431 1158 2479 ebe l’arte più compiuta, che avessi mai più nessuno.
