1600 2642
89 267 1320 330 zaͤhlte er in deſſen erſter Ausgabe : „es ſey, als Michelan-
88 345 1319 401 gelo durch die Flucht nach Florenz dem Unwillen des Pabſtes
89 413 1358 470 ſich entzogen habe, deſſen halbbeendigte Arbeit in der Sixtina
89 479 1324 543 dem Raphael heimlich gezeigt worden, worauf dieſer letzte ſo-
90 561 1288 617 gleich aus dem Geſehenen fuͤr ſeine Kunſt Vortheil gezogen.“
90 623 1322 689 Die Deckengemaͤlde der ſixtiniſchen Kappelle koͤnnen indeß,
91 705 1323 760 ſelbſt nach des Vaſari anderweitigen Angaben, nicht vor dem
91 778 1324 836 J. 1509 in Anregung gekommen ſeyn; die Briefe aber, welche Ju-
91 849 1325 904 lius II. gelegentlich ſeines Unfriedens mit dem Buonaroti an die
92 919 1324 976 florentiniſche Obrigkeit ſchreiben ließ, fallen in das J. 1506 .
92 992 1325 1047 Dieſe Unvereinbarkeiten moͤgen dem Vaſari mit Schaͤrfe ge-
94 1062 1327 1121 ruͤgt worden ſeyn; denn in der zweyten Ausgabe ſeiner Kuͤnſt-
94 1133 1327 1194 lerleben  ſuchte er ſich aus der Sache zu ziehn, indem er
95 1207 1328 1265 zuerſt die richtige, oder doch wahrſcheinlichere Veranlaſſung
97 1280 1328 1345 erzaͤhlt, welche er von Michelangelo ſelbſt erfragt haben
93 1355 1328 1410 konnte , dann aber ſein altes, unhaltbares Maͤhrchen
676 179 732 223 91
234 1591 1007 1643 Firenze, Torrigiani, 1550. 8. P. III. p. 964.
251 1667 1327 1716 Raccolta di lettere sulla pitt. etc. ed. Milano, 1822. 8. Vol.
96 1719 621 1766 III. p. 472. dd. 8. Julii 1506.
270 1794 902 1844 Fir, Giunti, 1568. 4. P. III. p. 728.
242 1861 1329 1915 „Wegen verweigerten freyen Zutrittes zum Pabſte ſey der Künſt-
98 1918 1327 1968 ler unwillig geworden und habe, dem verletzten Selbſtgefühle nachgebend,
96 1970 1331 2026 eilig nach Florenz ſich zurückgezogen.“ Dieſes ſtimmt auch beſſer mit
96 2027 1330 2085 dem Ausdrucke der Briefe des Pabſtes: Michael Angelus sculptor, qui
96 2088 1329 2136 a nobis leviter et inconsulte discessit, zu der Verſöhnungsſcene
95 2137 1327 2194 bey Vaſari (vita di Michel Agnuolo, ed. P. ce. p. 729.). In beiden
98 2196 1329 2245 erſcheint der Künſtler als der Beleidigte, Schmollende; hingegen wäre
97 2251 1330 2301 er nach jener anderen Erzählung des Vaſari vielmehr ſelbſt der Beleidi-
97 2305 1330 2365 ger, indem er, wie es lautet, den Pabſt in der Sixtina durch einen her-
97 2362 1318 2411 abgeworfenen Balken erſchreckt und um Weniges ſogar erſchlagen hätte.
