1600 2656
150 266 1384 323 liano  und Benedetto da Majano, Benedetto da Rovezzano,
149 341 1380 401 welcher letzte indeß ſchon zu den Cinquecentiſten zu zaͤhlen iſt.
148 411 1380 472 Wenden wir uns von ihnen ab und ruͤckwaͤrts zu einigen Zeitge-
146 483 1382 547 noſſen des Luca della Robbia, welche, ohne dieſem im Geſchmack
146 557 1381 618 und Geiſte gleich zu kommen, dennoch durch eine, nur ihnen
146 629 1382 691 eigenthuͤmliche Verbreitung des Talentes, beſonders durch Ueber-
144 701 1382 762 tragung bildneriſcher Beſtrebungen auf die Malerey, wunder-
144 775 1381 834 bar mitgewirkt haben, deren gaͤnzliche Entfaltung zu beſchleu-
142 851 253 899 nigen.
246 918 1379 979 Unwichtiger iſt in dieſer Beziehung Antonio del Pollajuolo,
143 993 1381 1053 ein geſchickter Bronzearbeiter, welcher indeß in der Auffaſſung
144 1068 1380 1129 bildneriſcher Aufgaben nirgend das Mittelmaͤßige uͤberſchritten
142 1144 1379 1203 hat, in der Auffaſſung maleriſcher vielen ſeinen Zeitgenoſſen
142 1219 1379 1277 nachſteht. Seine Grabſchrift in ſ. Piero in Vinculis zu Rom
142 1291 1378 1342 meldet, daß er 1498. zwey und ſiebenzig Jahre alt geſtorben
141 1357 1378 1413 ſey;  ſeine Laufbahn beginnt mithin um die Mitte des
137 1430 1375 1489 Jahrhundertes, weßhalb er nicht wohl vom Vater des Lorenzo
138 1503 1375 1560 Ghiberti, welcher letzte ſchon um das Jahr 1400. ein ausge-
137 1565 1373 1634 bildeter Kuͤnſtler war, das Goldſchmidhandwerk erlernt haben
136 1654 1373 1710 konnte, wie Vaſari, jener ihm bekannten Inſchrift uneinge-
135 1728 1373 1787 denk, angegeben hat.  Noch weniger konnte er deſſen
134 1789 1374 1860 Sohn, den Lorenzo Ghiberti, bey ſeinem groͤßeſten Werke, der
134 1868 1372 1931 mittleren Thuͤre der Taufkirche unterſtuͤtzt haben,  wenn
722 170 808 213 299
133 2005 1373 2061 nen Tragſteine, auf welchem: OPUS MINI.; eben wie gegenuͤber an
133 2058 964 2109 dem ſehenswerthen Altarſtuͤcke deſſ. Bildners.
281 2121 556 2163 S. Belege, VI.
279 2181 1369 2220 ANTONIVS PVLLARIVS etc. — VIX. ANN. LXXII. OBIIT
130 2234 495 2271 ANNO SAL. MIID.
282 2289 1368 2342 V. vita d’Antonio Pollaj. Ed. c. p. 466. — (il padre) pose
133 2345 1287 2387 Antonio all’ arte dello orefice con Bartoluccio Ghiberti etc. —
278 2401 1305 2449 Vas. vite, di Lor. Ghib. p. 284; d’Antonio Poll. p. 466.
