1600 2780
41 267 1325 319 unbrauchbar. In dieſer Richtung alſo hatten die Verfaſſer der
41 333 1330 386 Kräuterbücher an den antiken Schriftſtellern durchaus keine nach-
43 399 1332 449 ahmungswerthen Vorbilder. Indem man aber die Medicinal-
48 465 1333 516 Pflanzen der griechiſchen Aerzte wiederzuerkennen ſuchte , war
46 530 1332 583 man genöthigt, die verſchiedenſten Pflanzen Deutſchlands zu
45 596 1333 648 vergleichen und ſo die ſinnliche Auffaſſung der Formverſchieden-
50 663 1333 715 heiten zu üben und zu verfeinern; dieſes dem mediciniſchen
48 728 1333 779 Bedürfniſſe entſprungene Verfahren leitete die Aufmerkſamkeit
44 795 1333 846 ganz auf das Einzelne, worauf es auch im rein wiſſenſchaftlichen
45 859 1332 912 Intereſſe zunächſt ankam; es war damit weit mehr gewonnen,
45 926 1332 978 als wenn ſich dieſe Männer an die philoſophiſchen Schriften des
44 992 1333 1044 Ariſtoteles  und Theophraſtos  gehalten hätten; denn
44 1058 1335 1111 dieſe hatten ihre philoſophiſch botaniſchen Anſichten auf ſehr ſchwachen
44 1124 1332 1177 Grund gebaut; ihnen war kaum eine Pflanze in allen ihren
43 1191 1333 1244 Theilen genau bekannt; ſehr Vieles wußten ſie nur vom Hören-
42 1255 1333 1309 ſagen, nicht ſelten waren Kräuterhändler die Quellen ihres Wiſſens
48 1323 1334 1374 geweſen. Aus dieſem kümmerlichen Beobachtungsmaterial, aus
48 1389 1336 1440 allerlei überkommenem Volksglauben hatte Ariſtoteles ſeine
46 1456 1332 1506 Anſichten über das Weſen der Pflanzen aufgebaut und wenn
371 155 1028 198 von Brunfels bis auf Caspar Bauhin.
1279 161 1323 197 17
92 2582 1149 2620 Sachs, Geſchichte der Botanik. 2
181 1619 1336 1662 Neben den im Text genannten Kräuterbüchern, die wir als botaniſch
48 1674 1338 1716 wiſſenſchaftliche bezeichnen dürfen, bildete ſich im Intereſſe der Medicin oder
47 1731 1337 1774 doch des mediciniſchen Aberglaubens eine ziemlich reichhaltige Literatur über
47 1787 1337 1830 die ſogen. signatura plantarum im 16. und 17. Jahrhundert aus. Man
46 1844 1336 1888 glaubte nemlich aus gewiſſen äußeren Merkmalen, aus Aehnlichkeiten ge-
45 1900 1336 1943 wiſſer Pflanzentheile mit menſchlichen Organen u. dgl. errathen zu können, welche
45 1956 1337 1998 Pflanzen und welche Theile derſelben als Heilmittel zu verwenden ſeien.
46 2012 1337 2055 Pritzel macht 24 Schriften namhaft, welche von 1550–1697 darüber
44 2069 1334 2112 erſchienen ſind. Nebenbei nahmen auch die Kräuterbücher von der signatura
44 2123 1089 2168 Notiz und noch bei Ray findet ſich dieſelbe kritiſch behandelt.
177 2182 1334 2225 Die auf uns gekommenen Fragmente ariſtoteliſcher Botanik findet
44 2239 1333 2282 man nach Wimmer's Ausgabe überſetzt in E. Meyer's Geſch. d. Bot. I.
42 2295 197 2334 p. 94. ff.
177 2351 1334 2395 Ueber Theophraſtos Ereſios geb. auf Lesbos 371, geſt. 286
43 2407 1334 2450 v. Chr. berichtet ausführlich E. Meyer Geſch. d. Bot. Schon 1483 er-
41 2457 1336 2508 ſchien eine von Theodor Gaza beſorgte Ausgabe ſeiner Bücher de historia
41 2520 952 2564 et de causis pl. (Vergl. Pritzel thesaurus lit. bot.)
