1600 2656
309 161 1274 224 §. 74. Anomaliſche Rechte. Faktiſche Natur. Familie.
188 270 1390 329 pro socio betrifft, ſo folgt dieſe den gewoͤhnlichen Regeln.
211 332 1392 415 Nach der Emancipation alſo kann damit gegen den Vater
211 431 1390 488 geklagt werden nur aus früheren Handlungen des Soh-
208 512 1390 565 nes, und nur de peculio: gegen den Sohn ſowohl aus
208 589 1388 650 früheren, als aus ſpäteren Geſchäften . Das Recht
213 670 1384 726 auf den activen Gebrauch der Klage hat aus den frühe-
213 735 1384 804 ren Geſchäften ausſchließend der Vater, ſelbſt nach der
209 829 1385 884 Emancipation, weil ihm die Klage ſchon früher unabän-
204 909 1258 963 derlich erworben war: aus den ſpäteren der Sohn.
277 988 1381 1042 Auch ein Sklave kann in der Societät ſtehen: er ſelbſt
203 1068 1380 1122 wird dadurch nicht verpflichtet, aber die actio pro socio
207 1147 1380 1201 geht wegen ſeiner Handlungen gegen den Herrn als actio
207 1229 1382 1286 de peculio oder quod jussu : ohne Zweifel auch gegen
200 1307 1379 1361 jeden Dritten, der den Sklaven als Inſtrument zur So-
200 1388 1377 1443 cietät gebraucht, und der nun ſelbſt als durch ihn han-
201 1467 1379 1524 delnd anzuſehen iſt. Wird der Sklave veräußert, ſo hört
198 1546 1378 1602 jedoch die bisherige Societät auf und das was äußerlich
1322 159 1393 235 135
200 1655 763 1699 her L. 4 § 1 eod. ſagt: „Disso-
200 1707 762 1747 ciamur renuntiatione, morte,
203 1758 765 1799 capitis minutione, et egestate,”
207 1805 766 1848 ſo iſt hier die Unbeſtimmtheit des
207 1855 771 1897 Ausdrucks nicht als Allgemeinheit
210 1905 768 1947 anzuſehen, ſondern einſchränkend
203 1954 764 1998 hinzu zu denken: maxima vel me-
200 2004 762 2045 dia. Haloander lieſt: maxima
198 2051 760 2099 capitis deminutione, nimmt alſo
197 2104 759 2149 jenen Gedanken theilweiſe in den
199 2156 758 2198 Text auf, weshalb er von Au-
201 2207 760 2248 gustin. emend. III. 6 getadelt
198 2256 759 2300 wird. Indeſſen möchte es wohl
201 2306 760 2350 die wahre Vulgata ſeyn, wenig-
205 2357 761 2399 ſtens leſen ſo ed. Jenson s. a.
812 1658 1377 1701 und ed. Koberger 1482, Hand-
810 1708 1378 1754 ſchriften müßten darüber entſchei-
811 1758 1375 1804 den. Für richtig jedoch halte ich
814 1807 1375 1850 dieſe Leſeart nicht, ſondern die
818 1856 1374 1902 Florentiniſche, weil durch die be-
818 1906 1375 1950 ſtimmte Bezeichnung maxima die
812 1958 1378 2004 media ausgeſchloſſen wäre, ganz
809 2006 1378 2052 gegen die angeführten Zeugniſſe.
918 2058 1378 2103 L. 58 § 2 pro socio (17.
807 2108 1379 2151 2). Bey der Klage gegen den
808 2159 1379 2202 Sohn aus früheren Geſchäften
808 2208 1377 2253 muß natürlich die Reſtitution hin-
806 2258 1362 2302 zugedacht werden. Vgl. § 70 u.
923 2309 1375 2353 L. 18. L. 58 § 3. L. 63
811 2360 1336 2405 § 2. L. 84 pro socio (17. 2).
