1600 2656
332 296 1517 351 väterlicher Gewalt lebten, war dieſer Grund einer will-
331 370 1518 433 kührlichen Einſchränkung nicht vorhanden, es war alſo
330 457 1517 513 keine Veranlaſſung da, den natürlichen Zuſtand abzuän-
326 538 1516 595 dern, nach welchem die mündigen Töchter eben ſo fähig
325 619 1515 671 waren Schulden zu haben, als die mündigen Söhne. —
325 681 1517 752 Neuerlich iſt der Meynung des Cujacius eine beſondere
329 779 1515 834 Wendung gegeben worden durch die Unterſcheidung zwi-
327 860 1520 913 ſchen den ſtreng civilrechtlichen, und den freyeren Obliga-
325 942 1512 998 tionen: jene ſollten an die auctoritas gebunden, und da-
325 1021 1511 1075 her während der väterlichen Gewalt ganz unmoͤglich ſeyn,
325 1100 1516 1152 dieſe aber nicht . Allein zu dieſer Unterſcheidung liegt
325 1180 1514 1233 weder in den Worten von Gajus und Ulpian, die allge-
324 1249 1525 1314 mein von jeder Obligirung reden, noch in der Natur und
321 1342 1508 1393 dem Zweck der Geſchlechtsvormundſchaft irgend ein Grund.
321 1422 1510 1473 Denn Verſchuldungen einer Frau aus einem Darlehen oder
323 1502 1512 1554 einem Kaufcontract waren ja für das künftige Erbrecht
322 1568 1512 1634 eines Agnaten durchaus nicht weniger gefährlich, als die
320 1662 1508 1715 aus einer Stipulation . Ich glaube daher, daß unab-
331 197 403 235 432
828 197 1020 241 Beylage V.
317 1792 892 1842 rung jener beiden Fälle (der legi-
314 1842 893 1885 tima tutela) zu betrachten waren.
414 1893 894 1934 Rudorff Vormundſchafts-
315 1943 891 1983 recht B. 1 S. 171. B. 2 S. 273. 274.
427 1991 893 2035 Gegen dieſe Behauptung,
318 2041 889 2083 daß die auetoritas zu allen Ar-
319 2091 890 2134 ten der Verſchuldung (ſtreng oder
318 2141 890 2184 frey) gleich nöthig war, könnte
318 2192 883 2234 vielleicht ein Zweifel erhoben wer-
318 2241 883 2286 den aus Gajus III. § 91, wo es
319 2291 884 2334 von der Schuld aus einem em-
316 2342 884 2387 pfangenen indebitum heißt: „qui-
316 2393 886 2438 dam putant, pupillam aut mu-
943 1791 1513 1832 lierem, cui sine tutoris aucto-
941 1842 1512 1884 ritate non debitum per erro-
941 1892 1513 1933 rem datum est, non teneri con-
941 1943 1513 1985 dictione, non magis quam mu-
939 1992 1512 2036 tui datione;” er ſelbſt erklärt ſich
940 2042 1508 2089 nachher gegen dieſe Meynung.
938 2091 1511 2133 Aber bey dieſer Frage kam es
937 2141 1512 2185 nicht auf die hiſtoriſche Klaſſe an,
936 2190 1512 2235 wozu die vorliegende Obligation
936 2240 1513 2285 gehörte, ſondern darauf, daß die
934 2290 1510 2332 auctoritas überall nur dazu die-
934 2342 1511 2385 nen ſollte, den Willen zu ergän-
933 2391 1512 2437 zen, hier aber die Obligation gar
