1600 2682
88 167 1234 216 §. 144. Schenkung. Begriff. 1. Rechtsgeſchäft unter Lebenden.
89 274 1306 330 einer andern Perſon. Zweytens gehört zu jeder Schen-
88 356 1303 409 kung das auf die Bereicherung des Empfängers gerichtete
88 425 1305 491 Bewußtſeyn des Gebers. Bey der Erbeinſetzung aber kann
91 518 1307 569 der Teſtator nie beſtimmt wiſſen, ob er den Erben berei-
89 599 1310 654 chern werde, weil durch Unglück oder Verſchwendung das
86 681 1304 735 Vermögen völlig verſchwinden, ja ſelbſt zu einer negati-
86 765 683 814 ven Größe werden kann .
165 844 1302 896 Anders verhält es ſich in beiden Rückſichten mit dem
83 925 1299 981 Legat, welches im Juſtinianiſchen Recht mit dem Singu-
81 1008 1301 1059 larfideicommiß identiſch geworden iſt. Denn hier wird in
83 1089 1299 1142 der That Etwas dem einen Vermögen entzogen, dem an-
80 1157 1302 1224 dern hinzugefügt; auch weiß man bey dem Legat in der
80 1253 1296 1306 Regel ganz ſicher, daß der Legatar dadurch bereichert wer-
80 1334 1298 1387 den wird . Daher wird denn auch das Legat von den
90 1417 1294 1468 alten Juriſten geradezu eine donatio genannt . Den-
83 1496 1299 1549 noch iſt dieſer Ausdruck nur ein uneigentlicher, eine wahre
81 1578 1301 1632 Schenkung iſt das Legat nicht, und an eine Anwendung
81 1658 1300 1711 der für die Schenkung aufgeſtellten poſitiven Rechtsregeln
1264 172 1308 207 21
196 1736 662 1779 Damit ſteht nicht im Wi-
79 1789 659 1830 derſpruch, daß der Erwerb
77 1839 660 1882 durch Erbſchaft in der Regel eine
77 1891 657 1935 lucrativa causa heißt (§ 143. g);
76 1942 657 1984 denn zu der Zeit, wo dieſer Er-
75 1994 657 2035 werb bereits eingetreten iſt, läßt
75 2046 656 2088 ſich der Betrag der Erbſchaft wohl
76 2096 657 2138 überſehen, nicht ſo zu der Zeit,
80 2148 654 2189 worin das Teſtament errichtet wird.
123 2199 656 2241 Ich ſage: in der Regel,
84 2249 657 2291 denn allerdings giebt es auch Le-
80 2299 659 2343 gate, die den Legatar gar nicht
78 2349 659 2395 bereichern, z. B. wenn durch Legat
76 2401 660 2444 der Erbe verpflichtet wird, ein
713 1739 1295 1781 Haus um deſſen wahren Werth
712 1789 1292 1831 an den Legatar zu verkaufen.
711 1840 1293 1885 L. 66 L. 49 § 8 de leg. 1 (30. un.).
710 1891 1294 1934 Auch dieſes iſt ein wahres Legat,
709 1942 1293 1984 obgleich es nicht mit Fideicom-
709 1994 1291 2036 miſſen belaſtet werden kann, auch
708 2044 1292 2087 nicht bey der Falcidia in Betracht
707 2096 830 2131 kommt.
820 2146 1291 2191 L. 36 de leg. 2 (31. un.).
706 2199 1294 2240 „Legatum est donatio testa-
706 2249 1297 2292 mento relicta” (von Modeſtin).
707 2300 1295 2344 § 1 J. de leg. (2. 20.). „Lega-
708 2353 1292 2395 tum itaque est donatio quae-
711 2402 1181 2436 dam a defuncto relicta.”
