1600 2544
188 248 1351 316 mit einer gleich zu erwähnenden Ausnahme an jeder
189 313 1355 382 vollſtändigen neuen Bearbeitung beſonders der preußiſchen
193 385 1358 448 Gewerbeſtatiſtik fehlt. Der trefflichen Bearbeitung von
195 447 1360 515 Hoffmann, welche die gewerbeſtatiſtiſchen Reſultate bis
199 514 1382 581 1837 in Betracht zieht, iſt keine vollſtändig ebenbürtige
199 582 1366 647 gefolgt. Dieterici hat die Ergebniſſe der Aufnahmen
201 651 1366 710 von 1843—55  veröffentlicht, Engel die von 1858
204 714 1371 779 und 1861. Einzelne Fragen ſind von Dieterici in
205 781 1373 841 dem Tabellenwerk von 1843, wie in den Mittheilungen
209 845 1374 914 erörtert; für 1849 iſt die Bearbeitung in dem V. Folio-
1326 144 1347 177 3
554 155 974 204 Frühere Bearbeitungen.
1145 2244 1198 2282 1 *
360 971 1377 1028 Die Bevölkerung des preußiſchen Staates. Berlin 1839.
215 1040 386 1085 S. 114 ff.
367 1082 1382 1140 Dieterici die ſtatiſt. Tabellen des preuß. Staates für 1843,
217 1138 1383 1196 Berlin 1845; Tabellen und amtliche Nachrichten über den preuß.
221 1190 1386 1250 Staat I—VI. (enthaltend die Aufnahme von 1849, theilweiſe
221 1246 1388 1303 mit der von 1852.) Berlin 1851—55; Tabellen und amtliche
223 1304 1388 1362 Nachrichten für 1852, 1855 und 1858, je ein Band (letzterer
225 1356 1390 1418 nach dem Tode Dieterici’s von Engel herausgegeben.) Mitthei-
226 1413 1390 1474 lungen des ſtatiſtiſchen Bureaus in Berlin, 13 Bände. 1848—60.
387 1468 1393 1528 Preußiſche Statiſtik in zwangloſen Heften V. Die Er-
231 1524 1394 1583 gebniſſe der Volkszählung und Volksbeſchreibung nach den Auf-
232 1578 1395 1638 nahmen vom 3. Dezember 1861, reſp. Anfang 1862. Ber-
233 1651 403 1685 lin 1864.
380 1687 1398 1745 Dieterici, Mittheilungen des ſtatiſt. Bureaus: I, 68 ent-
236 1742 1402 1804 hält nur die Mittheilungen der Geſammtreſultate der Gewerbe-
239 1796 1402 1858 aufnahme von 1846, um zu berechnen, wie viele Perſonen
240 1851 1405 1915 zur eigentlich arbeitenden Klaſſe gehören; I, 213—291 und II,
243 1909 1407 1965 1—16 enthält eine Vergleichung der wichtigern Handwerke von
245 1963 1409 2023 1822 und 46, wobei hauptſächlich der Beweis geführt werden
247 2019 1412 2080 ſoll, daß die Gewerbefreiheit nicht zur Ueberſetzung des Hand-
248 2073 1413 2134 werks geführt habe; II, 235—64 eine Vergleichung des König-
249 2130 1414 2188 reichs und der preuß. Provinz Sachſen nach dem Stand von
252 2183 1414 2244 1846, worin die intenſivere gewerbliche Entwickelung des König-
