1600 2335
238 202 1438 239 nung des bestimmten Grundstückes als Wald durch ein
238 248 962 287 berufenes Organ der Staatsgewalt.
315 293 1437 331 C. Heyer sagt nämlich: Wald- oder Forstgrund nennt man solches
239 339 1436 377 Gelände, auf welchem Forstrechte haften, und welches der Forstpolizei
238 384 500 413 unterworfen ist.
314 422 1437 466 Ähnlich bestimmt Art. 1 des württembergischen Forstpolizeigesetzes:
238 474 1438 512 Wald sind alle Grundstücke, welche als zur Gewinnung von Holz, sowie
238 519 1438 557 der mit der Holzzucht verbundenen Nebennutzungen auf die Dauer be-
238 564 1438 603 stimmt, von der Forstpolizeibehörde unter die Forsthoheit des Staates
238 608 449 646 gestellt sind.
314 653 1438 692 Das Erfordernis der polizeilichen Bezeichnung einer Fläche als
237 698 1439 737 Wald erleichtert zwar die praktische Durchführung des Gesetzes, ist aber
237 742 1149 781 ungeeignet für eine allgemein anwendbare Definition.
314 788 1438 829 Die Beantwortung der Frage, ob eine bestimmte Fläche als „Wald“
237 833 1439 874 anzusehen ist oder nicht, kann in unseren Kulturstaaten allerdings eben
238 878 1440 918 wegen der Mannigfaltigkeit der hierbei zu berücksichtigenden Verhält-
237 924 1441 961 nisse öfters nur im Anhalt an die jeweiligen gesetzlichen Bestim-
237 968 1440 1006 mungen erfolgen; wo solche fehlen, muſs das auf die thatsächlichen
237 1014 1302 1051 wirtschaftlichen Verhältnisse gestützte Gutachten Platz greifen.
312 1060 1440 1098 Die Form des Waldes, die sich unter dem ausschlieſslichen Walten
237 1105 1099 1143 der Naturkräfte entwickelt, nennt man Urwald.
315 1150 1440 1188 Sobald der Mensch anfängt, sich die im Urwald vorhandenen Güter
237 1194 1440 1230 nutzbar zu machen, erfährt der Charakter des letzteren bald mehr bald
238 1238 870 1274 weniger weitgehende Veränderungen.
314 1282 1439 1319 Nach mannigfachen Zwischengliedern wird die Fläche des Urwaldes
237 1327 1439 1370 schlieſslich entweder dauernd einer anderen Benutzungsweise zugeführt
237 1374 1439 1415 (gerodet, in Feld, Wiese, Weide umgewandelt), oder dieselbe bleibt
236 1420 1183 1462 ständig und systematisch der Holzproduktion gewidmet.
312 1467 1436 1501 In letzterem Falle ist alsdann aus dem Urwald der Wirtschafts-
236 1514 621 1550 wald hervorgegangen.
312 1558 1436 1597 Ein bestimmt abgegrenzter Teil eines Wirtschaftswaldes wird ge-
236 1602 1436 1641 wöhnlich „Forst“  genannt, doch ist dieser Ausdruck in Norddeutsch-
236 1647 911 1679 land verbreiteter als in Süddeutschland.
631 127 1037 158 A. Erster (allgemeiner) Teil.
239 128 256 153 6
351 1730 1437 1763 Urwaldungen sind gegenwärtig in Süd- und Westeuropa, namentlich in
234 1768 1437 1799 Deutschland, Frankreich und Italien überhaupt nicht mehr vorhanden; Groſsbritannien
235 1805 1436 1838 kommt bei seiner geringen Waldfläche ohnehin nicht in Betracht. Echte Urwald-
236 1841 1437 1874 bestände, in denen noch nie der Schlag der Axt ertönte, finden sich in einzelnen
239 1879 1437 1911 Teilen des östlichen Galiziens und der Bukowina, sowie in Siebenbürgen, doch nimmt
234 1916 1436 1948 auch hier ihre Fläche rapid ab. Osteuropa (Bosnien, Herzegowina, Rumänien und
234 1952 1437 1982 vor allem Ruſsland), ferner Schweden und der südliche Teil von Norwegen besitzen
236 1988 818 2019 dagegen noch ausgedehnte Urwaldungen.
352 2023 1436 2053 Das Wort „Forst“ ist ein reindeutsches Stammwort und bedeutete schon
235 2060 1436 2091 in den ältesten Zeiten „Wald“. Die althochdeutsche Form ist forst, mittelhochdeutsch
234 2096 1436 2131 vorst, vorëst, forest, foreis, foreht. Die letztgenannten sind romanischer Abkunft,
