1600 2335
254 236 1368 279 Am zweckmäſsigsten ist eine amtliche Ausscheidung durch Kom-
179 280 1367 326 missionen von Sachverständigen mit Anhörung der Einwendung der
177 324 1370 364 Interessenten und Zulassung der Berufung an eine höhere Instanz. Auf
177 368 1365 412 diese Weise ist jede Einseitigkeit und Willkür ausgeschlossen, welche
176 413 1363 459 bei einseitiger amtlicher Behandlung immerhin möglich erscheint; die
175 458 1362 501 Eigentümer wissen, daſs ihre Waldungen den gesetzlichen Beschrän-
173 503 1361 544 kungen unterliegen, und für das eventuelle strafrechtliche Verfahren
173 551 1361 593 wegen Verletzung dieser Bestimmungen ist eine sichere Grundlage ge-
172 595 1359 639 schaffen. Eine solche Ausscheidung findet statt in Württemberg ,
171 636 985 679 Ungarn, Italien, der Schweiz und in Ruſsland.
245 684 1357 727 Die Durchführung dieser Ausscheidung ist allerdings mit Schwie-
169 728 1357 770 rigkeiten und Kosten verbunden; ebenso bedürfen die Schutzwaldver-
168 773 1357 819 zeichnisse einer periodischen Revision, da einzelne Verhältnisse, welche
167 817 1357 866 für die Einreihung eines Waldes in die Kategorie der Schutzwaldungen
167 863 1356 905 maſsgebend sind, z. B. Schutz gegen Wind, im Laufe der Zeit Ver-
166 907 1354 952 änderungen erfahren. Daſs sie aber möglich ist, zeigen die praktischen
165 949 768 987 Erfahrungen in Ungarn und Italien.
241 995 1351 1039 In letzterem Lande, wo die Staatswaldfläche nur 4 Proz. der ge-
162 1040 1350 1078 samten Waldfläche beträgt, und der Wald infolge der alten Kultur und
162 1083 1349 1124 der klimatischen Verhältnisse ohnehin schon fast ganz auf den abso-
161 1129 1347 1173 luten Waldboden zurückgedrängt worden ist, unterliegen nach den ge-
160 1173 1348 1218 fälligen Mitteilungen des Herrn Forstinspektors Ciucci nicht weniger
160 1218 1347 1258 als 2968008 ha = 72,5 Proz. der gesamten Waldfläche dem Forstbanne
159 1263 455 1298 (vincolo forestale).
234 1311 1344 1358 Die Erklärung eines Waldes als Schutzwald kann aber nach einigen
159 1353 1344 1398 Gesetzen auch von Fall zu Fall auf Antrag der gefährdeten Interes-
156 1401 1344 1443 senten oder der Behörden erfolgen, ohne daſs eine allgemeine Aus-
155 1444 1344 1486 scheidung stattgefunden hat (Preuſsen , Oesterreich), oder neben einer
154 1489 440 1523 solchen (Italien.
1313 176 1368 201 231
589 163 964 195 II. Abschnitt. Forstpolizei.
269 1562 1339 1597 Württemberg, Forstpolizeigesetz vom 8. IX. 1879, Art. 9: Bei Waldungen,
153 1598 1339 1628 welche nach dem Ermessen des Forstamtes wegen der örtlichen Verhältnisse zur
152 1634 1338 1668 Abhaltung von Gefahren, insbesondere des Abrutschens und Bodenüberschwemmens,
150 1670 1336 1702 in entsprechendem Bestande zu halten sind, oder zum Schutz gegen Windschaden
150 1706 1334 1742 für die angrenzenden oder vorherrschend mit Nadelholze bestockten Waldungen
149 1744 1336 1775 dienen, ist zu einer kahlen Abholzung oder starken Lichtung die Erlaubnis des
149 1780 1335 1816 Forstamtes einzuholen. Die Waldungen, welche dieser Beschränkung unterliegen,
149 1817 1333 1849 sind durch das Forstamt den Besitzern mittels schriftlicher Eröffnung zu bezeichnen.
263 1855 1333 1886 Russisches Gesetz vom 4. IV. 1888, Art. 29: Zu dem Wirkungskreise des
147 1889 1333 1922 Forstschutzkomitees gehören: a) die Bestimmung der Schutzwälder und die Bestä-
146 1925 735 1957 tigung der für diese erforderlichen Pläne.
260 1963 1332 1993 Preuſsen, Gesetz vom 6. VII. 1875, § 3: Der Antrag auf Erlaſs der im
146 1997 1330 2030 § 2 vorgesehenen Anordnungen kann gestellt werden a) von jedem gefährdeten Inter-
145 2035 1330 2066 essenten, b) von Gemeinde-, Amts-, Kreis- und sonstigen Kommunalverbänden in
147 2069 1330 2106 allen innerhalb ihres Bezirkes vorkommenden Fällen, c) von der Landespolizeibehörde.
260 2109 1330 2146 Italien, Gesetz vom 20. VI. 1877, Art. 2: Il vincolo per ragione di pubblica
