1600 2631
238 294 1477 360 gleich die Gaſtfreundſchaft ſich hier gerne gut bezahlt macht und
236 350 1477 417 dem heiligen Zwecke des Beſuches nicht ganz das erwünſchte
236 408 1475 471 Verſtändniß entgegenbringt. Das Innere der Grabmoſchee wird
235 463 1476 529 derartig heilig gehalten, daß ſich kein Ungläubiger nur in deſſen
234 517 1472 584 Nähe wagen, geſchweige in daſſelbe eintreten darf. Unter acht-
235 572 1473 640 eckiger Pyramidal-Bedachung des Grabraumes ſteht der reich-
235 628 1471 688 geſchmückte Sarkophag, umgeben von einem ſilbernen Gitter und
233 683 1470 747 mäßig erhellt durch ſilberne Ampeln. Die Beſchränktheit des
231 740 1469 800 Raumes ruft alsbald unter den Pilgern ein wüſtes Lärmen und
230 796 1471 860 Drängen hervor, es regnet Flüche und Scheltworte, denen wohl
230 851 1469 917 auch mitunter veritable Prügel nachfolgen, alles in getreueſter
228 907 1466 974 Copie zu jenen berüchtigten Auftritten in Mekka, denen übrigens,
228 967 1467 1028 wenn wir aufrichtig ſein wollen, auch die Balgereien in der
225 1022 1465 1085 Jeruſalemer Grabkirche würdig an die Seite geſtellt werden
224 1077 1464 1143 können. Der Zelotismus treibt eben überall die gleichen ſchönen
224 1130 1462 1198 Blüthen, doch erſcheint er im Oriente ſelbſtverſtändlich bedeut-
223 1190 1460 1259 ſamer, da er ja die Maſſen beherrſcht und durch die, nur ſpärlich
220 1248 1461 1313 platzgreifende Aufklärung nicht jenen wohlthuenden Regulator
220 1304 736 1348 findet, wie im Abendlande.
316 1360 1460 1428 Dſchelaleddins Heim hat heute für uns leider nur mehr
220 1416 1459 1481 einen hiſtoriſchen Werth. Einſt war es anders, denn Konja war
217 1473 1458 1534 ja die Reſidenz der kunſtliebenden Seldſchuken-Sultane, von
217 1532 1457 1592 denen namentlich ihr letzter, Alaeddin Keikobad, ſein Andenken in
214 1589 1454 1654 allerhand, nun freilich in Ruinen liegenden Bauten erhalten hat.
215 1647 1454 1709 Der ganze Platz um Konja iſt heute ein ausgedehntes Ruinen-
213 1704 1453 1760 Territorium. Allenthalben noch ſieht man die alten Stadt-
213 1761 1453 1827 umwallungen, welche annähernd einen Maßſtab für die einſtige
244 201 311 234 182
585 202 1139 250 Anhang. Anatoliſche Fragmente.
321 1875 1453 1927 Wie zu Mekka, wo nach Schluß der Pilger-Feierlichkeiten die
211 1922 1451 1978 Mekkaner ihr Profitchen nachrechnen und bei geſchloſſenen Kaufläden ihren
211 1969 1449 2024 häuslichen Unterhaltungen nachgehen, wobei die verſchiedenartigſten Er-
211 2011 1449 2072 zählungen, wie man die dummen Pilger geprellt hat, das Hauptthema
209 2064 1261 2115 des Geſprächsſtoffes bilden (Vgl. Braun, „Gemälde ꝛc.“, 453.)
319 2111 1145 2156 Sperling, „Ztſchrft. für allg. Erdkunde“ a. a. O.
317 2159 1447 2213 Man denke nur an den frechen Betrug der armeniſchen und grie-
210 2205 1446 2257 chiſchen Geiſtlichkeit, welche immer noch alljährlich aus einem Loch der
210 2252 1442 2305 Grabescapelle zu beſtimmter Stunde die von ihrer gläubigen Heerde er-
208 2298 1443 2354 ſehnte Wunderflamme hervorbrechen läßt, worauf in der Regel jene
209 2343 1443 2401 Schlägerei ſtattfindet, die erſt durch das Dazwiſchenfahren der türkiſchen Ge-
204 2393 664 2437 wehrkolben ihr Ende findet.
