1600 2631
272 278 1510 327 verlegt und der Sitz des Patriarchen hundert Jahre nach Gregors
272 334 1508 380 Tod von Etſchmiadſin nach Towin bei Artaxata (drei Meilen
272 390 1508 438 ſüdöſtlich von Eriwan), wo die altersgraue Silhouette noch heute
272 446 1508 494 von mäßig hohem Berghange in das fruchtbare Araxesthal hinab-
273 502 1508 548 blickt. Hier verblieben die armeniſchen Patriarchen bis ins achte
272 558 1509 605 Jahrhundert hinein, wo die Epoche ihrer ſchwerſten Bedrängniß
273 613 1509 659 hereinbrach und nahezu bis zum Ausgange des Mittelalters währte.
271 669 1509 715 Zur Zeit als der Seldſchukide Alp-Arzlan dem armeniſchen
272 724 1512 771 Reiche ein Ende gemacht hatte, befand ſich der Patriarchenſitz
273 781 1510 829 wieder in Etſchmiadſin, wo über den heiligen Stätten ſich im
273 839 1510 886 Laufe der Zeit ſtets größere Zu- und Neubauten erhoben. Neben
272 895 1511 944 der Urkirche, die dem Nationalpatron geweiht iſt, erhebt ſich
272 954 1508 1000 auf der Stätte der einſtigen Arſaciden-Capitale die Kirche Hrip-
273 1008 1511 1056 ſime, ein Denkmal an das Martyrium der römiſchen Chriſtinnen,
272 1064 1511 1112 zu welchem Dertad, zur Sühne, ſelbſt den Grundſtein legte; die
272 1122 1513 1169 dritte heilige Stätte iſt das Kloſter Gaiane … Umſchimmert
275 1180 1512 1227 von einer ſchweren Menge hochgehaltener Traditionen, die ab
272 1236 1513 1284 und zu in legendaren Kundgebungen verdämmern und ſo den Reiz
273 1292 1514 1341 des Glaubenshortes nur noch erhöhen, bietet Etſchmiadſin heute
271 1350 1513 1401 zwar nicht mehr das poetiſche Bild eines den Stürmen der Zeit
272 1407 1514 1453 und feindlichen Barbaren trotzenden Aſyls, auch nicht das eines
273 1464 1511 1512 außergewöhnlichen Glanzes, wie noch vor wenigen Decennien,
272 1522 1511 1569 ſondern es bildet vielmehr den religiös-politiſchen Central- und
271 1580 1512 1628 Kryſtalliſationspunkt Armeniens. Daß demjenigen, der die Ober-
274 1638 1514 1686 hoheitsrechte über Etſchmiadſin ausübt, auch die kirchliche Supre-
262 1696 1514 1743 matie und die politiſche Sympathie in ganz Armenien geſichert
275 1753 1514 1799 ſei, hat Rußland weit raſcher noch begriffen, als der kluge Schah
274 1808 1514 1855 Abbas, der den Mönchsſitz bei Eriwan mit allen denkbaren Vor-
273 1864 1514 1912 rechten ausſtattete und ſogar jeden ſeiner Verfolger, der ſie
274 1922 1185 1971 künftighin ſchmälern wollte, mit Fluch bedrohte.
372 1979 1512 2026 Wie der Tempel des heiligen Gregorios heute zu Etſchmiadſin
275 2036 1514 2084 daſteht, läßt er kaum mehr ſein Alter in architektoniſcher Hin-
739 183 1057 220 Im Ararat-Gebiet.
272 188 319 221 40
275 2148 1554 2189 ſaces, als erſte Reſidenz der Arſaciden ihre eigentliche Bedeutung erhalten.
276 2195 1514 2237 Sie blieb bis unter Arſaces III. (um 354 n. Chr.) Reſidenz der Könige
278 2244 1514 2285 aus dieſem Hauſe, worauf ſie der Zerſtörungswuth des Saſſaniden Schah-
279 2292 670 2333 pur II. zum Opfer fiel.
388 2338 740 2379 St. Martin, a. a. O.
388 2385 971 2427 Vgl. Parrot, „Reiſen“, I, 82 u. ff.
