1600 2631
343 179 1078 219 Erzerums alte Baureſte. — Hoch-Armenien.
98 271 1334 326 — ihren Tribut abzuliefern. Das klingt wunderlich genug, iſt
99 325 1333 382 aber eine Thatſache. Jedermann, der Janitſchar werden wollte,
98 378 1332 438 hatte eine gewiſſe, vorher vom Beglerbeg normirte Summe dem
98 437 1331 496 Stellvertreter des Padiſchah abzuliefern, wonach es ihm unbe-
97 500 1331 551 nommen blieb, ſich ſeine Einkünfte auf immer welche Art, durch
98 550 1333 606 Erpreſſung, willkürlichen Steuerzwang, oder ganz gemeinen Raub
97 612 1333 663 zu verſchaffen … Das Caſtell ſcheint indeß gleichfalls römiſchen
96 660 1333 716 Urſprungs zu ſein, ſowie das Zeughaus zunächſt des Tabriſer
96 716 1332 772 Thores, an dem noch vor fünfzig Jahren römiſche Wappen zu
95 771 1331 829 ſehen waren. Dafür ſind die chriſtlichen Kirchen meiſt aus
96 829 1330 887 Holz, die Moſcheen verwahrloſt und äußerlich voll Unrath,
96 885 1332 944 ſowie die zahlreichen Gaſſen, in denen die Jauche in Folge des
95 948 1331 1000 geringen Gefälles derſelben, bis auf die, Miasmen ausathmenden
95 1000 1330 1056 Rückſtände, erſt nach vielen Tagen verdunſtet. Daß es an
95 1056 1331 1114 Tauſenden der ſchakalartigen herrenloſer Straßenköter allezeit
95 1115 1177 1170 nicht fehlte, iſt für eine türkiſche Stadt ſelbſtverſtändlich.
190 1177 1330 1229 Wir wollen nun einen Blick auf das Geſammtbild Hoch-
96 1230 1331 1286 Armeniens werfen. Der ausgeſprochene Charakter eines Plateau-
95 1286 1331 1345 Landes, den Oſt-Armenien zwiſchen Erzerum und Eriwan trotz
94 1342 1330 1401 der Thaleinſchnitte des Aras und Kur beſitzt, fällt in Weſt-
96 1400 1331 1458 Armenien ziemlich außer Betracht. Dort gibt es überall lange
1288 186 1332 218 57
211 1577 1329 1619 Vgl. A. Jaubert, Voy. 117. Neueſtens hatte das in Erzerum er-
93 1619 1329 1665 ſchienene Vilajets-Amtsblatt „Emwarie-Scharkie“ (Licht des Oſtens) ver-
93 1666 1329 1714 ſprochen, die Namen aller derjenigen mit goldenen Lettern zu veröffent-
93 1715 1329 1762 lichen, welche ſich beeilen würden (kurz vor dem letzten Kriege) in die
93 1762 1328 1811 Reihen der Vaterlandsvertheidiger zu eilen. Als auf Grund dieſer ſpon-
93 1812 1329 1858 tanen Kundgebung bald hierauf das Stambuler Kriegsminiſterium den
93 1857 1330 1904 Ankauf von Pferden telegraphiſch anordnete, beeilte ſich der Gouverneur
92 1905 1328 1951 (Ismail Paſcha) auf eigene Fauſt nach Conſtantinopel zurückzumelden,
93 1952 1328 1999 daß die Einwohner ſeines Vilajets kein Geld annehmen, ſondern aus
92 1998 1270 2047 Patriotismus alle ihre Pferde der Regierung zur Verfügung ſtellen …
92 2046 1329 2094 In der That confiscirte (!) Ismail Paſcha die entſprechende Anzahl von
92 2093 1329 2141 Pferden, ohne einen Para hierfür auszugeben. Dafür heimſte er Beglück-
93 2143 1329 2189 wünſchungen und Auszeichnungen von Stambul in reichlichem Maße ein.
92 2188 1329 2239 („Allg. Ztg.“, Nr. 61, 1877.) Das war eben wieder eine ganz eigene
92 2234 1212 2284 Art von Vergewaltigung, ändert aber am Weſen der Sache nichts.
202 2290 726 2332 Southgate, bei Ritter, a. a. O.
201 2339 1328 2383 Ueber die Erzerumer Kirchenbauten Näheres bei W. Hamilton,
94 2381 460 2423 „Asia minor“, I, 178.
