1600 2360
213 185 1500 231 ren Ichthyologen beschrieben und dann wieder ganz vergessen worden zu
214 234 1499 280 sein; es geht dies aus Gesner’s kurzer Beschreibung und dürftiger Abbildung
214 281 1499 329 des Ryserle oder Ryssling hervor, der nach seiner Angabe bei Zürich
214 330 1499 372 in der Sihl angetroffen wird. Dieser Ryserle der Sihl ist in der That ein Te-
213 380 1498 426 lestes. was Heckel an Exemplaren dieses Fisches nachgewiesen hat, die
213 428 1498 477 derselbe aus der Sihl erhalten hatte. Heckel hielt anfangs (Nr. 11 f: pag. 386
212 479 1499 526 und 388) diesen Ryserle als Tel. Rysela von Tel. Agassizii getrennt, erst spä-
211 529 1498 572 ter vereinigte er sie miteinander (Nr. 13: pag. 206), womit ich vollkommen
211 578 1498 618 einverstanden bin, da ich Gelegenheit hatte, mich in Zürich an mehreren In-
211 626 1496 666 dividuen des Ryserle aus der Sihl von der Identität dieses Telestes mit Tel.
210 674 1499 719 Agassizii zu überzeugen. Der Ryserle blieb übrigens bis auf die neueste Zeit
210 724 1498 766 unbeachtet, nur Hartmann (Nr. 38 b: pag. 200) beschrieb denselben in sei-
210 773 1494 818 ner helvetischen Ichthyologie ziemlich kenntlich, begieng aber den Fehler,
210 822 1497 869 den Ryserle mit Bloch’s räthselhaftem Cyprinus aphya (Spierling Bl.) zu ver-
210 871 1497 918 einigen, wodurch sich der Ryserle, noch dazu unter dem ganz fremden Na-
210 920 1500 967 men »Spierling« nicht dauernd geltend machen konnte, obgleich Hartmann auf
210 969 1495 1016 eine weitere Verbreitung des Ryserle in der Schweiz hingewiesen hatte.
209 1019 1497 1059 Hartmann hat nämlich zu diesem Ryserle der Sihl den von Cysat beschriebe-
208 1066 1497 1107 nen »Aertzele« der Reuss citirt, in welchem Fisch ich nach der Beschrei-
208 1115 1496 1158 bung Cysat’s (Nr. 35: pag. 93) den Tel. Agassizii deutlich erkenne. Indem
208 1163 1490 1213 Agassiz (Nr. 7: pag. 38 und Nr. 8: pag. 80) den Ryserle des Gesner irriger-
208 1215 1493 1258 weise mit seinem Chondrostoma Rysela zusammenwarf, machte er nicht bloss,
207 1265 1496 1304 wie schon Heckel (Nr. 11 f: pag. 377) bemerkte, seine neue Chondrostoma-
206 1312 1496 1360 Art unkenntlich, sondern er trug auch dazu bei, dass der Strömer oder Ry-
206 1361 1091 1398 serle von den Ichthyologen wieder vergessen wurde.
286 1408 1496 1451 Dem Strömer oder Tel. Agassizii Bayerns ergieng es nicht viel besser
207 1454 1495 1507 als dem Ryserle der Schweiz, denn bald, nachdem ihn Willughby bei sei-
206 1503 1495 1552 nem Aufenthalte in Augsburg an das Licht gezogen hatte, ist derselbe durch
206 1555 1496 1596 Vermischung und Verwechslung mit anderen Fisch-Arten ebenfalls wieder
205 1605 1490 1650 aus den Fisch-Systemen verschwunden. Niemand wird in der Beschreibung,
205 1655 1489 1701 welche Willughby von »Grislagine Augustae dictus« gegeben hat, den Tel.
205 1699 1493 1752 Agassizii verkennen, von dem Willughby unter anderen sagt: »supra lineas
206 1751 1493 1801 citrinas ductus hinc inde niger ab oculis ad caudam continuus«. Noch heute
205 1801 1493 1850 führt der Strömer in Augsburg den Volksnamen »Grieslaugele«, den Wil-
204 1852 1493 1895 lughby in unrichtiger Auffassung zu Grislagine umgeschaffen hat. Diesen ver-
205 1902 1492 1943 stümmelten Namen Grislagine übertrug Artedi auf den schwedischen Fisch
214 106 272 135 218
706 112 1009 142 Familie: Cyprinoidei.
305 2008 1427 2045 S. dessen Histor. animal. lib. IV. pag. 479 oder dessen Fischbuch. pag. 162. a.
306 2044 1492 2075 S. dessen Fische Syriens. Nachtrag zur Charakteristik und Classification der Cy-
201 2079 676 2110 prinen-Gattungen. pag. 186 (288).
306 2115 831 2147 S. dessen Historia piscium. pag. 263.
306 2149 1079 2183 S. Nr. 1: Synonymia nominum piscium. pag. 5. nr. 4.
