1600 2360
149 188 1434 235 gebracht werden . Die Erfindung, den Glasperlen mit Hülfe des Silber-
149 235 1433 280 glanzes der Fischschuppen einen den orientalischen Perlen nahe kommenden
148 284 1432 333 Glanz zu verleihen, ist vor der Mitte des vorigen Jahrhunderts von einem
149 331 1433 384 französischen Paternostermacher Namens Jaquin ausgegangen . Die Benützung
148 380 1434 431 des Silberglanzes der Schuppen von Alburnus lucidus zur Anfertigung falscher
148 429 1433 480 Perlen  beruht auf der Eigenschaft der mikroskopischen Silberglanz-Plätt-
148 479 1432 530 chen, in Ammoniak keine Veränderung zu erleiden. Mittelst dieser Eigen-
147 531 1432 581 schaft lassen sich von dem Silberglanze der Fischschuppen die übrigen in
146 578 1431 629 Ammoniak löslichen thierischen Substanzen entfernen, so dass auf diese Weise
147 628 1428 677 der Silberglanz als Essence d’Orient ganz rein gewonnen werden kann,
147 681 1431 726 welche Perlessenz aus nichts anderem besteht, als aus den in Ammoniak
146 733 1431 775 suspendirten und unverändert glänzenden mikroskopischen krystallinischen
145 773 1433 821 Plättchen von oblonger Gestalt mit schräg abgestutzten Enden. Reaumur war
147 823 1433 873 der erste, welcher diese oblongen Elementar-Gewebstheile, von welchen der
147 873 1432 923 Silberglanz der Schuppen des Alburnus lucidus ausgeht, mikroskopisch unter-
147 927 1431 974 sucht und beschrieben hat . Nach ihm ist dieser krystallinische Silberglanz
147 970 1431 1022 der Fische wieder gänzlich unbeachtet geblieben, bis Ehrenberg, ohne Reaumur’s
147 1020 1431 1065 Beobachtungen zu erwähnen von neuem die Aufmerksamkeit auf diesen Ge-
146 1076 1431 1117 genstand lenkte. Die an Ehrenberg’s mikroskopische Untersuchungen sich
146 1125 1431 1168 anschliessenden chemischen Untersuchungen dieses silberglänzenden Beleges
145 1165 1431 1216 der Fischschuppen stimmten so wenig miteinander überein, dass ich schon
146 1213 1431 1264 lange die Absicht hegte, diese Perlessenz einer abermaligen chemischen Ana-
146 1262 1430 1312 lyse unterwerfen zu lassen; immer wurde aber diese Absicht dadurch ver-
1379 124 1432 151 157
662 120 940 147 Gattung: Alburnus.
249 1404 1430 1435 Nach meinen am Mittelrhein eingezogenen Erkundigungen liefert ein Centner Lauben
147 1427 1431 1471 4 Pfund Schuppen. Zur Auswaschung von 1 Pfund Silberglanz sollen 18 bis 20,000 Fische
145 1465 378 1500 erforderlich sein.
250 1512 1428 1545 Vergl. Beckmann: Beyträge zur Geschichte der Entdeckungen. Bd. II. Leipzig, 1788.
145 1540 1428 1582 pag. 325 oder Krünitz: Oekonomisch-technologische Encyklopädie. Th. 108. Berlin, 1808.
146 1576 266 1607 pag. 560.
248 1619 1429 1654 Diese falschen Perlen wurden später Bourguignons genannt, welcher Name sich
145 1647 1339 1688 auf Bourguignon bezieht, der im Jahre 1806 zu Paris eine Perl-Fabrik gegründet hat.
247 1690 1431 1725 S. dessen Observations sur la matière qui colore les Perles fausses, etc. abgedruckt
200 1723 1431 1764 in: Histoire de l’Académie royale des sciences. Année 1716. Paris, 1741. pag. 229. Seine
162 1761 1413 1800 Beschreibung der in der Perlessenz suspendirten silberglänzenden Plättchen lautet (p. 232):
144 1792 1429 1839 »Si on l’observe au Microscope, ou avec une Loupe forte, il est aisé de la distinguer du
154 1834 1427 1877 liquide, dans lequel elle (essence) nage, et de s’assurer qu’elle n’est point liquide elle-même.
167 1873 1429 1911 Mais on est surpris en même temps de voir que cette matière n’est qu’un amas d’une in-
162 1906 1429 1947 finité de petits corps d’une figure très réguliere. Ce sont autant de lames, dont la plus
143 1940 1428 1982 grande partie sont taillées très quarrément. Elles forment des rectangles environ quatre
143 1969 1428 2018 fois plus longs que larges. Quelques-unes ont pourtant leurs extremités arrondies, et quel-
143 2009 1427 2052 ques autres les ont terminées en pointe. Elles sont toutes extrêmement minces, et à tel
142 2044 832 2086 point, qu’on ne peut appercevoir leur épaisseur«.
247 2083 1429 2121 S. Ehrenbrg’s Mittheilungen: Ueber normale Krystallbildung im lebenden Thierkör-
142 2119 1426 2152 per, abgedruckt in Poggendorff’s Annalen der Physik und Chemie. Bd. 28. Leipzig, 1833.
142 2155 1238 2190 pag. 468. Taf. VI. Fig. 14. Krystalle der Chorioidea aus dem Auge des Hechtes.
