1600 2360
121 200 1404 249 dieser Hautausschlag den Hinterrand der Schuppen des Rückens vom Hinter-
121 248 1405 297 kopfe bis zum Schwanzende der männlichen Nasen, und auch auf der inneren
121 297 1406 348 Fläche der Brustflossen derselben stehen dergleichen Knötchen längs der
121 345 1404 389 Flossenstrahlen in dichten Reihen. Bei den laichenden weiblichen Nasen fin-
120 393 1405 443 det sich dieser Hautausschlag nur auf dem Scheitel und auf den Seitentheilen
121 443 1095 494 der Schnauze in Form sehr kleiner Scheibchen angebracht.
196 502 1404 543 Ich kann es hier nicht unterlassen, darauf aufmerksam zu machen, dass
120 549 1405 594 auch bei den aussereuropäischen Cyprinoiden zur Brunstzeit sich warzen- oder
120 598 1403 642 perlen-artige Hautauswüchse entwickeln, welche als vergängliche, meistens
120 642 1404 691 den männlichen Individuen eigenthümliche Hautgebilde nicht zu Gattungs-
120 694 1405 732 oder Art-Merkmalen erhoben werden dürfen. Letzteres ist freilich von meh-
121 748 1406 788 reren Ichthyologen geschehen, wodurch es gekommen sein mag, dass brün-
120 792 1404 836 stige und mit Hauttuberkeln besetzte männliche Individuen gewisser Cypri-
120 843 1404 886 noiden von den nicht brünstigen oder weiblichen Individuen derselben Cypri-
120 892 1402 935 noiden als specifisch verschiedene Arten auseinandergehalten worden sind.
121 935 1404 985 Ein auffallendes Beispiel dieser Art liefert die Gattung Varicorhinus, für welche
121 985 1404 1034 Rüppell  als Gattungscharakter unter anderen eine mit kleinen Knorpelwar-
121 1041 1404 1082 zen besetzte fleischige Schnauze hervorhebt. Bei genauerer Untersuchung
121 1080 1404 1131 konnten aber Varicorhinus Beso (Rüppell) aus dem Nil, Varicorhinus diplosto-
121 1137 1403 1183 mus (Heckel) aus Caschmir  und Varicorhinus Bobree (Sykes) aus Dekkan
121 1181 1404 1229 nicht als zu einer und derselben Gattung gehörend festgehalten werden, und
122 1235 1404 1280 so wurden dieselben von Heckel  in die drei Gattungen Systomus, Tylognathus
122 1283 1403 1329 und Gibelion vertheilt. Schon Valenciennes  hatte darauf hingewiesen, dass
121 1323 1405 1377 Rüppell bei Aufstellung seiner Gattung Varicorhinus sich wahrscheinlich nicht
123 1373 1403 1425 daran erinnert habe, dass die Bildung von Tuberkeln ein bei allen Cyprinoiden
123 1425 1403 1475 sehr allgemein verbreitetes Hautproduct sei. Bei Varicorhinus diplostomus
140 1476 1404 1525 kömmt zugleich ein solcher Hautauswuchs auch auf den Schuppen in Form
123 1525 1404 1573 von sehr kleinen, perlartigen Erhabenheiten vor, den ich für eine mit der Ge-
123 1572 1402 1621 schlechtsfunction in Beziehung stehende und daher ebenfalls vorübergehende
123 1614 1402 1671 Hautwucherung halten möchte. Die von Hamilton  bei Cyprinus Curmuca
124 1670 1404 1719 und Chagunio, sowie von Sykes  bei Barbus Mussullah und Kolus als diagno-
578 134 930 162 Gattung: Chondrostoma.
1343 136 1401 163 229
222 1824 1404 1857 S. dessen: Neuer Nachtrag von Beschreibungen und Abbildungen neuer Fische im
168 1857 1277 1893 Nil entdeckt, in Museum Senckenbergianum. Bd. II. 1837. pag. 20. Taf. III. Fig. 2.
223 1894 1243 1929 Vergl. Hügel und Heckel: Fische aus Caschmir. 1838. pag. 67. Tab. XI.
222 1930 1404 1963 Vergl. Sykes: On the Fisches of the Dukhun, in den Transactions of the zoological
162 1961 905 2000 society of London. Vol. II. 1849. pag. 355. Pl. 61. Fig. 3.
222 2001 938 2035 S. dessen: Fische Syriens a. a. O. pag. 27, 37 u. 24.
220 2034 955 2070 Vergl. dessen: Hist. d. poissons. T. XVII. pag. 491.
221 2071 1403 2102 S. dessen: Account on the Fishes found in the river Ganges and its branches. 1822.
153 2101 335 2132 pag. 294 u. 295.
223 2140 1402 2175 Vergl. dessen: Fishes of the Dukhun a. a. O. pag. 356. Pl. 61. Fig. 4 u. pag. 357.
149 2175 309 2204 Pl. 62. Fig. 1.
