1600 2360
123 202 1399 248 sowie der Fisch aus dem Wasser gehoben wird, gewöhnlich mit einem Knall
122 244 1403 302 berstet. Dass auch Bodenrenken, wenn sie aus grosser Tiefe herausgefischt
122 300 1404 346 werden, einer ähnlichen Trommelsucht ausgesetzt sind, habe ich bereits er-
123 346 1402 393 wähnt. Da aber diese Coregonen eine festere Schwimmblase und derbere
123 391 1404 441 Bauchwandungen besitzen, so kann die Trommelsucht bei ihnen nicht den
122 437 1403 487 hohen Grad erreichen wie bei den Kilchen. Dass auch die Madui-Maräne
126 487 1403 542 (Coreg. Maraena) der Gefahr ausgesetzt ist, durch Trommelsucht aufgetrieben
122 546 1403 594 zu werden, wenn sie unvorsichtig aus der Tiefe ihres gewöhnlichen Aufent-
122 586 1403 644 haltsortes auftaucht, geht aus einer Mittheilung Bloch’s  hervor, nach wel-
122 638 1402 686 cher dieser Fisch, wenn er im Sommer entweder beim Haschen nach einem
122 686 1402 732 Insect, oder auf der Flucht vor dem Hechte der Oberfläche des Wassers zu
122 739 1361 789 nahe kommt, durch Windsucht und tödtliche Abzehrung zu Grunde geht .
195 791 1403 838 An den aufgeblähten Kilchen erscheint die Gegend des Bauchs hinter den
121 831 1403 887 Brustflossen am stärksten ausgedehnt, wobei alle Bauchschuppen auseinander-
122 889 1403 937 gerückt sind. Schon unterhalb der Seitenlinie macht sich die eingetretene
121 929 1404 987 Auftreibung der Bauchhöhle bemerkbar, indem die oberen Längsschuppen-
122 984 1404 1034 reihen durch Furchen schärfer abgegrenzt erscheinen und die unteren Längs-
122 1032 1405 1079 schuppenreihen durch gleichbreite dünnhäutige nackte Streifen auseinander
122 1080 1403 1128 gehalten werden. Auf der Mitte des Bauches, welche von innen durch die
122 1132 1405 1180 ausgedehnte Luft am stärksten hervorgetrieben wird, treten die ganz ausein-
122 1180 1405 1229 ander gerückten und sich nicht mehr deckenden Schuppen gegen die weit
123 1229 1404 1277 ausgedehnten und nackten Hautstellen fast ganz in den Hintergrund. Ob-
123 1273 1403 1325 gleich die Kilche ihres zarten und feinen Fleisches wegen sehr geschätzt zu
123 1326 1404 1375 werden verdienen, so werden sie doch nirgends zu Markte gebracht, wahr-
123 1371 1403 1423 scheinlich weil dieselben durch ihren aufgetriebenen oder geborstenen Bauch
122 1423 1405 1474 ein ungewöhnliches Aussehen erhalten und dem Verderben leichter ausge-
123 1470 1405 1523 setzt sind. Aus diesem Grunde geben sich auch nur wenige Fischer mit die-
122 1520 1177 1571 sem mühsamen und geringen Lohn einbringenden Kilchfang ab.
194 1575 1405 1620 Ausser Mangolt scheint von den älteren Ichthyologen nur Gesner den
124 1611 1404 1668 Coreg. hiemalis gekannt zu haben. Derselbe  sagt in der lateinischen Aus-
123 1664 1404 1716 gabe seines Fischbuchs: »Constantiae ’Kirchlin٬ vocant albulae genus candi-
122 1706 1404 1768 dum, et simile iis quos ’Gangfisch٬ vocant, ventribus magnis. — Degunt in
122 1762 1405 1818 profundo et pariunt aestate — Alii ’Kilchen٬ vocant, et ventre candido infla-
121 1808 1404 1869 toque, dorso fusco describunt, in locis profundis morari addunt.« Alles dies
120 1862 1401 1919 passt auf den Coreg. hiemalis; Gesner hat noch die Vermuthung hinzugefügt,
1343 136 1401 165 257
609 133 904 161 Gattung: Coregonus.
163 2205 1206 2243 v. Siebold, Fische. 17
217 1996 1151 2034 S. dessen: Naturgesch. der Fische Deutschlands. Th. I. pag. 174.
121 2024 1404 2083 Auch die Schwimmblase des Saiblings kann, wenn dieser Fisch aus grosser Tiefe
120 2069 1403 2115 schnell an die Wasseroberfläche gezogen wird, trommelsüchtig aufgetrieben werden, wie
120 2101 1404 2150 ich das selbst an Saiblingen des Bodensees und Ammersees beobachtet habe und wie dies
199 2137 1065 2173 von Hartmann (Nr. 23 b: pag. 130) schon früher mitgetheilt wurde.
205 2168 1355 2206 Vergl. Nr. 34a: pag. 37. De Albulae genere, quod Buz et Kilch vulgo nominant.
