1600 2360
684 138 997 161 Familie: Salmonoidei.
200 213 1484 252 verschiedenen Jahreszeiten sowie nach der verschiedenen Thätigkeit der Fort-
200 262 1484 300 pflanzungsorgane die Saiblinge in einem bald dunkleren bald bleicheren Far-
200 308 1484 350 benkleide erscheinen, daher auch bei den Saiblingen der Westalpen der Bauch
201 359 1486 399 intensiv roth und ausser der Laichzeit ganz blassgelb oder fast farblos er-
201 408 1485 447 scheinen kann, wie dies aus der Beschreibung hervorgeht, welche Hartmann
202 456 1487 497 (Nr. 38 b: pag. 124) von den als S. Salvelinus bezeichneten Saiblingen der
201 502 1485 547 Schweiz gegeben hat, deren Bauch bei den Winterrötheln orangengelb, bei
201 554 1486 591 den Sommerrötheln dagegen weiss gefärbt sein soll. Dass auch der Aufent-
202 603 1487 646 haltsort der Saiblinge den grössten Einfluss auf deren Färbung ausübt, geht
201 652 1487 695 aus einer Beobachtung hervor, welche ich mit anderen Ichthyologen überein-
201 701 1487 741 stimmend gemacht habe und nach welcher bei den Saiblingen die eigentlichen
201 750 1486 791 Alpenseen eine dunklere Färbung, die ausserhalb der Alpen gelegenen Seen
202 798 1487 839 dagegen eine hellere oder ganz blasse Färbung erzeugen. Schon Schiffer-
202 846 1487 889 müller theilte in dieser Beziehung an Bloch die Notiz mit, »dass die Saib-
203 895 1488 935 linge aus dem mit weniger Gebirgen umgebenen Kammer- oder Attersee nur
202 943 1488 985 blassgelb sind, die aus dem zwischen zweien Gebirgen versunkenen Gosau-
203 993 1488 1028 see aber haben nicht nur am Bauche sondern auch auf den Seiten eine feuer-
204 1043 1488 1084 rothe Farbe«. Daher sind auch die Saiblinge des Bodensees, Neuenburger Sees
203 1091 1489 1133 und Genfer Sees blasser als die Saiblinge der eigentlichen Alpenseen der
203 1133 1489 1184 Schweiz, von welchen letzteren auch Hartmann (a. a. O. pag. 130) die blass-
203 1189 1490 1232 gefärbten Formen als besondere Art mit der Speciesbezeichnung S. Umbla
202 1238 1489 1281 unterscheidet, während Agassiz die rothe oder ganz blasse Färbung der schwei-
202 1288 1489 1329 zerischen Saiblinge nur als eine Altersverschiedenheit auffasst, wie dies aus
203 1337 1489 1378 seinen schönen Darstellungen eines jungen rothbauchigen Saiblings des Zü-
203 1384 1489 1425 richer Sees und zweier alten ganz blassen Saiblinge des Neuenburger Sees
205 1430 379 1466 hervorgeht.
284 1478 1490 1525 Ob die nordischen Saiblinge von Schottland, Schweden und Lappland zu
204 1528 1486 1565 S. Salvelinus gehören oder als eine besondere Art betrachtet werden müssen,
203 1578 1490 1622 kann ich nicht entscheiden, da ich bis jetzt keine Gelegenheit hatte, Exem-
203 1626 1489 1671 plare jener nordischen Saiblinge mit den unsrigen zu vergleichen, ich berufe
204 1675 1489 1718 mich daher in dieser Hinsicht auf Yarrell und Nilsson, welche die Identität
204 1723 1489 1771 der süd- und nordeuropäischen Saiblinge annehmen, indem ersterer zu dem
205 1772 1489 1818 schottischen Saibling und letzterer zu dem schwedischen Saibling Bloch’s
203 1819 1488 1866 S. Salvelinus (Taf. 99) und S. Umbla (Taf. 101) citiren, von welchen die Taf. 99
200 136 258 164 286
306 1992 1005 2023 S. dessen Fische Deutschlands. Th. III. pag. 150.
307 2027 1487 2062 Vergl. Agassiz: Hist. nat. d. poiss. Tab. IX, deren mittlere Figur einen laichenden
199 2061 1489 2099 jungen rothba uchigen Rogner darstellt, und Tab. X u. XI, auf welchen ein ganz blasser
202 2099 781 2130 alter Milchner und Rogner abgebildet ist.
303 2135 1023 2166 Vergl. Yarrell: British Fishes. II. 1841. pag. 121.
305 2169 1112 2200 Vergl. Nilsson: Skandinavisk Fauna. IV. 1855. pag. 424.
