1600 2360
195 206 1481 250 Kante bildende Vorderrücken auffallend ab. Der Scheitel ist abgeflacht und
195 256 1482 293 der Kopf nach vorn ganz niedergedrückt. Der mittlere Theil der mässig
195 305 1479 346 kleinen Mundspalte steht quer, die seitlich zurückgebogenen Mundwinkel
196 354 1478 393 ragen nur bis unter den Vorderrand der Augäpfel. Die Ränder der Zwischen-,
196 401 1483 445 Ober- und Unterkiefer sind mit einer einfachen Reihe schwacher und spitzer
195 451 1482 488 Zähne besetzt, auch auf dem Vomerknochen und auf den Gaumenbeinen steht
194 500 1482 543 eine Gruppe ähnlicher Zähne; die dünne Knochenplatte der Zunge dagegen
195 550 1495 593 ist zahnlos. Die mittelgrossen Schuppen der Aesche sind derber gebildet und
194 598 1482 636 sitzen fester als bei den Coregonen. Sie sind auf der Unterseite des Schwan-
194 647 1481 690 zes von den Bauchflossen bis zur Caudalflosse am grössten entwickelt, und
194 696 1482 734 zeigen dagegen auf der Brust- und Bauchseite eine ausserordentliche Klein-
195 745 1481 782 heit. Die Kehle und Umgebung der beiden Bauchflossen-Gelenke erscheinen
195 795 1480 836 immer ganz nackt; von hier aus zieht sich sehr häufig ein nackter Hautstrei-
194 842 1482 886 fen zu beiden Seiten der beschuppten Mittellinie in bald längerer, bald kür-
193 892 1481 933 zerer Ausdehnung nach hinten. Die Beschuppung dieser Mittellinie auf Brust
194 940 1480 984 und Bauch besteht aus einer Längsreihe von grösseren Schuppen, welche
193 991 1480 1028 nach hinten allmählich grösser werden, während die Seitentheile des Bauchs
194 1041 1480 1081 von sehr kleinen, ja bis zum Verschwinden kleinen Schuppen bedeckt wer-
191 1088 1480 1128 den. Valenciennes hat diejenigen Individuen, welche zwischen den Brust-
191 1136 1480 1177 flossen sehr ausgebreitete nackte Hautstellen besitzen, unter dem Namen
194 1187 1476 1227 Thymallus gymnothorax zu einer besonderen Art vereinigt. Es ist diese Art,
191 1234 1476 1276 welche Valenciennes in Berlin angetroffen und aus Russland erhalten hatte ,
190 1286 1479 1319 aber unhaltbar und nicht einmal als eine klimatische nordische Abänderung
190 1334 1478 1374 zu betrachten, da Günther (a. a. O.) diesen Thymallus gymnothorax auch im
192 1383 1478 1418 Neckar, also in Mitteleuropa angetroffen hat, und ich an den Aeschen des hie-
190 1429 1478 1466 sigen Fischmarktes alle Uebergänge von den sehr nackten Individuen bis zu
190 1477 1475 1515 den ziemlich vollständig beschuppten Individuen habe herausfinden können.
191 1527 1477 1571 Ich muss daher Heckel und Kner (Nr. 13: pag. 244) beistimmen, welche den
191 1576 1476 1620 Th. gymnothorax als besondere Aeschen-Art nicht anerkennen, indem sie
187 1627 1476 1665 allen Exemplaren des Th. vexillifer nackte Stellen zwischen und hinter den
188 1665 1476 1718 Brustflossen zuschreiben, die nach dem Alter bald eine etwas grössere, bald
187 1719 1476 1768 eine etwas geringere Ausdehnung zeigen. Mir hat es scheinen wollen, als ob
188 1772 1475 1819 die geringere Beschuppung an den jüngeren Aeschen besonders häufig anzu-
187 1821 427 1861 treffen wäre .
682 133 994 157 Familie: Salmonoidei.
195 131 252 159 268
292 1961 1471 1996 S. dessen: Hist. d. poissons. a. a. O. Auch der Thymallus gymnogaster aus der Newa,
186 1995 1473 2026 in welchem Valenciennes (ebenda. pag. 446. Pl. 626) eine besondere Art erkannt haben
187 2028 1473 2067 wollte, wird nichts anderes sein, als eine noch im höheren Grade von Schuppen entblösste
186 2064 586 2096 Abart der gemeinen Aesche.
294 2098 1474 2135 Es kann die bald geringere, bald grössere Schuppenlosigkeit der Brust bei der
185 2129 1474 2169 Aesche eben so wenig wie bei dem Kaulbarsch (s. oben pag. 59) als eine Artverschiedenheit
186 2170 449 2196 betrachtet werden.
