1600 1918
224 143 879 177 keinen Saft in derſelben bemerkt hat, S. 183., woruͤber ich
224 178 878 213 mich um ſo viel mehr wundere, da er in der erſten Saft ge-
223 214 445 239 funden hat, S. 225.
496 272 607 302 Bignonia.
269 320 818 356 Bignonia paniculata. Jacqu. Amer. p. 183.
273 356 879 390 1. Die Saftdruͤſe iſt der flache tellerfoͤrmige Koͤrper, auf
223 391 536 418 welchem der Fruchtknoten ſitzt.
273 426 876 460 3. Zur Beſchuͤtzung des Safts vor dem Regen ſind die
221 462 656 490 Lippen der Krone mehrentheils geſchloſſen.
267 496 876 532 4. Aus der unten bey der Petraea angezeigten Urſache iſt
219 533 835 565 der Saum des Kelchs weiß, die Krone aber purpurfarben.
485 588 607 618 Creſcentia.
268 637 874 671 Creſcentia Cuiete. Jacqu. Amer. p. 175. Die
220 674 873 707 tellerfoͤrmige Saftdruͤſe ſitzt unten am Fruchtknoten. Zur Saft-
219 710 872 740 decke dient vermuthlich die große Falte, durch welche die Kro-
219 745 873 776 nenroͤhre in der Mitte einwaͤrts gezogen, ihr innerer Raum
219 780 453 806 alſo ſehr verengt wird.
496 835 589 867 Ruſſelia.
265 886 873 918 Ruſſelia ſarmentoſa. Jacqu. Amer. p. 178. Iſt
218 921 872 954 eine Saftblume; denn ſie hat eine Saftdecke. Dieſe ſind die
218 957 871 989 Haare, welche die Oeffnung der Kronenroͤhre halb verſchließen.
486 1013 589 1036 Petraea.
266 1063 870 1094 Petraea volubilis. Jacqu. Amer. p. 180. Auch
215 1099 870 1131 dieſe Blume iſt allem Anſehen nach eine Saftblume; denn ſie
215 1133 858 1164 hat ein Saftwaal, und zwar, wie es ſcheint, ein doppeltes,
215 1170 869 1198 nemlich ein aͤußeres und ein inneres. Jenes iſt der Kronen-
214 1201 871 1238 ſaum ſelbſt, indem er von anderer Farbe iſt, als der gefaͤrbte
212 1240 870 1271 Kelchſaum. Weil dieſer nemlich von jenem nicht verdeckt wird,
213 1275 869 1306 ſo muß er auch gefaͤrbt ſeyn, um der Blume mehr Anſehen
212 1305 869 1341 und eine groͤſſere Bemerkbarkeit zu verſchaffen. Jedoch iſt es
212 1347 856 1375 zweckmaͤßig, daß er anders gefaͤrbt ſey, als der Kronenſaum,
212 1382 868 1417 damit dieſer gegen ihn beſſer abſteche. Er iſt alſo himmelblau,
213 1416 868 1452 die Krone aber violett. Nach dem Linné iſt es grade umge-
923 154 1583 192 kehrt. Das innere Saftmaal ſcheint auf dem mittelſten Ab-
923 191 1584 229 ſchnitt der Unterlippe der Krone, welches auch die ſchicklichſte
923 226 1585 268 Stelle fuͤr daſſelbe iſt, angebracht zu ſeyn. Beide Schriftſtel-
922 261 1584 298 ler ſchweigen zwar hievon, vermuthlich weil ſie vom Saftmaal
922 297 1581 333 nichts wußten; betrachtet man aber die Abbildung des erſten
921 335 1582 368 etwas genauer, ſo findet man die Krone der drey bluͤhenden
921 366 1584 405 Blumen ſo gezeichnet, daß auf dem mittelſten Abſchnitt der
920 399 1583 438 Unterlippe nicht bloß Licht und Schatten, ſondern auch die
921 437 1583 474 Farbe angedeutet zu ſeyn ſcheint, und das Saftmaal ſcheint
917 473 1063 498 weiß zu ſeyn.
1200 533 1302 556 Lantana.
967 577 1451 612 Lantana Africana. Tab. XVII. 30. 31.
971 614 1484 652 30. Die vergroͤſſerte Blume, von vorne geſehen.
970 650 1200 678 31. Die Kronenroͤhre.
970 685 1579 720 1. Die Saftdruͤſe iſt entweder der blaßgruͤne Fruchtknoten
915 718 1252 748 ſelbſt, oder die Baſis deſſelben.
945 755 1579 794 2. Der Safthalter iſt der unterſte weitere und inwendig
917 789 1232 819 glatte Theil der Kronenroͤhre.
970 826 1579 864 3. Der Saft iſt gegen den Regen dadurch geſichert, daß
918 860 1579 896 die Kronenroͤhre 1) uͤber dem Safthalter enger, 2) von da bis
917 896 1579 934 an ihre Oeffnung mit Haaren uͤberzogen iſt, welche in der
915 930 1543 968 Oeffnung am laͤngſten ſind.
966 967 1577 1004 4. Die Blume hat ein Saftmaal. Denn die weiße Krone
917 1002 1577 1039 iſt um die Oeffnung ihrer Roͤhre herum mit fuͤnf violetten
917 1036 1183 1065 laͤnglichen Flecken geziert.
1187 1091 1306 1133 Auicennia.
965 1131 1574 1183 Auicennia nitida. Jacqu. Amer. p. 177. Hat ein
915 1177 1574 1217 Saftmaal. Denn die weiße Krone iſt auf dem mittelſten Ab-
915 1213 1573 1253 ſchnitt ihrer Unterlippe mit einer dunkelfarbigen Figur geziert,
913 1248 1301 1284 welche wie ein Staubgefaͤß ausſieht.
1176 1301 1330 1347 Capraria.
961 1348 1573 1393 Capraria biflora. Jacqu. Amer. p. 182. Iſt eine
912 1389 1571 1429 Saftblume; denn ſie hat eine Saftdecke. Die Abſchnitte des
912 1424 1408 1462 Kronenſaums ſind nemlich an der Baſis rauch.
1008 99 1503 138 Petraea. Lantana. Auicennia. Capraria.
305 80 800 117 Bignonia. Creſcentia. Ruſſelia. Petraea.
224 89 272 114 327
1537 114 1582 141 328
