1600 2802
459 288 1530 330 Wollte nun der Meiſter den Geſellen aufnehmen, ſo ant-
376 360 572 386 wortete er:
500 409 1527 456 Ich ſage ihm auf vierzehn Tage Arbeit zu, wo nicht:
502 475 710 516 ich danke.
454 531 1532 577 Nach beendigtem Umgang ging der Ordengeſell wieder auf
370 593 1177 640 die Herberge und redete den Fremden ſo an:
500 653 1527 697 Alſo mit Gunſt Fremder, Er möchte wohl gern wiſſen,
499 716 797 753 woran Er wäre?
553 780 869 821 Ich bin gegangen
552 839 1014 882 Nach Seinem Verlangen,
549 901 1004 944 Nach meinem Vermögen,
549 959 1269 1002 So weit das Handwerk redlich geweſen,
548 1025 895 1066 Bin ich eingegangen;
547 1082 1065 1127 Wo es nicht redlich geweſen,
549 1147 1006 1189 Bin ich vorbei gegangen.
497 1202 1522 1250 Er hat zwar eingeſchickt bei Meiſter N. N., der läßt ſich
495 1263 1523 1310 aber für dies Mal bedanken. Ich bin der Reihe nach
493 1324 1524 1374 weiter gegangen, die günſtigen Meiſter laſſen ſich alle
493 1385 1401 1432 bedanken und wünſchen viel Glück in der Fremde.
544 1450 1068 1494 Iſt der Beutel wohl geſpickt,
543 1512 1099 1554 Sind die Schuhe wohl geflickt,
544 1571 1221 1619 Häng über die Schulter einen Spieß,
545 1632 1271 1678 Ein ſchwarzbraun Mädel an die Seiten,
541 1693 1109 1741 So mag mein lieber Junggeſell
544 1756 1157 1796 Wohl über ein Gräblein ſchreiten.
488 1811 1517 1863 Alſo mit Gunſt Fremder, Er mag wohl mehr vergeſſen
487 1870 1517 1924 haben, als ich gelernt habe, übrigens iſt hier der Ge-
488 1934 1518 1984 brauch , wenn ein Fremder umſchauen läßt und erhält
1035 216 1080 220 64
445 2090 1516 2134 ters und nicht in des Meiſters Haus, und begehrte nach Handwerks-
444 2135 1515 2182 gewohnheit vierzehn Tage in ſeiner Werkſtatt zu arbeiten, des Meiſters
443 2182 1514 2226 Nutz zu ſchaffen und Schaden zu verhüten, könnte er dem guten
444 2225 1515 2272 Jünger ohne ſeinen Schaden fördern, das wäre ſein und des Jün-
442 2272 1512 2320 gers Begehr. — Wir hören alſo im achtzehnten Jahrhundert faſt die-
444 2325 811 2362 ſelben Worte wie 1652.
444 2377 1122 2417 Hier fehlt gewiß die Antwort des Fremden.
440 2431 1162 2470 In jeder Stadt mochte dies wohl anders ſeyn.
