1600 2578
186 268 1452 333 gangspunkt in dieser Sache, und den Schlüssel zur Ver-
185 324 1456 388 ständigung über alle Erscheinungen Jesu nach seiner Auf-
189 388 1455 441 erstehung . Wenn nämlich Paulus dort die ihm zu
190 449 1457 503 Theil gewordene Christophanie mit den Erscheinungen Je-
189 507 1458 563 su in den Tagen nach seiner Auferstehung in Eine Reihe
191 567 1458 621 stellt, so berechtigt dieſs, sofern sonst nichts im Wege steht,
193 628 1478 681 zu dem Schlusse, daſs, so viel der Apostel wuſste, jene
192 690 1461 740 früheren Erscheinungen von derselben Art, wie die ihm
191 739 1461 801 gewordene, gewesen seien. Von dieser lezteren nun aber,
195 803 1462 860 wie sie uns die Apostelgeschichte (9, 1 ff. 22, 3 ff. 26, 12 ff.)
195 866 1465 917 erzählt, ist es nach den Analysen von Eichhorn  und
200 928 1467 979 Ammon  nicht wohl mehr möglich, sie als äussere, objek-
199 977 1465 1040 tive Erscheinung des wirklichen Christus festzuhalten, und
200 1050 1467 1100 selbst Neander  getraut sich bloſs, eine innere Einwir-
199 1109 1469 1160 kung Christi auf das Gemüth des Paulus sicher zu behaup-
199 1169 1468 1217 ten, die Annahme einer äusseren Erscheinung aber hängt
201 1226 1471 1274 er nur sehr bittweise hinten an, und auch jene innere Ein-
201 1281 1470 1334 wirkung macht er dadurch selbst überflüssig, daſs er die
206 1340 1473 1388 Momente namhaft macht, welche auf natürliche Weise ei-
205 1401 1474 1452 ne solche Revolution in der Gesinnung des Mannes her-
205 1462 1474 1514 vorbringen konnten: die günstigen Eindrücke, welche er
206 1523 1476 1572 da und dort vom Christenthum, von der Lehre, dem Le-
205 1580 1475 1634 ben und Benehmen seiner Anhänger, namentlich auch durch
206 1642 1479 1693 den Märtyrertod des Stephanus, bekommen hatte, und wel-
209 1700 1478 1753 che sein Gemüth in eine Spannung und in einen innern
192 1761 1479 1816 Kampf versetzten, den er wohl einige Zeit gewaltsam, und
212 1821 1480 1876 vielleicht selbst durch verdoppeltes Eifern gegen die neue
212 1882 1482 1930 Sekte, unterdrücken konnte, der sich aber zulezt in einer
184 181 256 215 656
578 164 1090 211 Dritter Abschnitt.
315 1996 1480 2040 S. die angeführte Abhandlung in Schmidt's Bibl., S. 537.
312 2047 926 2089 Kaiser, bibl. Theol. 1, S. 258 f.
314 2098 1061 2143 In seiner allg. Bibliothek, 6, 1, S. 1 ff.
313 2146 1479 2194 Comm. exeg. de repentina Sauli — conversione. In s. opusc.
315 2197 418 2229 theol.
319 2233 1484 2299 Geschichte der Pflanzung und Leitung der christl. Kirche
321 2300 903 2349 durch die Apostel, 1, S. 75 ff.
