1600 2578
202 274 1472 331 daten seine Kleider vertheilt haben; hierauf, wie sie sich
205 338 1473 392 niedersezten, um ihn zu bewachen; nach diesem die dem
204 396 1474 450 Kreuz gegebene Überschrift, und nun erst wird, und zwar
204 455 1474 507 nicht als Nachholung, sondern durch eine Partikel der Zeit-
201 513 1473 571 folge (τότε) die Notiz angeknüpft, daſs man mit ihm zwei
204 578 1473 630 Räuber gekreuzigt habe. Während Markus dem Matthäus
204 635 1473 688 folgt, nur daſs er statt der Angabe der Bewachung des
205 696 1474 747 Kreuzes eine Zeitbestimmung hat, berichtet Lukas richti-
204 757 1473 808 ger zuerst die Kreuzigung der beiden Verbrecher mit Jesu,
205 816 1474 867 dann erst die Kleiderverloosung, und in ähnlicher Abfolge
201 877 1472 927 auch Johannes. Deſswegen aber die Verse bei Matthäus
204 937 1473 987 umzustellen (34. 37. 38. 35. 36.), wie schon vorgeschlagen
202 996 1472 1047 wurde, ist unerlaubt, und man muſs vielmehr auf dem
202 1058 1474 1108 Verfasser des ersten Evangeliums hier die Beschuldigung
200 1109 1474 1168 liegen lassen, daſs er über dem Bestreben, von den Haupt-
200 1177 1469 1228 vorgängen bei der Kreuzigung Jesu nur keinen zu überge-
200 1235 1325 1286 hen, die natürliche Zeitfolge vernachlässigt habe .
299 1293 1474 1344 Was die Art der Kreuzigung betrifft, ist jezt kaum
208 1352 1475 1404 mehr etwas streitig, als nur die Frage, ob dem Gekreu-
201 1413 1475 1465 zigten ausser den Händen auch die Füſse angenagelt wor-
203 1473 1472 1525 den seien? Die Bejahung dieser Frage liegt ebenso im
198 1531 1472 1583 Interesse der orthodoxen, wie die Verneinung in dem der
198 1593 1415 1641 rationalistischen Ansicht. Von Justin dem Märtyrer an
202 1650 1470 1699 bis auf Hengstenberg  und Olshausen finden die Ortho-
199 1707 1471 1763 doxen in den angenagelten Füſsen Jesu eine Erfüllung der
200 1772 1470 1825 Weissagung Ps. 22, 17, wo die LXX. ὤρυξαν χεῖράς μου
199 1832 1469 1881 καὶ πόδας übersezt: allein im Grundtext ist schwerlich von
198 1892 1469 1945 Durchbohren, in keinem Fall von einer Kreuzigung die
199 1951 1471 2003 Rede; auch wird die Stelle im N. T. nirgends auf Chri-
200 187 270 220 530
587 175 1100 215 Dritter Abschnitt.
302 2058 1469 2108 von Wassenbergh, in der Diss. de trajectionibus N. T. zu
303 2118 1259 2158 Valckenaer's scholae in II. quosd. N. T. 2, p. 31.
297 2168 1467 2212 Vgl. Schleiermacher, über den Lukas, S. 295. und Fritzsche,
300 2221 628 2263 in Matth. p. 814.
301 2273 927 2317 Apol. I, 35. Dial. c. Tryph. 97.
301 2324 1022 2368 Christologie des A. T. 1, a, S. 182 ff.
