1600 2578
232 261 1503 313 Urtheil von allen äusseren Gründen verlassen ist, so müſste
232 321 1502 374 man, wenn jene Worte doch nicht von Jesu sein können,
231 382 1501 437 annehmen, wozu Lücke früher nicht ganz ungeneigt war ,
232 442 1502 496 der Evangelist habe Jesu jene Worte nur geliehen, um die
235 500 1506 557 in V. 41. vorangegangenen zu erläutern. Ganz gewiſs ha-
231 561 1500 618 ben wir hier Worte, die Jesu vom Evangelisten nur gelie-
230 622 1513 674 hen sind: aber, wenn einmal diese, wer steht uns dann
230 683 1567 736 auch hier dafür, daſs es nur mit diesen sich so verhält?
230 744 1573 798 In einem Evangelium, in welchem wir schon so viele Re-
229 805 1500 860 den als bloſs geliehene erkannt haben, im Zusammenhang
231 865 1501 918 einer Erzählung, welche an allen Enden historische Un-
228 927 1499 985 denkbarkeiten hat, ist die Schwierigkeit eines einzelnen
224 988 1498 1039 Verses nicht ein Zeichen, daſs er nicht zum Übrigen, son-
222 1040 1497 1102 dern in Verbindung mit dem Übrigen davon, daſs das Ganze
221 1111 1494 1166 nicht in die Klasse historischer Compositionen gehört .
316 1169 1494 1218 Was für's Andere die Abstufung zwischen den drei
222 1227 1496 1282 Erzählungen in Rücksicht auf die äussere Beglaubigung be-
225 1284 1567 1337 trifft, so hat schon Woolston richtig beobachtet, wie auf-
223 1344 1496 1400 fallend es sei, daſs nur die Erweckung der Jairustochter,
221 1405 1495 1461 in welcher das Wunderbare am wenigsten hervortrete, bei
218 1468 1491 1524 drei Evangelisten vorkomme, die beiden andern aber je
216 1529 1489 1586 nur bei Einem , und zwar, indem es bei der Erweckung
216 1591 1492 1643 des Lazarus noch weit weniger begreiflich ist, wie sie bei
216 1650 1492 1706 den übrigen fehlen kann, als bei der Erweckung des naini-
216 1714 1492 1768 tischen Jünglings, so ist auch hier ein vollständiger Kli-
216 1774 545 1815 max vorhanden.
325 1837 1487 1891 Daſs die zulezt genannte Begebenheit nur allein vom
214 1893 1486 1951 Verfasser des Lukasevangeliums erzählt ist, daſs insbeson-
209 1952 1487 2000 dere Matthäus und Markus sie nicht neben oder statt der
213 2011 1486 2070 Erzählung von dem erweckten Mädchen haben, macht in
193 2071 1488 2130 mehr als Einer Hinsicht Schwierigkeit . Schon über-
235 168 302 202 162
622 156 1148 200 Zweiter Abschnitt.
311 2158 985 2209 Comm. z. Joh. 1te Aufl. 2, S. 310.
307 2211 1101 2256 So auch der Verf. der Probabilien S. 61.
305 2264 452 2299 Disc. 5.
300 2317 1239 2372 Vgl. Schleiermacher, über den Lukas, S. 103 ff.
