1600 2528
266 253 1512 305 leider nicht iſt, ſich durch einen Erlaß von ſechs Zeilen von dieſer fatalen
266 301 892 345 Verfaſſung hätte befreien können.“
352 348 1513 399 Mittlerweile kam dem Könige von Württemberg Einiges über die
264 396 1513 449 Abſichten der Großmächte zu Ohren; nach ſeiner Gewohnheit ſuchte er
263 442 1510 496 Hilfe bei dem ruſſiſchen Schwager und bat ihn um eine vertrauliche Zu-
264 493 1510 543 ſammenkunft. Schon mehrmals hatte er in den letzten Jahren das gleiche
263 539 1510 588 Geſuch an den Czaren gerichtet, immer vergeblich. Diesmal ward es ge-
262 587 1509 637 währt. In den Weihnachtstagen trafen ſich die beiden Schwäger zu Mit-
260 635 1508 685 tenwald im bairiſchen Gebirge, und König Wilhelm ſäumte nicht, durch
261 681 1509 733 ſeinen Geſandten in München erzählen zu laſſen, wie freundlich der Czar
258 730 1506 781 ihn ſeines Schutzes verſichert habe. In Wahrheit zeigte ſich Alexander,
258 776 1508 828 ſobald das Geſpräch auf die politiſche Lage kam, ſehr ſtreng und hielt
257 824 1505 876 dem Könige vor, wie hochgefährlich es ſei der großen Allianz den Rücken
256 871 1505 925 zu kehren. Nachher ſagte er zu Metternich: „ich habe dieſen lieben
258 921 1505 971 Schwager nicht geſchont, aber dieſer Mann iſt gänzlich verdorben und von
256 968 1506 1020 den ſchlechteſten Grundſätzen durchdrungen.“ Verſtimmt und mißtrauiſch
256 1019 883 1060 trennten ſich die beiden Verwandten.
339 1067 1503 1118 Nicht ohne Grund wünſchten die beiden Großmächte eine klare
252 1115 1502 1168 Verſtändigung über die Bundespolitik; denn in den jüngſten drei Jahren
252 1164 1502 1216 war am Bundestage eine Anarchie, die unmöglich dauern konnte, einge-
250 1211 1501 1265 riſſen. Jener Bund im Bunde, welchen das Manuſcript aus Süddeutſch-
250 1257 1500 1309 land gepredigt, ſchien ſich zu verwirklichen, eine rührige Partei unter den
249 1306 1499 1360 Bundesgeſandten ſammelte ſich um das Banner der deutſchen Trias.
249 1354 1500 1410 Das ſichere, inſtinctive Verſtändniß für die wirklichen Mächte des politi-
248 1404 1498 1454 ſchen Lebens war unter den Deutſchen von jeher ſeltener als unter den
247 1453 1498 1507 Engländern oder den Italienern, und wie krankhaft hatte ſich während
246 1502 1496 1554 der letzten Jahrhunderte, unter der Herrſchaft völlig verlogener Ver-
246 1551 1496 1604 faſſungen, dieſer nationale Fehler der politiſchen Phantaſterei ausgebildet.
247 1601 1497 1655 Im heiligen Reiche wie im Deutſchen Bunde war die Verfaſſung nicht die
245 1648 1495 1702 rechtliche Form der beſtehenden Machtverhältniſſe, ſondern zwiſchen dem
245 1695 1495 1751 Rechte und der Macht klaffte ein ſo weiter Abgrund, daß nur ſehr nüch-
244 1744 1492 1796 terne Köpfe Schein und Weſen in der Staatskunſt unterſcheiden konnten
242 1790 1492 1847 und ſelbſt bedeutende Köpfe auf politiſche Schrullen verfielen, die in
240 1837 1492 1895 jedem anderen Volke für kindiſch gegolten hätten. Wie einſt der geiſtreiche
239 1884 1491 1944 Joh. Chriſtian v. Boyneburg alles Ernſtes glaubte, daß ſein Kurfürſt
269 167 332 196 284
610 170 1180 208 III. 5. Die Großmächte und die Trias.
366 1999 1488 2048 Berichte von Zaſtrow, 31. Dec. 1822, 5. Jan. 1823, von Hatzfeldt 8. Januar,
237 2038 716 2073 von Blittersdorff, 15. Jan. 1823.
373 2079 1289 2126 Zaſtrow an den König, 19. Jan., an Bernſtorff, 9. Febr. 1823.
365 2119 1487 2169 An dies Geſpräch ließ Kaiſer Alexander den König ſpäterhin durch den Ge-
237 2160 1486 2209 ſandten v. Benckendorff, einen Ohrenzeugen der Mittenwalder Zuſammenkunft, nachdrücklich
234 2214 1317 2281 erinnern. (Neſſelrode, Weiſung an Benckendorff, Petersburg  Febr. 1823.)
362 2285 831 2320 Hatzfeldt’s Bericht, 8. Jan. 1823.
