1600 2472
313 233 1557 286 Der getreue Thile fürchtete ſchon, daß der Thronfolger durch die Kraft
315 282 1556 334 ſeines Charakters die Herrſchaft im Miniſterrathe erlangen könnte, und
314 330 1557 381 warnte: „Der Prinz hat in hohem Grade die Gabe der Ausdauer und
314 374 1557 429 Energie in dem, was er will und verfolgt, und jede Erfahrung, daß er auf
313 425 1556 476 dem Wege des beharrlichen Widerſpruchs ſeinen Zweck erreicht, wird ihn
314 480 706 523 darin nur beſtärken.“
400 521 1558 570 Schließlich erlangte der Thronfolger doch ſo viel, daß, ſtatt eines Ge-
317 568 1558 619 ſetzes, am 23. Juli 1845 nur eine „General-Conceſſion“ veröffentlicht
316 620 1558 662 wurde. Sie ſicherte den Altlutheranern alle bürgerlichen Rechte zu, ge-
316 667 1557 713 ſtattete ihnen die Bildung von Kirchengemeinden unter einem gemeinſamen
316 709 1557 761 Vorſtande, erklärte ihre Taufen und Trauungen für rechtsgiltig, ſobald
316 760 1558 809 ſie den Gerichten angezeigt würden; nur der Name Kirche ſollte den Bet-
316 806 1557 856 häuſern verſagt bleiben. Welch’ ein Widerſpruch, daß alſo eine Kirche,
314 855 1558 903 die doch älter war als die unirte Landeskirche ſelbſt, jetzt nachträglich eine
314 900 1557 950 bedingte Anerkennung erhielt! Immerhin ward den Bedrängten endlich
316 950 1558 998 eine Sühne alten Unrechts; ſie bildeten, etwa 50,000 Köpfe ſtark, nunmehr
316 1002 1589 1045 eine Kirchengemeinſchaft mit dem Mittelpunkte Breslau, die ſich in ihrem
315 1041 1559 1097 frommen Stillleben ſehr engherzig zeigte und ſogar die „gemiſchten Ehen“
315 1096 1558 1144 von Lutheranern und unirten Evangeliſchen zwar nicht gradezu verbot,
317 1146 1569 1194 doch für ſeelengefährlich erklärte. Alles was einſt Thomaſius vor andert-
316 1189 1560 1244 halb Jahrhunderten über dieſe Ehefragen geſchrieben, und der ganze große
315 1239 1560 1292 Wandel der Zeiten ſeitdem war für den confeſſionellen Starrſinn nicht
316 1291 1560 1342 vorhanden. Bald darauf erwachte der lutheriſche Sondergeiſt auch in der
315 1336 1559 1388 unirten Kirche ſelbſt; Superintendent Otto und andere ſtreng lutheriſche
314 1387 1558 1439 Geiſtliche von den Odermündungen unternahmen, innerhalb der Union
314 1439 1231 1487 eine geſchloſſene altpommerſche Landeskirche zu bilden.
399 1487 1557 1533 Weit gefährlicher erſchienen dem Könige die radicalen Proteſtanten,
313 1532 1558 1583 die jetzt in der alten Heimath der Aufklärung, der Provinz Sachſen ihre
316 1583 1557 1628 Stimmen erhoben. Hier begann das kirchliche Zerwürfniß ſchon in den
315 1628 1558 1677 letzten Tagen des Miniſteriums Altenſtein. Biſchof Dräſeke, der gewaltige
314 1678 1559 1725 Kirchenredner, gerieth in einen heftigen Kanzelſtreit mit dem Prediger
316 1723 1558 1771 Sintenis, der die Anbetung Chriſti feierlich verdammt hatte. Wie ein
316 1772 1588 1820 Mann traten die Berliner Orthodoxen für den Biſchof ein, obgleich er
315 1817 1558 1868 keineswegs zu ihrer Partei gehörte. In der Provinz dagegen, mindeſtens
316 1866 1557 1918 unter den älteren Geiſtlichen und im Kleinbürgerthum, herrſchte noch durch-
315 1917 1558 1967 aus die Schule der rationaliſtiſchen Hallenſer Wegſcheider und Geſenius;
313 1966 1558 2016 der vor Kurzem noch hochgefeierte Biſchof ſah ſich plötzlich in Zeitungen
315 2013 1557 2065 und Flugſchriften ſchonungslos angegriffen. Da ſuchte Eichhorn den Frieden
315 2057 1557 2114 herzuſtellen indem er beiden Gegnern Stillſchweigen gebot. Eine ſolche
315 2108 1557 2162 Demüthigung wollte der ſtolze Prälat nicht ertragen; er fühlte, daß er
676 155 1202 190 V. 4. Die Parteiung in der Kirche.
316 159 377 189 350
443 2230 1111 2268 Thile’s Bericht an den König, 17. März 1845.
442 2270 1008 2308 Thile an Bodelſchwingh, 14. Juli 1845.
