1600 2528
104 242 1357 286 einen Brief an ſeinen erlauchten Nachbarn, ſchlug ihm vor, die abge-
103 290 1358 334 brochenen Verhandlungen wieder aufzunehmen und zunächſt einen bairiſch-
104 337 1357 383 württembergiſchen Verein zu ſtiften. König Ludwig ging darauf ein. Da
103 386 1357 431 die beiden Staaten ſchon in Darmſtadt und Stuttgart zuſammengehalten
103 432 1357 478 hatten und ihre Zollgeſetze nur geringe Unterſchiede aufwieſen, ſo nahmen
103 479 1359 524 die im folgenden Monat zu München begonnenen Verhandlungen günſtigen,
104 526 1358 573 wenngleich ſehr langſamen Fortgang. Am 12. April 1827 wurde ein Präli-
103 575 1357 619 minarvertrag unterzeichnet. Man beſchloß, „die angrenzenden Staaten“
104 620 1360 666 zum Beitritt aufzufordern und ihnen zugleich die politiſche Bedeutung
104 668 1358 714 dieſes rein deutſchen Bundes ans Herz zu legen. Der werdende Verein
105 715 1359 761 war nicht gradezu gegen Preußen gerichtet; er wurde in Berlin mit ge-
104 764 1361 810 laſſener Ruhe angeſehen. Freilich ging aus dem Wortlaut jener Verab-
105 812 1360 857 redung wie aus dem ganzen Verhalten der Bundesgenoſſen unzweifelhaft
105 860 1358 906 hervor, daß an Preußens Beitritt nicht entfernt gedacht wurde. Man
105 908 1360 955 hoffte Macht gegen Macht mit Preußen über Handelserleichterungen zu
106 956 1359 1003 verhandeln und wollte im Nothfall ſelbſt Retorſionen gegen die preußiſchen
106 1005 1361 1053 Zölle anwenden. Der Verein ſollte den Kern des „reinen Deutſchlands“
106 1054 1361 1099 bilden, „ein immer engeres gegenſeitiges Anſchließen in allen politiſchen
106 1102 1359 1149 Beziehungen zur unmittelbaren heilſamen Folge haben“, wie das bairiſche
108 1154 670 1198 Cabinet nach Stuttgart ſchrieb.
191 1201 1361 1245 Indeß die angrenzenden Staaten hatten längſt verlernt auf einen
108 1250 1361 1293 ſüddeutſchen Verein zu hoffen, und ſie fürchteten Baierns Führung. Am
113 1297 1362 1339 15. Mai 1827 beſprachen ſich Berſtett und du Thil nochmals in Heidel-
107 1342 1364 1387 berg; gleich darauf ſendeten die drei oberrheiniſchen Höfe ablehnende Ant-
109 1390 1360 1433 worten nach München. Berſtett erwiderte ſchroff, Baden wolle nicht eine
111 1437 1358 1486 künſtliche Induſtrie durch Schutzzölle groß ziehen. Der Naſſauer Hof
108 1485 1360 1536 ließ in Stuttgart ſeine Verwunderung ausſprechen, wie nur Württem-
109 1535 1358 1586 berg ein ſolches „Mercantilſyſtem“ annehmen und einem größeren Hofe ſich
109 1584 1359 1632 unterwerfen könne. Heſſen-Darmſtadt aber, außer Stande ſein drücken-
108 1632 1360 1681 des und doch unergiebiges Mauthweſen länger zu halten, verfeindet mit
108 1681 1360 1731 Kurheſſen, voll Mißtrauens gegen die ſüddeutſchen Nachbarn, richtete end-
109 1729 1363 1779 lich beſtimmte Anträge nach Berlin. Dergeſtalt haben jene Münchener
111 1779 1361 1826 Verhandlungen die entſcheidende Wendung in der Geſchichte deutſcher Han-
110 1828 1362 1876 delspolitik herbeigeführt — einen heilſamen Umſchwung, den weder König
110 1877 811 1924 Ludwig noch König Wilhelm beabſichtigte.
197 2068 1360 2125 Miniſter du Thil, der jetzt die Finanzen und die auswärtigen Angelegen-
111 2118 1359 2167 heiten ſeines Großherzogthums zugleich leitete, befand ſich, wie er ſelbſt
369 159 1087 197 Verſtändigung zwiſchen Baiern und Württemberg.
1294 158 1356 186 629
237 2230 940 2276 Bairiſches Miniſterialſchreiben v. 22. März 1827.
237 2270 1103 2311 Berichte Maltzan’s, 23. Mai, Blittersdorff’s, 11. Mai 1827.
