1600 2516
354 222 1524 277 Während die Oſtmächte alſo noch ohne Ergebniß unter ſich verhan-
268 270 1523 322 delten, hatte England bereits ſeinen Entſchluß gefaßt und abermals
268 316 1521 372 unzweideutig bewieſen, daß der alte Vierbund zerſprengt war. Wellington
267 364 1521 420 ſtand noch am Ruder. Derſelbe Staatsmann, der vor fünfzehn Jahren
267 410 1522 468 die Wiederherſtellung der Bourbonen am eifrigſten gefördert hatte, zog
266 458 1521 515 jetzt zuerſt ſeine Hand von ihnen ab. Ganz ebenſo unbedenklich hatte
268 504 1520 563 er vor Kurzem zwei andere Freunde, den Sultan und den Dey von
266 550 1519 610 Algier preisgegeben. Es war die alte Treue Albions. Selbſt die Torys
265 598 1518 658 durften eine Regierung, welche ſich auf die Grundſätze der engliſchen
266 645 1519 707 Revolution von 1688 berief, nicht als unrechtmäßig bekämpfen; ihr
265 693 1517 754 Cabinet, das längſt ſchon im Sattel wankte, war ſofort verloren, wenn
264 742 1517 804 es ſich dem einmüthigen Verlangen der öffentlichen Meinung widerſetzte.
264 790 1516 851 Schon am 27. Auguſt wurde die Regierung der Orleans von dem eng-
263 836 1517 898 liſchen Hofe ohne jede Bedingung anerkannt, und Wellington erklärte
261 886 1516 947 den Oſtmächten in einem Rundſchreiben, die Lage ſeines Landes habe
260 934 1257 993 ihm nicht erlaubt die Beſchlüſſe der Alliirten abzuwarten.
348 983 1516 1043 So ſcheiterte Preußens Plan, durch eine gemeinſame Antwort der
261 1031 1514 1094 Großmächte dem Juli-Königthum zugleich die Anerkennung zu gewähren
260 1080 1516 1136 und ihm feſte Schranken vorzuzeichnen. Nunmehr ſchien es dem Berliner
258 1129 1515 1191 Hofe rathſam, daß auch die anderen Mächte jede für ſich ihr Anerkennungs-
257 1180 1512 1237 ſchreiben nach Paris ſendeten, damit der Zwieſpalt zwiſchen England und
256 1230 1514 1282 den Oſtmächten nicht zu auffällig hervorträte; denn nach wie vor blieben
255 1277 1514 1337 der König und Graf Bernſtorff der Meinung, dieſe große Kriſis müſſe
256 1324 1513 1387 benutzt werden um die große Allianz neu zu beleben. Ludwig Philipp
255 1371 1513 1436 hatte allen mächtigeren Fürſten durch außerordentliche Bevollmächtigte
255 1422 1513 1486 eigenhändige Briefe geſendet, deren demüthige Haltung einem Beherrſcher
253 1471 1510 1532 Frankreichs übel anſtand. Im bittenden Tone des Schuldbewußten ent-
253 1519 1510 1579 ſchuldigte er ſeinen Thronraub. „Ich ſeufze über das Unglück des älteren
253 1568 1509 1630 Zweiges meiner Familie,“ ſchrieb er an König Ludwig von Baiern. „Mein
253 1616 1509 1681 einziger Ehrgeiz wäre geweſen, ihm vorzubeugen und auf dem Platze,
253 1664 1507 1726 wohin mich die Vorſehung geſtellt, zu bleiben. Aber die Umſtände waren
251 1713 1508 1777 gebieteriſch, ich habe mich opfern müſſen. Die geringſte Zögerung meiner-
251 1761 1507 1828 ſeits konnte das Königreich in Wirren ſtürzen, deren Ende ſich nicht ab-
251 1809 1506 1871 ſehen ließ und die vielleicht die Fortdauer des für das Glück aller Staaten
251 1859 1506 1927 ſo unentbehrlichen Friedens gefährdet hätten.“ Mit einem ähnlichen
244 1907 1507 1973 Briefe erſchien General Lobau in Berlin. Am 9. Septbr. antwortete
249 1955 1505 2024 Friedrich Wilhelm durch ein freundliches Schreiben, worin ſich freilich
248 2005 1504 2069 die unverblümte Bemerkung befand: es iſt nicht meines Amtes (il ne
248 2054 1502 2120 m’appartient pas) über das Geſchehene zu urtheilen. Nachdem er den
553 140 1251 183 IV. 1. Die Juli-Revolution und der Weltfriede.
270 138 312 167 42
376 2136 1499 2195 Bernſtorff an Neſſelrode, 26. Auguſt. Bernſtorff, Denkſchrift über die An-
246 2176 1499 2237 erkennung Ludwig Philipp’s, Sept. 1830 (abgedruckt bei Natzmer, Unter den Hohen-
244 2216 463 2253 zollern I. 293).
373 2257 1122 2310 K. Ludwig Philipp an K. Ludwig 22. Auguſt 1830.
