1600 2472
248 212 1487 262 Leute treu ergeben war. Arnim wurde für dieſe Stelle ausgewählt, weil
248 265 1488 312 er mehrere der angeſehenſten Edelleute der Provinz von der Univerſität
248 314 1487 361 her kannte und als Regierungspräſident in Aachen mit den aufgeregten
247 362 1489 410 Katholiken gut ausgekommen war; zu der liebenswürdigen Gräfin ſagte
247 411 1489 456 der König, ſie ſolle ihm die Herzen der Polen gewinnen. Der neue
248 458 1488 504 Oberpräſident zeigte ſich als trefflicher Geſchäftsmann und hielt ein großes
249 507 1491 553 Haus; ſeine gemeſſene Ruhe behagte Vielen mehr als das ungeſtüme
249 553 1490 599 Weſen Flottwell’s, der, wie er ſelbſt geſtand, gern mit jungen Pferden
249 601 1491 646 fuhr, ſeine raſchen Entſchlüſſe am liebſten durch feurige junge Männer
251 648 1492 693 ausführen ließ. Das dem Monarchen überreichte Programm der neuen
251 695 1492 737 Verwaltung ſagte behutſam: das Großherzogthum dürfe nur als Provinz
251 741 1492 785 behandelt, das Ziel der Germaniſirung nie aus den Augen verloren
252 788 1493 829 werden, obwohl man die Polen ſchonen und allein edle Mittel anwenden
254 834 1493 876 wolle; denn das für Preußen weſentliche Deutſchthum ſei auch in Poſen,
254 881 1493 923 wie Fürſt Sulkowski ſelbſt zugeſtehe, der Träger aller Cultur. Darum
254 929 1494 971 ſolle, unter Vermeidung jedes Zwanges, das Deutſche doch Staatsſprache
253 977 1494 1018 bleiben und in allen Schulen nach Bedarf als Haupt- oder Nebenſprache
254 1024 1494 1067 gelehrt werden; der Kirche müſſe man, unbekümmert um die öffentliche
253 1071 1494 1113 Meinung, nach dem Befehle des Königs ihr volles Recht gewähren, aber
254 1118 576 1161 auch nicht mehr.
340 1166 1496 1209 Selbſt dieſe ſanften Worte klangen dem Monarchen noch zu deutſch;
255 1215 1495 1258 er antwortete mit der Mahnung: „jeden Anſchein einer verſuchten Ver-
253 1265 1495 1306 drängung oder Beeinträchtigung des polniſchen Elements durch das deutſche
254 1313 1496 1356 zu vermeiden.“ Mangelhaft unterrichtet, empfahl er ſeinem Oberprä-
254 1361 1497 1404 ſidenten das löbliche Beiſpiel der Franzoſen im Elſaß, während in Wahr-
254 1408 1497 1451 heit die Wälſchen gegen das Deutſchthum weit ſchärfer vorgingen als die
253 1454 1496 1497 Deutſchen gegen das Slawenthum: längſt waren in den elſaſſer Volks-
254 1500 1497 1544 ſchulen durchweg franzöſiſche Lehrbücher eingeführt; jetzt verlangte die
256 1548 1497 1593 Pariſer Regierung auch franzöſiſche Sprache für den Religionsunterricht,
258 1596 1499 1641 ſo daß außer den Proteſtanten, die allezeit tapfer für ihre lutheriſche
258 1643 1499 1687 Bibel ſtritten, auch der ſchmiegſame Biſchof Räß von Straßburg erbittert
259 1690 1497 1737 wurde und der Krone erwiderte, ſein Gewiſſen verbiete ihm die Religions-
258 1739 1497 1786 ſtunden anders als in der Mutterſprache der Kinder ertheilen zu laſſen.
256 1787 1501 1833 Graf Arnim aber lernte bald durch ſchmerzliche Enttäuſchungen, daß er
259 1834 1501 1880 das launiſche, nach Weiberart bald trotzende bald ſchmeichelnde Polenthum
259 1882 1501 1927 minder richtig beurtheilt hatte als ſein in dieſer Grenzerwelt aufgewachſener
260 1929 1501 1977 Vorgänger. Die polniſchen Jugendfreunde, von denen er ſo viel Hilfe
262 1977 1501 2024 erwartet hatte, zeigten ihm wie allen königlichen Beamten nur glatte Höf-
260 2025 1501 2072 lichkeit, doch weder Vertrauen noch guten Willen. Der kluge und edle
251 136 311 165 150
591 134 1145 169 V. 3. Enttäuſchung und Verwirrung.
375 2105 1501 2145 Oberlandesgerichts-Präſident v. Franckenberg-Ludwigsdorf an Thile, 27. Aug. 1841.
387 2145 1501 2182 Graf Arnim, Denkſchrift über die Verwaltung Poſens, 30. Juni 1841 dem
259 2187 501 2224 Könige überreicht.
386 2225 979 2257 Cabinetsordre an Arnim, 21. Juli 1841.
