1600 2528
251 238 1465 283 Dauer des hieſigen Vereins eine heilſame Scheu einzuflößen hoffte.“
252 287 1502 332 So wunderliche Blaſen ſtiegen aus dem Sumpfe der deutſchen Bundes-
251 336 1501 380 politik empor. Nicht nationale Geſinnung beſeelte den Staatsmann, der
252 385 1500 429 ſo nachdrücklich die Nothwendigkeit einer ſtarken Centralgewalt vertheidigte,
253 434 1501 477 ſondern die Furcht vor der Revolution und die naive Selbſtüberhebung
252 481 1501 526 des Partikularismus; er verwechſelte, wie Bernſtorff ihm vorwarf, be-
252 530 1501 574 ſtändig „die beſonderen Verhältniſſe Badens mit den höheren und allge-
252 578 1501 623 meineren der Geſammtheit“. Der Ausgang der Wiener Verhandlungen
253 626 1501 671 erfüllte dieſe reaktionären Centraliſten mit tiefem Unwillen. „Oeſterreich,
252 673 1501 717 ſchrieb Blittersdorff zornig, ſicherte durch ſeine Halbheit den neuen Ideen
251 719 1501 766 den Sieg; in dieſer Beziehung kann die Wiener Schlußakte als die nach-
252 769 1502 814 theiligſte Friedensurkunde betrachtet werden, die von Oeſterreich ſeit langen
251 816 872 861 Jahren unterzeichnet worden iſt.“
338 865 1502 911 Noch leidenſchaftlicher gebärdete ſich Berſtett’s Freund, der Naſſauer
254 913 1502 960 Marſchall. Der hatte erwartet, daß in Wien ſofort der Vernichtungs-
254 961 1502 1007 krieg gegen die neuen Verfaſſungen entbrennen würde, und ſchon vor
253 1010 1501 1056 Eröffnung der Conferenzen eine Denkſchrift entworfen, welche in glühenden
253 1058 1501 1105 Farben „das Gemeinſchädliche und Rechtswidrige“ des württembergiſchen
252 1106 1502 1153 Grundgeſetzes ſchilderte. Weil dieſe Verfaſſung die Form eines Vertrages
253 1156 1502 1203 trug, ſo wurde ſie, trotz ihres wahrlich ſehr beſcheidenen Inhalts, von
252 1205 1502 1250 den Doktrinären beider Parteien für das Meiſterſtück des Liberalismus
254 1253 1502 1300 angeſehen. Der Naſſauer meinte die Sturmglocken des Aufruhrs läuten
252 1304 1503 1350 zu hören, als die Stuttgarter Bürger in einer Adreſſe ſagten: „das
253 1352 1503 1398 gebildete Europa von den Ufern des Tajo bis an den Niemen iſt über
252 1402 1502 1446 den Grundſatz einig, daß ohne einen Unterwerfungsvertrag Regent und
252 1451 1503 1496 Volk nicht gedacht werden könne.“ Er betheuerte, ſchon durch ihren Ur-
251 1501 1503 1545 ſprung ſei dieſe Verfaſſung „eine Huldigung, dem in Deutſchland gäh-
250 1550 1504 1593 renden demokratiſchen Princip dargebracht; an ihre öffentliche Mißbilli-
251 1598 1502 1642 gung knüpfe ſich die Erhaltung und Befeſtigung der inneren Ruhe von
251 1645 1502 1693 Deutſchland.“ Die ängſtlich beſchränkte Gemeindefreiheit der Schwaben
252 1694 1503 1740 erſchien dem Oberhaupte der allmächtigen naſſauiſchen Bureaukratie als
252 1744 1503 1789 ein Verſuch „den Staat von unten auf zu republikaniſiren“; und da
253 1791 1504 1838 er ſelber mit ſeinem Landtage wegen der Domänen haderte, ſo fand er
251 1841 1502 1887 es empörend, daß König Wilhelm, nach dem Vorgange ſeinerſeines Vaters,
251 1889 1504 1936 dem Staate das Eigenthumsrecht an den königlichen Kammergütern zu-
252 1938 1503 1986 geſtanden hatte, und rief entrüſtet: „ein deutſcher Fürſt hat ſein Fa-
250 1986 1503 2034 miliengut für Volksgut erklärt!“ Bald mußte er lernen, wie un-
250 2034 1503 2083 günſtig die Wiener Luft jetzt ſolchen Plänen war. Als er ſodann das
251 2083 1503 2132 vertrauliche Einvernehmen zwiſchen Bernſtorff und Zentner bemerkte, da
618 143 1096 188 III. 1. Die Wiener Conferenzen.
253 154 291 183 10
377 2166 1382 2207 Bernſtorff’s Bericht, 9. April; Bernſtorff an Ancillon, 9. April 1820.
379 2207 1501 2248 Blittersdorff, Bemerkungen über die gegenwärtige politiſche Kriſis, 5. Nov. 1820.
378 2248 1492 2290 Marſchall, Bemerkungen über die württembergiſche Verfaſſung, Wien, 17. Nov.
251 2289 1460 2329 1819, veröffentlicht von Aegidi in ſeiner Zeitſchrift für deutſches Staatsrecht I. 149.
