1600 2472
418 147 1127 184 Verfall des Julikönigthums. Belgiſche Feſtungen.
154 232 1401 278 auch, als er die Mächte aufforderte, die ſeit zwölf Jahren vertragsmäßig
156 280 1404 325 ausbedungene Schleifung der ſüdbelgiſchen Feſtungen, die das kleine König-
155 328 1403 374 reich gar nicht vertheidigen konnte, nunmehr endlich durchzuſetzen. Dieſen
156 377 1404 423 „infamen Feſtungsvertrag“ hatte die Pariſer Preſſe ſeit Jahren immer
158 426 1402 469 wieder für null und nichtig erklärt. Die Franzoſen betrachteten es als
157 473 1402 518 ihr gutes Recht, daß ihnen im Kriegsfalle die feſten Plätze des neutralen
157 520 1404 566 Belgiens ohne Widerſtand geöffnet würden; und — ſo friedensſelig war
157 568 1404 613 die Welt — als Preußen jetzt an die alte unbeſtreitbare Vertragspflicht
157 616 1405 660 erinnerte, da zeigten ſich Aberdeen, Metternich, Neſſelrode alleſammt ſehr
157 664 1403 708 unluſtig. Um Preußens willen wollten ſie den Tuilerienhof nicht kränken.
159 712 1405 754 König Leopold aber beſchwor die Mächte (31. März 1845), ſie möchten ihn
160 761 1405 802 nur jetzt nicht an die Verträge mahnen, ihm nur jetzt nicht aus lauter
158 808 1404 851 Freundſchaft Händel bereiten mit den franzöſiſchen Nachbarn und den
160 856 1404 899 Parteien daheim. „Bisher“, ſo ſchloß er, „hat man mir freundlich geſtattet,
159 904 1407 947 ſelber zu entſcheiden, wann die Ausführung der Maßregel zeitgemäß wäre,
159 953 1339 996 und ich wünſche ſehr, daß man auch diesmal ebenſo verfahren möge.“
160 1000 1408 1045 Die Mächte erhörten ſeine Bitte, und der kluge Coburger wußte dafür
160 1050 1409 1093 zu ſorgen, daß der rechte Zeitpunkt für die Erfüllung der Verträge nie-
159 1098 378 1131 mals eintrat.
246 1144 1408 1186 In ſolchen Zeiten, da die großen politiſchen Gegenſätze ruhen und
162 1191 1408 1234 kein fruchtbarer neuer Gedanke eine entſchiedene Parteiſtellung erzwingt,
163 1238 1408 1282 pflegt das kleine diplomatiſche Ränkeſpiel zu blühen. Trotz der Legende
162 1287 1408 1329 von dem Bunde des freien Weſtens und trotz der perſönlichen Vertrau-
161 1335 1408 1377 lichkeit der beiden Königshöfe ſtellte ſich das belobte herzliche Einvernehmen
162 1383 1409 1428 zwiſchen England und Frankreich nie wieder vollſtändig her. Dieſſeits
163 1432 1408 1476 wie jenſeits des Kanals hatten die letzten Kämpfe ihren Stachel zurück-
163 1480 1409 1525 gelaſſen, die natürliche Eiferſucht brach überall hervor. Sie zeigte ſich
164 1526 1411 1574 als England das Recht verdächtige Sklavenſchiffe zu durchſuchen verlangte,
164 1578 1411 1625 und wieder als die Miſſionäre der beiden Nationen auf den Inſeln der
165 1622 1413 1673 Südſee ſich befehdeten, und nochmals als Frankreich einen Streit mit
163 1672 1411 1723 den böſen marokkaniſchen Nachbarn, um nur Englands Einmiſchung zu
164 1723 1414 1774 verhindern, durch einen milden Friedensſchluß ſchleunig beilegte. Alle
163 1765 1413 1819 dieſe kleinen Händel wurden durch den Parteihaß der Franzoſen mit maß-
165 1813 1413 1871 loſer Uebertreibung ausgebeutet; die Pariſer Preſſe blieb dabei, dies Mi-
166 1866 1413 1916 niſterium des Auslands wage nirgends den Fremden die Zähne zu zeigen.
167 1909 1413 1964 Und allerdings pflegte Guizot die berechtigten wie die unberechtigten Auf-
166 1962 1412 2012 wallungen der nationalen Empfindlichkeit mit wegwerfender Verachtung
166 2007 1413 2062 abzufertigen; ſeinen Hörern war dabei zu Muthe, als ob er ſelbſt die
166 2052 1413 2110 Fragen der auswärtigen Politik nur mit kalter Hundsnaſe obenhin be-
1341 148 1403 176 525
291 2144 482 2174 S. o. IV. 80.
290 2184 1411 2222 Berichte von Liebermann, 27. März 1844; von Bunſen, 18. 31. März 1845.
166 2210 731 2260 Brunnow an Neſſelrode, 8. April 1845.
290 2262 1320 2302 König Leopold von Belgien an v. d. Weyer in London, 31. März 1845.
