1600 2516
258 235 1513 286 die Ehre; ſeine Arbeit fiel jedoch ſo matt aus, daß die Regierung ſie un-
261 278 1514 334 gedruckt ließ. Auch die Berliner Börſe, die jetzt gute Tage ſah, da die
262 325 1514 382 Staatsſchuldſcheine auf 82—83 geſunken waren, und bereits anfing auf die
261 377 1514 430 öffentliche Meinung einen fühlbaren Druck auszuüben, pflegte jede Sieges-
261 422 1514 478 nachricht der Polen mit einem Steigen der Kurſe zu begrüßen. Selbſt im
261 472 1513 526 Heere war die Stimmung keineswegs ungetheilt; das rohe ruſſiſche Weſen
262 520 1514 572 mißfiel den preußiſchen Offizieren ebenſo gründlich wie den öſterreichiſchen.
263 565 1515 617 Das Militärwochenblatt brachte aus der Feder des Majors Williſen einige
264 617 1516 665 Aufſätze, welche nicht nur die ruſſiſche Kriegführung ſcharf tadelten, ſondern
265 663 1516 712 auch den Polen ſo deutlich wohlgemeinte Rathſchläge gaben, daß Ancillon
264 713 1517 760 ſich tief erſchrocken bei dem Kriegsminiſter beſchwerte und ihn nöthigte dem
265 765 616 806 Unfug zu ſteuern.
349 805 1516 852 Die Aufregung wuchs, als das Verderben über Polen hereinbrach,
264 856 1518 899 im Juli 1831 das Corps Gielgud’s, 7000 Mann ſtark, im October
266 902 1518 949 General Rybinski mit 17,000 Mann auf preußiſchem Boden die Waffen
266 951 1517 1001 ſtreckte; zur Feier des Einzugs wurde Gielgud ſogleich von einem ſeiner
266 1000 1519 1049 Offiziere als Verräther niedergeſchoſſen. Welch eine Aufgabe, dies ver-
266 1047 1520 1096 wilderte, durch Ungeziefer und ekelhafte Krankheiten ſtark heimgeſuchte
265 1092 1520 1145 Kriegsvolk ſo lange zu beherbergen, bis der Czar ihm die ſtraffreie Rück-
266 1145 1520 1195 kehr geſtattete! General Krafft und die preußiſchen Provinzialbehörden
266 1193 1518 1244 entledigten ſich der peinlichen Pflicht mit muſterhafter Geduld. Die Leute
266 1241 1521 1291 wurden ganz nach preußiſcher Weiſe verpflegt, bekleidet, ſogar abgelöhnt;
266 1286 1520 1339 die Mannſchaft betrug ſich leidlich, die Offiziere aber ſchlemmten im Hoch-
267 1339 1520 1386 meiſter zu Marienburg und im Goldenen Hirſch zu Elbing dermaßen,
267 1387 1522 1436 daß ſelbſt die deutſchen Polenſchwärmer ſich der Frage nicht erwehren
268 1432 1520 1483 konnten, ob das die Trauer ſei um ein verlorenes Vaterland. Nach und
269 1480 1523 1535 nach kehrte die Mehrzahl heim, nach zugeſicherter Begnadigung; beim Ab-
269 1526 1522 1582 marſch erklangen meiſt ſtürmiſche Hochrufe auf den guten König, der ſich
269 1583 1522 1630 der Unglücklichen ſo menſchlich annahm, obgleich ſie auch ſeine Feinde waren.
355 1624 1523 1678 Doch unterdeſſen gab das Pariſer National-Comité die geheime Wei-
271 1677 1523 1726 ſung aus: der Stamm des polniſchen Heeres müſſe beiſammen bleiben um
270 1725 1523 1774 von Frankreich aus an dem nahen Rachekriege theilzunehmen. Sendboten
270 1773 1524 1822 des Generals Bem (er war eigentlich ein Deutſcher Namens Böhm)
271 1824 1524 1881 ſtachelten die Zurückgebliebenen auf; unter nichtigen Vorwänden ver-
271 1869 1524 1921 weigerten auch ſolche Offiziere, denen jede Strafe erlaſſen war, die Heim-
271 1917 1524 1976 kehr. Am unſäuberlichſten betrugen ſich „die letzten Zehn vom vierten
271 1960 1525 2016 Regiment“; ſie waren, nachdem ihrer viele heimgekehrt, noch an 800 Köpfe
271 2007 1525 2073 ſtark und lebten in ewigen Händeln mit ihren Quartierwirthen. Als
271 2062 1526 2120 man ſie im Jahre 1832 zu Fiſchau bei Elbing verſammelte um ihnen
272 2111 1524 2162 neue Cantonnirungen anzuweiſen, drangen ſie mit Knütteln und Stangen
657 154 1123 192 VI. 3. Preußens Mittelſtellung.
261 162 323 191 208
400 2185 1347 2226 Nachträglich gedruckt in Raumer’s Vermiſchten Schriften II. 501.
388 2214 1527 2274 Ancillon an Hake, 26. März; Antwort 7. April; Krauſeneck an Bernſtorff,
273 2266 771 2303 12. April; Antwort 7. Mai 1831.
