1600 2320
151 224 1351 281 teles. aber die menschliche seele fordert sich ihr recht zu lieben und
152 272 1351 323 zu schwärmen und dadurch zu leiden. so hat sie es auch in dem kreise
154 318 1351 374 der Akademie getan, anders und doch ähnlich wie in den hallen und
154 365 1353 424 auf den ringplätzen nebenan. und menschlich näher rückt uns der
154 413 1352 469 übermenschliche weisheitslehrer, wenn wir ihn die regungen der maien-
154 468 889 517 zeit des seelenlebens auch erfahren sehen.
238 509 1338 565 Und nun erlebte er was ihn zum manne machte. den Eudemos
156 559 1355 614 hatte noch der gläubige jünger Platons geschrieben; bald aber kam eine
157 608 1356 663 krisis für seine wissenschaftliche überzeugung: er ward an der ideen-
161 656 1362 710 lehre irre, er fand, daſs er sie widerlegen könnte, und, wie seine pflicht
160 705 1360 761 war, widerlegte er sie. es war sein gutes recht, wenn er trotzdem nicht
160 753 1360 810 aufhörte, Platoniker zu sein und sein zu wollen, so wenig Platon den
163 803 1382 861 Sokrates verleugnet hatte, weil er ihn überwand. aber es war doch für
164 852 1363 905 die Akademie ein aufstand im eigenen lager, und wie hätte es an kleinen
164 899 1365 963 geistern fehlen sollen, die zum mindesten über pietätlosigkeit schrien?
166 953 1367 1003 wenn Aristoteles noch im Protreptikos selbst die erwartung ausgesprochen
166 1002 1368 1054 hatte, die philosophie würde binnen kurzem abgeschlossen sein (ein
167 1049 1368 1102 allerdings für die jugendlichkeit des verfassers mehr als alles andere be-
168 1100 1369 1148 weisendes wort), so war jetzt, wenn die realität der ideen fiel, die meta-
379 144 1112 185 freundschaft und liebe. bestreitung der ideenlehre.
1288 143 1346 172 329
1342 513 1503 558 Bestreitung
1380 543 1491 558 der ideen-
1398 563 1467 583 lehre.
314 1183 1372 1226 Platon ist darüber allerdings weit hinweggeschritten; aber er hat die
172 1223 1371 1271 frau doch nur dadurch zu ihrer würde emporheben können, daſs er sie dem manne
172 1263 1373 1317 völlig gleichstellte, also durch die anerkennung ihrer seele, aber die leugnung ihres
174 1304 1374 1359 geschlechtes. der dichter, der seinen Eros von einer frau verkünden läſst, hat
174 1344 1374 1397 freilich dafür gesorgt, daſs ihm das weibliche geschlecht nicht zürnen darf, wie
175 1384 1375 1433 dem Aristoteles. aber Diotima ist eine hehre priesterin, und die heiligkeit und
176 1424 1377 1474 reinheit und das übermenschliche der αὐτάϱκεια hatte der Hellene und zumal der
176 1465 1377 1516 Athener schon längst in der himmlischen jungfrau weiblich gedacht und als weib
178 1506 1379 1561 angebetet. sein späteres leben hat allerdings den Platon den kreisen der weiblich-
178 1546 1379 1597 keit allzu fern gehalten: daſs er aber früher auch gelegenheit gehabt hat, sehr
179 1586 1380 1642 feine psychologische studien zu machen, lehrt die überraschend wahre schilderung
180 1625 1379 1675 des einflusses der ehrgeizigen weiber in dem staate des ‘strebertums’ (Staat 549).
322 1669 1381 1713 Die freundschaft ist in der Ethik unverhältnismäſsig breit behandelt. sie
180 1710 1381 1754 hatte damals für die reifen männer eine bedeutung, die uns auch nicht mehr unmittel-
181 1752 1382 1794 bar verständlich ist. aber sie steht nicht unter der gewalt des Eros; von den weich-
183 1793 1384 1838 lichen überschwenglichkeiten Epikurs, der den sokratischen Eros nicht kennt, hält
185 1834 1384 1873 sich natürlich Aristoteles fern. die freundschaft ist, wie der wandel in der be-
185 1875 1385 1921 deutung von φίλοι lehrt, eigentlich ein surrogat der familie, des geschlechtes: das
184 1916 1386 1958 hat mit dem herzen wenig zu tun. verhältnisse wie Platon zu Dion, Aristoteles zu
185 1956 1386 2012 Eudemos nennen wir freundschaft; das ist ungriechisch; ich halte es auch für un-
184 1992 1387 2038 richtig. das ist Eros. wie Goethe nach Schillers tode über diesen redet, das offen-
186 2029 1386 2072 bart für uns am besten diesen Eros. es offenbart zugleich, daſs Goethes seele
185 2084 548 2115 hellenisch geworden war.
