1600 2320
233 206 1435 248 dem gelübde des polemarchen Kallimachos 490 erwachsen. so bleibt
233 255 1432 298 als πάτϱιον dem kriegsherrn nichts als das unbedeutende opfer an
232 304 1435 344 Enyalios. mit diesem belege konnte Aristoteles schwerlich erhärten, daſs
233 353 1434 395 der archon jünger als der polemarch gewesen wäre, weil jener keine
232 401 1433 443 πάτϱια zu besorgen hätte (3, 3). der polemarch war eben bis 487,
232 450 1434 493 wo ihn das los zu besetzen begann, ein beamter ersten ranges als
231 499 1434 542 kriegsherr. als ihm die strategen die militärischen befugnisse nahmen,
231 547 1434 591 war er doch wenigstens noch etwas wie der praetor inter peregrinos,
231 596 1435 637 und er muſs noch andere polizeiliche competenzen besessen haben, die
231 646 1433 688 wir nicht mehr durchschauen. aber die entziehung der gesammten
685 126 982 159 I. 7. Die verfassung.
234 123 292 150 250
230 728 1436 760 vierten jahrhunderts bezeugen ihn, und ihre erzeugnisse sind um seinetwillen nicht
231 768 1434 799 unächt. wie er jetzt bei Aristoteles erschienen ist, so stand er längst bei Platon
230 809 431 840 Ges. 12, 947e.
388 845 1436 883 A. Mommsen Heortol. 213. am Artemistag, dem sechsten Βοηδϱομιών
231 884 1435 917 werden freilich schon von alters die wehrhaften mannen Athens einen lauf mit
223 923 1433 963 lautem hurrah zu ehren der göttin des wildes und der jungen mannschaft getan
230 964 1435 1001 haben: aber seit ihnen dieser lauf bei Marathon die freiheit gebracht hat, und der
230 1005 1436 1044 polemarch, der den sieg mit seinem blute besiegelt hatte, der göttin ein opfer ge-
230 1047 1435 1087 lobt, das sie nun alljährlich einlösen, kann man unter der ϑυσία Ἀϱτέμιδι Ἀγϱοτέϱᾳ
229 1089 1434 1124 nur diese neue stiftung verstehn. das gelübde des Kallimachos und die dadurch
229 1133 1435 1167 erzeugte feier hat dann, wie natürlich, die erzählung von der schlacht mit einem
229 1173 691 1208 solchen βοηδϱομεῖν ausgestattet.
393 1216 1433 1250 Die sorge für die waisen der im kriege gefallenen bürger (Schol. Dem.
228 1257 1433 1291 24, 20) mag obsolet geworden sein. die sorge für die invaliden (Plut. Sol. 31)
228 1298 1435 1333 muſs man nach dieser analogie auch dem polemarchen geben: aber das geld kann
228 1338 1437 1373 er später nicht verwaltet haben, da er keine casse hat, so wenig wie seine collegen.
228 1375 1107 1413 so werden sie wie andere ἀδύνατοι vom rate verpflegt sein.
386 1418 1434 1452 Aristoph. Wesp. 1042, besprochen Herm. 22, 222. damals muſste ich noch
227 1458 1437 1493 annehmen, daſs der polemarch alle privatsachen der metöken u. s. w. selbst vor
227 1497 1433 1534 gericht brachte. CIA II 11, 20 (die ξυμβολαί mit Phaselis) weisen dem polemarchen
228 1538 1435 1574 noch irgend welche andern processe zu. wenn einem πϱόξενος, dem sogar die
227 1578 1434 1615 ἔγκτησις οἰκίας verliehen wird, die πϱόσοδος πϱὸς πολέμαϱχον, die ihm in folge
228 1618 1434 1654 seiner proxenie so wie so zusteht, noch besonders attestirt wird (CIA II 42), so ist eben
228 1658 1436 1694 wie in unzähligen urkunden aller staaten das allgemeine im speciellen falle aus-
228 1698 1435 1735 gesprochen, καϑάπεϱ τοῖς ἄλλοις πϱοξένοις steht dabei. da nun feststeht, daſs bei
227 1736 1435 1776 Pollux 8, 91 (d. i. Aristoteles) nichts von den fremden steht, so ist eine tatsache,
229 1775 1435 1816 daſs ein fremder (d. i. jemand der eine andere heimat hat, also kein μέτοικος Ἀϑήνησι)
230 1814 1436 1859 ohne privilegirt zu sein (wie proxenen und landflüchtige parteigänger Athens u. dgl.)
230 1853 1436 1899 oder durch seinen stand ein vorzugsrecht zu genieſsen (ἔμποϱος), oder durch ξυμ-
228 1892 1436 1935 βολαί seiner heimat geschützt zu sein, in Athen keinen bestimmten gerichtsstand
228 1934 1436 1981 hat, also juristisch rechtlos ist; nur das völkerrecht (d. i. die religion, Ζεὺς ξένιος)
228 1975 1435 2015 schützt ihn: da wird immer wieder die clientel, d. i. das πϱοξενεῖν eines einzelnen
227 2016 1435 2056 Atheners subsidiär eintreten müssen. tatsächlich sind solche fälle seit dem fünften
226 2057 1437 2103 jahrhundert natürlich höchst selten gewesen. was das metökenrecht anlangt, so
