<?xml version="1.0" encoding="UTF-8"?>
<PcGts xmlns="http://schema.primaresearch.org/PAGE/gts/pagecontent/2019-07-15" xmlns:xsi="http://www.w3.org/2001/XMLSchema-instance" xsi:schemaLocation="http://schema.primaresearch.org/PAGE/gts/pagecontent/2019-07-15 http://schema.primaresearch.org/PAGE/gts/pagecontent/2019-07-15/pagecontent.xsd">
<Metadata>
<Creator>KK-regJS2PAGE.py</Creator>
<Created>2021-01-18T15:22:29.812211</Created>
<LastChange>2021-01-18T15:22:29.812211</LastChange>
</Metadata>
<Page imageFilename="wilamowitz_aristoteles01_1893_0176.png" imageWidth="1600" imageHeight="2320">
<TextRegion id="block_0" custom="structure {type:body;}">
<Coords points="215,249 215,289 220,296 220,341 219,344 219,385 220,392 220,437 219,442 219,487 219,481 219,528 220,537 220,583 221,587 221,632 221,637 221,680 221,685 221,731 221,733 221,777 221,781 221,825 222,829 222,878 224,876 224,922 224,925 224,964 226,973 226,1013 226,1023 226,1065 226,1072 226,1115 225,1122 225,1166 223,1173 223,1219 222,1222 222,1270 222,1270 222,1319 222,1321 222,1363 222,1370 222,1410 222,1415 222,1464 224,1462 224,1508 223,1509 223,1551 223,1557 223,1609 223,1606 223,1650 224,1654 224,1706 224,1702 224,1744 226,1750 226,1798 226,1797 226,1841 228,1846 228,1881 228,1895 228,1935 1433,1935 1433,1895 1432,1881 1432,1846 1430,1841 1430,1797 1432,1798 1432,1750 1431,1744 1431,1702 1432,1706 1432,1654 1430,1650 1430,1606 1430,1609 1430,1557 1430,1551 1430,1509 1431,1508 1431,1462 1429,1464 1429,1415 1430,1410 1430,1370 1429,1363 1429,1321 1429,1319 1429,1270 1428,1270 1428,1222 1428,1219 1428,1173 1426,1166 1426,1122 1429,1115 1429,1072 1427,1065 1427,1023 1427,1013 1427,973 1427,964 1427,925 1426,922 1426,876 1408,878 1408,829 1426,825 1426,781 1427,777 1427,733 1430,731 1430,685 1426,680 1426,637 1426,632 1426,587 1425,583 1425,537 1424,528 1424,481 1425,487 1425,442 1422,437 1422,392 1423,385 1423,344 1423,341 1423,296 1422,289 1422,249 215,249"/>
<TextLine id="line_0">
<Coords points="215,256 269,256 302,255 362,255 394,255 438,255 466,254 652,254 680,251 887,251 913,251 942,251 972,251 1045,251 1075,249 1178,249 1209,249 1254,249 1282,249 1346,249 1375,256 1422,256 1422,285 1375,285 1346,277 1282,277 1254,278 1209,278 1178,278 1075,278 1045,280 972,280 942,279 913,279 887,289 680,289 652,284 466,284 438,284 394,284 362,285 302,285 269,289 215,289 215,256"/>
<Baseline points="215,289 269,289 302,285 362,285 394,284 438,284 466,284 652,284 680,289 887,289 913,279 942,279 972,280 1045,280 1075,278 1178,278 1209,278 1254,278 1282,277 1346,277 1375,285 1422,285"/>
<TextEquiv><Unicode>ist, daſs die schlieſsliche entscheidung in allen sachen bei dem ge-</Unicode></TextEquiv>
</TextLine>

<TextLine id="line_1">
<Coords points="220,304 518,304 532,303 610,303 632,310 667,310 690,300 752,300 776,300 827,300 848,300 956,300 977,297 1128,297 1150,297 1222,297 1265,297 1323,297 1347,296 1423,296 1423,324 1347,324 1323,325 1265,325 1222,326 1150,326 1128,336 977,336 956,337 848,337 827,328 776,328 752,328 690,328 667,329 632,329 610,339 532,339 518,341 220,341 220,304"/>
<Baseline points="220,341 518,341 532,339 610,339 632,329 667,329 690,328 752,328 776,328 827,328 848,337 956,337 977,336 1128,336 1150,326 1222,326 1265,325 1323,325 1347,324 1423,324"/>
<TextEquiv><Unicode>schwornengerichte liegt, zu dem alle bürger qualificirt sind. und diese</Unicode></TextEquiv>
</TextLine>

<TextLine id="line_2">
<Coords points="219,354 324,354 345,353 381,353 402,351 556,351 579,358 610,358 630,349 679,349 699,348 795,348 817,348 955,348 978,346 1096,346 1118,345 1205,345 1225,344 1423,344 1423,381 1225,381 1205,374 1118,374 1096,376 978,376 955,377 817,377 795,377 699,377 679,377 630,377 610,378 579,378 556,385 402,385 381,382 345,382 324,383 219,383 219,354"/>
<Baseline points="219,383 324,383 345,382 381,382 402,385 556,385 579,378 610,378 630,377 679,377 699,377 795,377 817,377 955,377 978,376 1096,376 1118,374 1205,374 1225,381 1423,381"/>
<TextEquiv><Unicode>wurzel ist solonisch, er hat diesen heillosen zustand selbst beabsichtigt,</Unicode></TextEquiv>
</TextLine>

<TextLine id="line_3">
<Coords points="220,404 268,404 282,411 314,411 331,402 403,402 427,409 511,409 532,399 577,399 599,401 710,401 731,397 897,397 918,396 1085,396 1107,394 1247,394 1269,392 1356,392 1377,392 1422,392 1422,420 1377,420 1356,422 1269,422 1247,432 1107,432 1085,433 918,433 897,426 731,426 710,435 599,435 577,428 532,428 511,437 427,437 403,431 331,431 314,431 282,431 268,432 220,432 220,404"/>
<Baseline points="220,432 268,432 282,431 314,431 331,431 403,431 427,437 511,437 532,428 577,428 599,435 710,435 731,426 897,426 918,433 1085,433 1107,432 1247,432 1269,422 1356,422 1377,420 1422,420"/>
<TextEquiv><Unicode>hat er doch sogar die gesetze absichtlich zweideutig gemacht, damit die</Unicode></TextEquiv>
</TextLine>

<TextLine id="line_4">
<Coords points="219,452 294,452 309,451 390,451 404,448 606,448 628,455 651,455 667,445 694,445 710,446 753,446 769,446 959,446 975,445 1065,445 1080,443 1143,443 1162,451 1263,451 1284,442 1425,442 1425,480 1284,480 1263,479 1162,479 1143,473 1080,473 1065,474 975,474 959,475 769,475 753,474 710,474 694,474 667,474 651,474 628,474 606,487 404,487 390,479 309,479 294,481 219,481 219,452"/>
<Baseline points="219,481 294,481 309,479 390,479 404,487 606,487 628,474 651,474 667,474 694,474 710,474 753,474 769,475 959,475 975,474 1065,474 1080,473 1143,473 1162,479 1263,479 1284,480 1425,480"/>
<TextEquiv><Unicode>leute mehr prozessirten, z. b. die testirfreiheit durch eine menge captiöser</Unicode></TextEquiv>
</TextLine>

<TextLine id="line_5">
<Coords points="219,500 394,500 409,495 591,495 634,495 686,495 708,495 789,495 812,504 841,504 863,495 965,495 987,494 1057,494 1080,493 1121,493 1142,491 1202,491 1225,481 1287,481 1308,491 1424,491 1424,524 1308,524 1287,518 1225,518 1202,520 1142,520 1121,521 1080,521 1057,528 987,528 965,523 863,523 841,523 812,523 789,524 708,524 686,523 634,523 591,525 409,525 394,528 219,528 219,500"/>
<Baseline points="219,528 394,528 409,525 591,525 634,523 686,523 708,524 789,524 812,523 841,523 863,523 965,523 987,528 1057,528 1080,521 1121,521 1142,520 1202,520 1225,518 1287,518 1308,524 1424,524"/>
<TextEquiv><Unicode>ausnahmen beschränkt. wie sollte es anders sein, als daſs dem herren,</Unicode></TextEquiv>
</TextLine>

<TextLine id="line_6">
<Coords points="220,549 285,549 299,548 328,548 345,547 400,547 416,545 563,545 579,544 654,544 669,543 958,543 972,541 1155,541 1172,540 1277,540 1300,548 1334,548 1351,537 1425,537 1425,567 1351,567 1334,567 1300,567 1277,574 1172,574 1155,571 972,571 958,573 669,573 654,573 579,573 563,583 416,583 400,575 345,575 328,576 299,576 285,577 220,577 220,549"/>
<Baseline points="220,577 285,577 299,576 328,576 345,575 400,575 416,583 563,583 579,573 654,573 669,573 958,573 972,571 1155,571 1172,574 1277,574 1300,567 1334,567 1351,567 1425,567"/>
<TextEquiv><Unicode>dem in den gerichten ohne verantwortlichkeit schaltenden demos, zu liebe</Unicode></TextEquiv>
</TextLine>

<TextLine id="line_7">
<Coords points="221,597 321,597 352,594 585,594 617,593 792,593 824,592 904,592 936,591 1045,591 1076,587 1284,587 1328,588 1362,588 1389,587 1426,587 1426,616 1389,616 1362,616 1328,616 1284,626 1076,626 1045,628 936,628 904,621 824,621 792,630 617,630 585,632 352,632 321,624 221,624 221,597"/>
<Baseline points="221,624 321,624 352,632 585,632 617,630 792,630 824,621 904,621 936,628 1045,628 1076,626 1284,626 1328,616 1362,616 1389,616 1426,616"/>
<TextEquiv><Unicode>immer gewissenlosere demagogen seine gelüste befriedigten? da ist</Unicode></TextEquiv>
</TextLine>

<TextLine id="line_8">
<Coords points="221,644 436,644 459,644 513,644 530,643 570,643 587,652 686,652 703,642 821,642 841,640 1067,640 1091,648 1151,648 1175,647 1221,647 1238,637 1356,637 1378,637 1426,637 1426,665 1378,665 1356,666 1238,666 1221,667 1175,667 1151,667 1091,667 1067,675 841,675 821,671 703,671 686,680 587,680 570,672 530,672 513,672 459,672 436,679 221,679 221,644"/>
<Baseline points="221,679 436,679 459,672 513,672 530,672 570,672 587,680 686,680 703,671 821,671 841,675 1067,675 1091,667 1151,667 1175,667 1221,667 1238,666 1356,666 1378,665 1426,665"/>
<TextEquiv><Unicode>Themistokles, den sie wegen Salamis verherrlichen; nun um Salamis hat</Unicode></TextEquiv>
</TextLine>

<TextLine id="line_9">
<Coords points="221,695 269,695 292,693 460,693 482,693 626,693 646,692 697,692 718,692 864,692 891,689 950,689 972,688 1045,688 1068,688 1122,688 1145,687 1193,687 1213,685 1358,685 1379,685 1430,685 1430,713 1379,713 1358,724 1213,724 1193,715 1145,715 1122,716 1068,716 1045,716 972,716 950,717 891,717 864,728 718,728 697,719 646,719 626,721 482,721 460,731 292,731 269,724 221,724 221,695"/>
<Baseline points="221,724 269,724 292,731 460,731 482,721 626,721 646,719 697,719 718,728 864,728 891,717 950,717 972,716 1045,716 1068,716 1122,716 1145,715 1193,715 1213,724 1358,724 1379,713 1430,713"/>
<TextEquiv><Unicode>das eigentliche verdienst der Areopag, und eben den hat Ephialtes auf</Unicode></TextEquiv>
</TextLine>

<TextLine id="line_10">
<Coords points="221,745 275,745 292,742 403,742 426,743 474,743 490,740 696,740 718,743 851,743 894,738 944,738 965,737 1150,737 1165,735 1273,735 1295,735 1323,735 1343,733 1427,733 1427,771 1343,771 1323,763 1295,763 1273,764 1165,764 1150,773 965,773 944,766 894,766 851,777 718,777 696,770 490,770 474,771 426,771 403,773 292,773 275,773 221,773 221,745"/>
<Baseline points="221,773 275,773 292,773 403,773 426,771 474,771 490,770 696,770 718,777 851,777 894,766 944,766 965,773 1150,773 1165,764 1273,764 1295,763 1323,763 1343,771 1427,771"/>
<TextEquiv><Unicode>den antrieb des Themistokles gestürzt. der aufschwung Athens in jener</Unicode></TextEquiv>
</TextLine>

<TextLine id="line_11">
<Coords points="221,793 276,793 303,793 379,793 401,792 430,792 453,790 588,790 610,790 665,790 688,788 799,788 826,787 886,787 908,787 959,787 981,785 1079,785 1101,784 1165,784 1187,784 1334,784 1356,781 1426,781 1426,808 1356,808 1334,817 1187,817 1165,811 1101,811 1079,813 981,813 959,814 908,814 886,814 826,814 799,825 688,825 665,817 610,817 588,819 453,819 430,820 401,820 379,820 303,820 276,822 221,822 221,793"/>
<Baseline points="221,822 276,822 303,820 379,820 401,820 430,820 453,819 588,819 610,817 665,817 688,825 799,825 826,814 886,814 908,814 959,814 981,813 1079,813 1101,811 1165,811 1187,817 1334,817 1356,808 1426,808"/>
<TextEquiv><Unicode>zeit hatte in wahrheit den grund, daſs der demos dem Areopage still-</Unicode></TextEquiv>
</TextLine>

<TextLine id="line_12">
<Coords points="222,840 402,840 418,839 467,839 482,839 624,839 640,837 718,837 739,835 817,835 839,842 904,842 928,841 957,841 979,832 1038,832 1060,839 1116,839 1139,829 1217,829 1239,837 1408,837 1408,865 1239,865 1217,857 1139,857 1116,858 1060,858 1038,859 979,859 957,860 928,860 904,861 839,861 817,863 739,863 718,864 640,864 624,875 482,875 467,867 418,867 402,878 222,878 222,840"/>
<Baseline points="222,878 402,878 418,867 467,867 482,875 624,875 640,864 718,864 739,863 817,863 839,861 904,861 928,860 957,860 979,859 1038,859 1060,858 1116,858 1139,857 1217,857 1239,865 1408,865"/>
<TextEquiv><Unicode>schweigend das regiment lieſs: hätte man es ihm nur nicht genommen;</Unicode></TextEquiv>
</TextLine>

<TextLine id="line_13">
<Coords points="224,898 299,898 336,888 392,888 425,885 569,885 604,883 654,883 686,882 836,882 869,879 929,879 960,878 1088,878 1119,885 1214,885 1246,876 1426,876 1426,913 1246,913 1214,913 1119,913 1088,906 960,906 929,907 869,907 836,916 686,916 654,910 604,910 569,913 425,913 392,915 336,915 299,922 224,922 224,898"/>
<Baseline points="224,922 299,922 336,915 392,915 425,913 569,913 604,910 654,910 686,916 836,916 869,907 929,907 960,906 1088,906 1119,913 1214,913 1246,913 1426,913"/>
<TextEquiv><Unicode>nun, den urhebern der änderung ist’s schlecht genug bekommen,</Unicode></TextEquiv>
</TextLine>

<TextLine id="line_14">
<Coords points="224,932 432,932 466,932 503,932 537,928 721,928 754,927 800,927 833,927 887,927 922,925 1043,925 1077,925 1247,925 1284,926 1427,926 1427,964 1284,964 1247,962 1077,962 1043,954 922,954 887,954 833,954 800,955 754,955 721,964 537,964 503,959 466,959 432,963 224,963 224,932"/>
<Baseline points="224,963 432,963 466,959 503,959 537,964 721,964 754,955 800,955 833,954 887,954 922,954 1043,954 1077,962 1247,962 1284,964 1427,964"/>
<TextEquiv><Unicode>Themistokles ist landflüchtig bei den Persern gestorben, Ephialtes</Unicode></TextEquiv>
</TextLine>

<TextLine id="line_15">
<Coords points="226,981 316,981 333,976 428,976 452,978 632,978 654,975 832,975 855,974 1006,974 1050,974 1083,974 1112,973 1196,973 1224,974 1264,974 1286,975 1341,975 1364,976 1427,976 1427,1004 1364,1004 1341,1003 1286,1003 1264,1003 1224,1003 1196,1002 1112,1002 1083,1002 1050,1002 1006,1003 855,1003 832,1012 654,1012 632,1013 452,1013 428,1008 333,1008 316,1010 226,1010 226,981"/>
<Baseline points="226,1010 316,1010 333,1008 428,1008 452,1013 632,1013 654,1012 832,1012 855,1003 1006,1003 1050,1002 1083,1002 1112,1002 1196,1002 1224,1003 1264,1003 1286,1003 1341,1003 1364,1004 1427,1004"/>
<TextEquiv><Unicode>durch einen Tanagraeer meuchlings ermordet. da loben sie den Ari-</Unicode></TextEquiv>
</TextLine>

<TextLine id="line_16">
<Coords points="226,1029 330,1029 345,1028 385,1028 407,1027 461,1027 484,1025 680,1025 704,1024 754,1024 769,1024 921,1024 945,1023 1012,1023 1033,1023 1110,1023 1132,1023 1338,1023 1359,1024 1427,1024 1427,1052 1359,1052 1338,1062 1132,1062 1110,1053 1033,1053 1012,1053 945,1053 921,1053 769,1053 754,1053 704,1053 680,1065 484,1065 461,1056 407,1056 385,1057 345,1057 330,1059 226,1059 226,1029"/>
<Baseline points="226,1059 330,1059 345,1057 385,1057 407,1056 461,1056 484,1065 680,1065 704,1053 754,1053 769,1053 921,1053 945,1053 1012,1053 1033,1053 1110,1053 1132,1062 1338,1062 1359,1052 1427,1052"/>
<TextEquiv><Unicode>steides als den gerechtesten der Hellenen: aber diese gerechtigkeit läuft</Unicode></TextEquiv>
</TextLine>

<TextLine id="line_17">
<Coords points="226,1079 328,1079 339,1078 450,1078 474,1077 534,1077 545,1076 616,1076 636,1075 736,1075 759,1074 900,1074 921,1075 971,1075 990,1074 1091,1074 1114,1074 1164,1074 1185,1073 1319,1073 1341,1072 1429,1072 1429,1101 1341,1101 1319,1103 1185,1103 1164,1103 1114,1103 1091,1104 990,1104 971,1104 921,1104 900,1104 759,1104 736,1106 636,1106 616,1115 545,1115 534,1106 474,1106 450,1113 339,1113 328,1108 226,1108 226,1079"/>
<Baseline points="226,1108 328,1108 339,1113 450,1113 474,1106 534,1106 545,1115 616,1115 636,1106 736,1106 759,1104 900,1104 921,1104 971,1104 990,1104 1091,1104 1114,1103 1164,1103 1185,1103 1319,1103 1341,1101 1429,1101"/>
<TextEquiv><Unicode>darauf hinaus, daſs jetzt 20000 bummler auf kosten der bündner futter</Unicode></TextEquiv>
</TextLine>

<TextLine id="line_18">
<Coords points="225,1130 405,1130 448,1127 588,1127 617,1126 690,1126 717,1125 766,1125 795,1126 849,1126 877,1125 1032,1125 1061,1125 1153,1125 1182,1124 1241,1124 1263,1123 1314,1123 1336,1122 1426,1122 1426,1153 1336,1153 1314,1153 1263,1153 1241,1154 1182,1154 1153,1160 1061,1160 1032,1155 877,1155 849,1155 795,1155 766,1155 717,1155 690,1166 617,1166 588,1159 448,1159 405,1161 225,1161 225,1130"/>
<Baseline points="225,1161 405,1161 448,1159 588,1159 617,1166 690,1166 717,1155 766,1155 795,1155 849,1155 877,1155 1032,1155 1061,1160 1153,1160 1182,1154 1241,1154 1263,1153 1314,1153 1336,1153 1426,1153"/>
<TextEquiv><Unicode>bekommen. natürlich paſst das den bündnern nicht, und wir haben</Unicode></TextEquiv>
</TextLine>

<TextLine id="line_19">
<Coords points="223,1183 277,1183 307,1182 395,1182 438,1178 608,1178 633,1178 681,1178 702,1176 828,1176 856,1176 1004,1176 1032,1176 1077,1176 1106,1175 1226,1175 1248,1174 1323,1174 1345,1173 1428,1173 1428,1210 1345,1210 1323,1202 1248,1202 1226,1204 1106,1204 1077,1204 1032,1204 1004,1213 856,1213 828,1206 702,1206 681,1206 633,1206 608,1209 438,1209 395,1219 307,1219 277,1211 223,1211 223,1183"/>
<Baseline points="223,1211 277,1211 307,1219 395,1219 438,1209 608,1209 633,1206 681,1206 702,1206 828,1206 856,1213 1004,1213 1032,1204 1077,1204 1106,1204 1226,1204 1248,1202 1323,1202 1345,1210 1428,1210"/>
<TextEquiv><Unicode>den krieg. schlieſslich hat Perikles (übrigens ein mensch ohne eigne</Unicode></TextEquiv>
</TextLine>

<TextLine id="line_20">
<Coords points="222,1232 385,1232 413,1239 444,1239 472,1229 532,1229 557,1228 597,1228 619,1227 676,1227 699,1226 871,1226 893,1224 1038,1224 1060,1223 1176,1223 1198,1222 1246,1222 1268,1222 1339,1222 1360,1222 1428,1222 1428,1250 1360,1250 1339,1251 1268,1251 1246,1252 1198,1252 1176,1260 1060,1260 1038,1254 893,1254 871,1255 699,1255 676,1256 619,1256 597,1257 557,1257 532,1257 472,1257 444,1259 413,1259 385,1270 222,1270 222,1232"/>
<Baseline points="222,1270 385,1270 413,1259 444,1259 472,1257 532,1257 557,1257 597,1257 619,1256 676,1256 699,1255 871,1255 893,1254 1038,1254 1060,1260 1176,1260 1198,1252 1246,1252 1268,1251 1339,1251 1360,1250 1428,1250"/>
<TextEquiv><Unicode>gedanken, so daſs sie ihm Damonides einblasen muſste) das maſs voll-</Unicode></TextEquiv>
</TextLine>

<TextLine id="line_21">
<Coords points="222,1280 353,1280 381,1279 439,1279 469,1279 523,1279 546,1277 672,1277 695,1277 742,1277 762,1276 823,1276 845,1273 1125,1273 1146,1272 1274,1272 1295,1271 1357,1271 1378,1270 1429,1270 1429,1299 1378,1299 1357,1301 1295,1301 1274,1309 1146,1309 1125,1304 845,1304 823,1304 762,1304 742,1304 695,1304 672,1306 546,1306 523,1306 469,1306 439,1307 381,1307 353,1319 222,1319 222,1280"/>
<Baseline points="222,1319 353,1319 381,1307 439,1307 469,1306 523,1306 546,1306 672,1306 695,1304 742,1304 762,1304 823,1304 845,1304 1125,1304 1146,1309 1274,1309 1295,1301 1357,1301 1378,1299 1429,1299"/>
<TextEquiv><Unicode>gemacht und den richtern für ihre staatsverderbende tätigkeit sold be-</Unicode></TextEquiv>
</TextLine>

<TextLine id="line_22">
<Coords points="222,1329 304,1329 347,1337 377,1337 392,1336 450,1336 463,1327 513,1327 534,1325 670,1325 692,1325 752,1325 774,1324 819,1324 841,1323 1028,1323 1052,1323 1127,1323 1148,1322 1177,1322 1201,1322 1252,1322 1272,1321 1429,1321 1429,1349 1272,1349 1252,1350 1201,1350 1177,1351 1148,1351 1127,1351 1052,1351 1028,1361 841,1361 819,1353 774,1353 752,1353 692,1353 670,1363 534,1363 513,1355 463,1355 450,1356 392,1356 377,1357 347,1357 304,1358 222,1358 222,1329"/>
<Baseline points="222,1358 304,1358 347,1357 377,1357 392,1356 450,1356 463,1355 513,1355 534,1363 670,1363 692,1353 752,1353 774,1353 819,1353 841,1361 1028,1361 1052,1351 1127,1351 1148,1351 1177,1351 1201,1350 1252,1350 1272,1349 1429,1349"/>
<TextEquiv><Unicode>zahlt. es war das unglück, daſs die anständigen leute in der kritischen</Unicode></TextEquiv>
</TextLine>

<TextLine id="line_23">
<Coords points="222,1378 276,1378 297,1377 401,1377 424,1376 524,1376 546,1373 698,1373 721,1374 784,1374 801,1372 902,1372 925,1372 1011,1372 1034,1381 1064,1381 1085,1380 1129,1380 1151,1371 1261,1371 1285,1379 1332,1379 1354,1370 1430,1370 1430,1398 1354,1398 1332,1398 1285,1398 1261,1405 1151,1405 1129,1400 1085,1400 1064,1400 1034,1400 1011,1401 925,1401 902,1401 801,1401 784,1401 721,1401 698,1410 546,1410 524,1404 424,1404 401,1406 297,1406 276,1407 222,1407 222,1378"/>
<Baseline points="222,1407 276,1407 297,1406 401,1406 424,1404 524,1404 546,1410 698,1410 721,1401 784,1401 801,1401 902,1401 925,1401 1011,1401 1034,1400 1064,1400 1085,1400 1129,1400 1151,1405 1261,1405 1285,1398 1332,1398 1354,1398 1430,1398"/>
<TextEquiv><Unicode>zeit keinen führer hatten ; dem Kimon fehlte es am besten, um diese</Unicode></TextEquiv>
</TextLine>

<TextLine id="line_24">
<Coords points="222,1427 346,1427 358,1426 440,1426 450,1424 490,1424 501,1424 565,1424 577,1431 680,1431 693,1422 766,1422 777,1421 962,1421 984,1420 1057,1420 1071,1419 1205,1419 1217,1419 1267,1419 1278,1415 1429,1415 1429,1445 1278,1445 1267,1447 1217,1447 1205,1453 1071,1453 1057,1449 984,1449 962,1451 777,1451 766,1450 693,1450 680,1451 577,1451 565,1452 501,1452 490,1453 450,1453 440,1455 358,1455 346,1464 222,1464 222,1427"/>
<Baseline points="222,1464 346,1464 358,1455 440,1455 450,1453 490,1453 501,1452 565,1452 577,1451 680,1451 693,1450 766,1450 777,1451 962,1451 984,1449 1057,1449 1071,1453 1205,1453 1217,1447 1267,1447 1278,1445 1429,1445"/>
<TextEquiv><Unicode>stellung mehr als dem namen nach auszufüllen. nach Perikles, der immerhin</Unicode></TextEquiv>
</TextLine>

<TextLine id="line_25">
<Coords points="224,1476 298,1476 321,1475 367,1475 389,1483 477,1483 500,1481 550,1481 572,1470 755,1470 776,1471 879,1471 902,1479 974,1479 1001,1474 1117,1474 1139,1467 1191,1467 1212,1466 1257,1466 1279,1462 1431,1462 1431,1498 1279,1498 1257,1492 1212,1492 1191,1494 1139,1494 1117,1497 1001,1497 974,1504 902,1504 879,1499 776,1499 755,1508 572,1508 550,1501 500,1501 477,1503 389,1503 367,1503 321,1503 298,1503 224,1503 224,1476"/>
<Baseline points="224,1503 298,1503 321,1503 367,1503 389,1503 477,1503 500,1501 550,1501 572,1508 755,1508 776,1499 879,1499 902,1504 974,1504 1001,1497 1117,1497 1139,1494 1191,1494 1212,1492 1257,1492 1279,1498 1431,1498"/>
<TextEquiv><Unicode>noch ein mann aus anständiger familie war, müssen wir die lohgerber</Unicode></TextEquiv>
</TextLine>

<TextLine id="line_26">
<Coords points="223,1523 282,1523 296,1522 460,1522 476,1522 504,1522 527,1519 736,1519 760,1519 809,1519 828,1519 878,1519 898,1518 1015,1518 1037,1514 1167,1514 1190,1511 1249,1511 1271,1509 1430,1509 1430,1547 1271,1547 1249,1539 1190,1539 1167,1544 1037,1544 1015,1546 898,1546 878,1548 828,1548 809,1548 760,1548 736,1549 527,1549 504,1550 476,1550 460,1551 296,1551 282,1551 223,1551 223,1523"/>
<Baseline points="223,1551 282,1551 296,1551 460,1551 476,1550 504,1550 527,1549 736,1549 760,1548 809,1548 828,1548 878,1548 898,1546 1015,1546 1037,1544 1167,1544 1190,1539 1249,1539 1271,1547 1430,1547"/>
<TextEquiv><Unicode>und lichtzieher in hemdsärmeln auf der tribüne schreien und schimpfen</Unicode></TextEquiv>
</TextLine>

<TextLine id="line_27">
<Coords points="223,1572 323,1572 356,1581 387,1581 400,1571 467,1571 478,1570 526,1570 539,1569 619,1569 629,1569 736,1569 767,1568 811,1568 826,1575 893,1575 907,1564 1014,1564 1028,1562 1103,1562 1123,1557 1293,1557 1306,1559 1430,1559 1430,1588 1306,1588 1293,1595 1123,1595 1103,1591 1028,1591 1014,1593 907,1593 893,1604 826,1604 811,1596 767,1596 736,1597 629,1597 619,1597 539,1597 526,1598 478,1598 467,1609 400,1609 387,1601 356,1601 323,1600 223,1600 223,1572"/>
<Baseline points="223,1600 323,1600 356,1601 387,1601 400,1609 467,1609 478,1598 526,1598 539,1597 619,1597 629,1597 736,1597 767,1596 811,1596 826,1604 893,1604 907,1593 1014,1593 1028,1591 1103,1591 1123,1595 1293,1595 1306,1588 1430,1588"/>
<TextEquiv><Unicode>hören. so geht das nicht weiter. die arge wurzel muſs ausgerodet werden.</Unicode></TextEquiv>
</TextLine>

<TextLine id="line_28">
<Coords points="223,1621 272,1621 290,1621 327,1621 348,1620 400,1620 421,1619 536,1619 561,1618 606,1618 629,1617 713,1617 734,1626 788,1626 812,1616 866,1616 890,1612 1063,1612 1086,1609 1136,1609 1156,1610 1243,1610 1266,1606 1314,1606 1336,1606 1372,1606 1393,1608 1430,1608 1430,1637 1393,1637 1372,1635 1336,1635 1314,1634 1266,1634 1243,1640 1156,1640 1136,1636 1086,1636 1063,1642 890,1642 866,1644 812,1644 788,1645 734,1645 713,1645 629,1645 606,1645 561,1645 536,1648 421,1648 400,1649 348,1649 327,1649 290,1649 272,1650 223,1650 223,1621"/>
<Baseline points="223,1650 272,1650 290,1649 327,1649 348,1649 400,1649 421,1648 536,1648 561,1645 606,1645 629,1645 713,1645 734,1645 788,1645 812,1644 866,1644 890,1642 1063,1642 1086,1636 1136,1636 1156,1640 1243,1640 1266,1634 1314,1634 1336,1635 1372,1635 1393,1637 1430,1637"/>
<TextEquiv><Unicode>das ist mit nichten ein abfall von den traditionen der väter, das ist im</Unicode></TextEquiv>
</TextLine>

<TextLine id="line_29">
<Coords points="224,1669 365,1669 380,1669 444,1669 458,1666 603,1666 617,1675 669,1675 682,1663 821,1663 843,1660 1003,1660 1045,1656 1099,1656 1121,1663 1179,1663 1200,1663 1231,1663 1252,1663 1287,1663 1303,1654 1432,1654 1432,1686 1303,1686 1287,1682 1252,1682 1231,1682 1200,1682 1179,1683 1121,1683 1099,1684 1045,1684 1003,1691 843,1691 821,1703 682,1703 669,1695 617,1695 603,1696 458,1696 444,1697 380,1697 365,1706 224,1706 224,1669"/>
<Baseline points="224,1706 365,1706 380,1697 444,1697 458,1696 603,1696 617,1695 669,1695 682,1703 821,1703 843,1691 1003,1691 1045,1684 1099,1684 1121,1683 1179,1683 1200,1682 1231,1682 1252,1682 1287,1682 1303,1686 1432,1686"/>
<TextEquiv><Unicode>gegenteil eine rückkehr zur πάτϱιος πολιτεία. wie war es zu Drakons</Unicode></TextEquiv>
</TextLine>

<TextLine id="line_30">
<Coords points="224,1715 299,1715 334,1716 368,1716 383,1715 572,1715 588,1714 648,1714 663,1714 708,1714 723,1711 876,1711 892,1717 936,1717 959,1709 1048,1709 1070,1704 1121,1704 1139,1703 1184,1703 1204,1710 1269,1710 1291,1702 1431,1702 1431,1740 1291,1740 1269,1729 1204,1729 1184,1730 1139,1730 1121,1731 1070,1731 1048,1735 959,1735 936,1736 892,1736 876,1740 723,1740 708,1741 663,1741 648,1742 588,1742 572,1744 383,1744 368,1743 334,1743 299,1742 224,1742 224,1715"/>
<Baseline points="224,1742 299,1742 334,1743 368,1743 383,1744 572,1744 588,1742 648,1742 663,1741 708,1741 723,1740 876,1740 892,1736 936,1736 959,1735 1048,1735 1070,1731 1121,1731 1139,1730 1184,1730 1204,1729 1269,1729 1291,1740 1431,1740"/>
<TextEquiv><Unicode>zeit? da beschränkte sich die teilnahme am staate auf die zum hopliten-</Unicode></TextEquiv>
</TextLine>

<TextLine id="line_31">
<Coords points="226,1760 335,1760 349,1761 527,1761 550,1770 581,1770 596,1762 670,1762 685,1761 734,1761 748,1759 853,1759 867,1756 992,1756 1035,1752 1140,1752 1161,1754 1256,1754 1279,1750 1323,1750 1345,1753 1432,1753 1432,1782 1345,1782 1323,1778 1279,1778 1256,1778 1161,1778 1140,1780 1035,1780 992,1784 867,1784 853,1787 748,1787 734,1788 685,1788 670,1789 596,1789 581,1789 550,1789 527,1798 349,1798 335,1788 226,1788 226,1760"/>
<Baseline points="226,1788 335,1788 349,1798 527,1798 550,1789 581,1789 596,1789 670,1789 685,1788 734,1788 748,1787 853,1787 867,1784 992,1784 1035,1780 1140,1780 1161,1778 1256,1778 1279,1778 1323,1778 1345,1782 1432,1782"/>
<TextEquiv><Unicode>dienste befähigten: so muſs das wieder werden. damals waren die wich-</Unicode></TextEquiv>
</TextLine>

<TextLine id="line_32">
<Coords points="226,1805 331,1805 364,1810 452,1810 484,1816 518,1816 553,1808 637,1808 669,1807 764,1807 793,1813 896,1813 925,1800 1079,1800 1114,1799 1162,1799 1190,1797 1291,1797 1322,1800 1374,1800 1403,1803 1430,1803 1430,1831 1403,1831 1374,1829 1322,1829 1291,1826 1190,1826 1162,1826 1114,1826 1079,1839 925,1839 896,1833 793,1833 764,1834 669,1834 637,1835 553,1835 518,1835 484,1835 452,1834 364,1834 331,1841 226,1841 226,1805"/>
<Baseline points="226,1841 331,1841 364,1834 452,1834 484,1835 518,1835 553,1835 637,1835 669,1834 764,1834 793,1833 896,1833 925,1839 1079,1839 1114,1826 1162,1826 1190,1826 1291,1826 1322,1829 1374,1829 1403,1831 1430,1831"/>
<TextEquiv><Unicode>tigsten ämter an einen hohen census geknüpft; das wollen wir in</Unicode></TextEquiv>
</TextLine>

<TextLine id="line_33">
<Coords points="228,1852 325,1852 353,1853 517,1853 546,1853 637,1853 666,1853 747,1853 773,1852 879,1852 907,1848 1069,1848 1120,1846 1225,1846 1254,1847 1342,1847 1368,1851 1432,1851 1432,1881 1368,1881 1342,1878 1254,1878 1225,1874 1120,1874 1069,1877 907,1877 879,1879 773,1879 747,1881 666,1881 637,1880 546,1880 517,1880 353,1880 325,1880 228,1880 228,1852"/>
<Baseline points="228,1880 325,1880 353,1880 517,1880 546,1880 637,1880 666,1881 747,1881 773,1879 879,1879 907,1877 1069,1877 1120,1874 1225,1874 1254,1878 1342,1878 1368,1881 1432,1881"/>
<TextEquiv><Unicode>diesen schlechten zeiten nicht wieder einführen. damals fehlte eine</Unicode></TextEquiv>
</TextLine>

<TextLine id="line_34">
<Coords points="228,1898 522,1898 549,1899 596,1899 618,1899 704,1899 720,1898 868,1898 887,1897 966,1897 987,1895 1118,1895 1142,1895 1347,1895 1378,1909 1433,1909 1433,1929 1378,1929 1347,1934 1142,1934 1118,1923 987,1923 966,1925 887,1925 868,1934 720,1934 704,1935 618,1935 596,1926 549,1926 522,1928 228,1928 228,1898"/>
<Baseline points="228,1928 522,1928 549,1926 596,1926 618,1935 704,1935 720,1934 868,1934 887,1925 966,1925 987,1923 1118,1923 1142,1934 1347,1934 1378,1929 1433,1929"/>
<TextEquiv><Unicode>beschwerdeinstanz für jeden übergriff eines beamten keinesweges: nur</Unicode></TextEquiv>
</TextLine>

</TextRegion>
<TextRegion id="block_1" custom="structure {type:header;}">
<Coords points="483,166 483,200 1154,200 1154,166 483,166"/>
<TextLine id="line_35">
<Coords points="483,173 499,173 527,174 548,174 568,172 611,172 629,171 781,171 800,169 842,169 860,169 955,169 970,166 1154,166 1154,198 970,198 955,193 860,193 842,193 800,193 781,200 629,200 611,196 568,196 548,197 527,197 499,196 483,196 483,173"/>
<Baseline points="483,196 499,196 527,197 548,197 568,196 611,196 629,200 781,200 800,193 842,193 860,193 955,193 970,198 1154,198"/>
<TextEquiv><Unicode>I. 6. Die demagogen des fünften jahrhunderts.</Unicode></TextEquiv>
</TextLine>

</TextRegion>
<TextRegion id="block_2" custom="structure {type:pageNum;}">
<Coords points="221,171 221,199 278,199 278,171 221,171"/>
<TextLine id="line_36">
<Coords points="221,171 278,171 278,199 221,199 221,171"/>
<Baseline points="221,199 278,199"/>
<TextEquiv><Unicode>162</Unicode></TextEquiv>
</TextLine>

</TextRegion>
<TextRegion id="block_3" custom="structure {type:note;}">
<Coords points="228,1974 228,2010 227,2017 227,2049 227,2055 372,2055 372,2089 372,2096 227,2096 227,2136 814,2136 814,2096 1434,2096 1434,2089 1434,2055 568,2055 568,2049 568,2017 1433,2017 1433,2010 1433,1974 228,1974"/>
<TextLine id="line_37">
<Coords points="228,1978 381,1978 392,1977 486,1977 497,1976 522,1976 535,1976 674,1976 686,1983 717,1983 728,1979 812,1979 825,1974 936,1974 954,1981 1006,1981 1024,1981 1050,1981 1066,1974 1200,1974 1212,1978 1348,1978 1366,1979 1433,1979 1433,2006 1366,2006 1348,2010 1212,2010 1200,2000 1066,2000 1050,1999 1024,1999 1006,1998 954,1998 936,2005 825,2005 812,1999 728,1999 717,1999 686,1999 674,2005 535,2005 522,2000 497,2000 486,2002 392,2002 381,2006 228,2006 228,1978"/>
<Baseline points="228,2006 381,2006 392,2002 486,2002 497,2000 522,2000 535,2005 674,2005 686,1999 717,1999 728,1999 812,1999 825,2005 936,2005 954,1998 1006,1998 1024,1999 1050,1999 1066,2000 1200,2000 1212,2010 1348,2010 1366,2006 1433,2006"/>
<TextEquiv><Unicode>demokratie Athens in bewegung zu setzen drohten, war es besonders angezeigt, diese</Unicode></TextEquiv>
</TextLine>

<TextLine id="line_38">
<Coords points="227,2023 328,2023 344,2027 374,2027 392,2017 568,2017 568,2043 392,2043 374,2044 344,2044 328,2049 227,2049 227,2023"/>
<Baseline points="227,2049 328,2049 344,2044 374,2044 392,2043 568,2043"/>
<TextEquiv><Unicode>männer zu discreditiren.</Unicode></TextEquiv>
</TextLine>

<TextLine id="line_39">
<Coords points="372,2060 440,2060 463,2059 496,2059 519,2057 562,2057 585,2055 685,2055 707,2055 796,2055 820,2055 862,2055 886,2055 957,2055 979,2056 1031,2056 1055,2063 1144,2063 1166,2058 1216,2058 1234,2067 1263,2067 1282,2060 1328,2060 1346,2064 1434,2064 1434,2089 1346,2089 1328,2087 1282,2087 1263,2085 1234,2085 1216,2084 1166,2084 1144,2089 1055,2089 1031,2081 979,2081 957,2081 886,2081 862,2080 820,2080 796,2080 707,2080 685,2087 585,2087 562,2082 519,2082 496,2083 463,2083 440,2085 372,2085 372,2060"/>
<Baseline points="372,2085 440,2085 463,2083 496,2083 519,2082 562,2082 585,2087 685,2087 707,2080 796,2080 820,2080 862,2080 886,2081 957,2081 979,2081 1031,2081 1055,2089 1144,2089 1166,2084 1216,2084 1234,2085 1263,2085 1282,2087 1328,2087 1346,2089 1434,2089"/>
<TextEquiv><Unicode>Jetzt ist das anders, muſste der hörer sich sagen, und an den redner</Unicode></TextEquiv>
</TextLine>

<TextLine id="line_40">
<Coords points="227,2107 333,2107 351,2103 394,2103 412,2102 480,2102 498,2098 593,2098 612,2096 687,2096 705,2099 814,2099 814,2128 705,2128 687,2121 612,2121 593,2124 498,2124 480,2126 412,2126 394,2128 351,2128 333,2136 227,2136 227,2107"/>
<Baseline points="227,2136 333,2136 351,2128 394,2128 412,2126 480,2126 498,2124 593,2124 612,2121 687,2121 705,2128 814,2128"/>
<TextEquiv><Unicode>denken, der diese scharfe kritik vortrug.</Unicode></TextEquiv>
</TextLine>

</TextRegion>
</Page>
</PcGts>