1600 2320
275 243 1475 287 beifügt , in Delphi nichts überliefert war, und, fügen wir hinzu, nicht
275 291 1475 331 wol überliefert sein konnte, da protokolle über die sitzungen der
274 339 1476 384 Amphiktionen in der erforderlichen ausführlichkeit zu Solons zeiten nicht
274 388 1474 435 wol geführt sein können.  aber diese attische tradition paſst vortreff-
273 436 1474 478 lich in ein buch, das die delphische jahresliste mit der attischen aus-
274 485 1476 532 glich. da Aischines die geschichte schon kennt, ist sie in Athen nicht
275 533 1475 573 erst durch Aristoteles bekannt geworden, ist also auch er schwerlich
276 581 1475 628 derjenige, der zuerst die delphische geschichte auf attische jahre stellte,
276 629 1473 669 sondern ein attischer chronist, auf dem er auch in den Pythioniken
275 678 1475 717 fuſste. wer dies mein buch durchgelesen hat, wird den schluſs, der ihm
271 725 1476 774 jetzt vielleicht noch zu kühn erscheint, selbstverständlich finden. übrigens
275 773 1474 814 tut es nichts zur sache, was jenseits Aristoteles liegt. bleiben wir also
277 821 1474 868 dabei, die geschichte des heiligen krieges, wie wir sie auf der parischen
276 870 1475 909 chronik und in den Pindarscholien lesen, für aristotelisch zu halten,
275 923 565 964 ganz wie Boeckh.
359 968 1476 1007 Aber der antrag Solons scheint mit den angaben der Politie un-
275 1016 1478 1054 vereinbar. 590 ist Krisa erobert, aber Solon ist gleich nach 594/3 auf
276 1065 1476 1110 zehn jahre verreist. wenn das ein widerspruch ist, so hat ihn Aristo-
275 1114 1477 1160 teles begangen, unbeschadet der herkunft jenes kriegsberichts, denn der
276 1162 1475 1209 antrag des Solon ist ja ausdrücklich auf seinen namen hin überliefert,
277 1210 1474 1256 und der heilige krieg fällt nach allen nachrichten in das erste jahr-
275 1259 1477 1301 zehnt nach Solons amtsjahr. aber erstens wissen wir gar nicht, wie
276 1308 1477 1355 lange der krieg vor der eroberung Krisas gedauert hat, noch auch
277 1356 1509 1395 ob die execution unmittelbar nachdem sie beschlossen war, ausgeführt
276 1404 1477 1452 ist.  nach dem falle von Krisa haben sich die reste der Krisaeer noch
277 168 315 194 14
769 164 978 195 1. Chronologie.
415 1481 1478 1519 Plutarch widerlegt eine ansicht des Hermippos, seiner hauptquelle, mit der
277 1517 1478 1565 berufung darauf, daſs Aischines davon schweige und die Δελφᾶν ὑπομνήματα damit
278 1560 1477 1603 stritten. das ganze erscheint als einlage. der classische redner, der den stilisten
278 1600 1476 1643 der trajanischen zeit näher lag als den compilirenden gelehrten der barockzeit, und
279 1640 1477 1681 das dem Plutarchos persönlich unterstellte archiv sind zeugen, deren verhör dem
278 1680 1478 1720 Plutarchos billigerweise zugetraut werden darf, und daſs er gegen seine hauptquelle
279 1719 1478 1759 (deren gewährsmann er mit angibt) sich wendet, spricht auch für einen zusatz aus
279 1768 502 1799 eigenen mitteln.
420 1798 1478 1832 Die ältesten attischen volksbeschlüsse, die uns auf stein erhalten sind,
281 1838 1477 1874 nennen den antragsteller nicht. aber Aristoteles hat den mann genannt, der 561
281 1878 1479 1915 den antrag stellte, dem Peisistratos eine leibwache zu bewilligen, Aristion (14, 1,
281 1918 1479 1953 bei Plutarch Ariston vgl. cap. 8). schwerlich sind die acten quelle, sondern der
283 1958 1479 1993 name ist mit der geschichte von der selbstverwundung überliefert gewesen. der
281 1998 1477 2036 mann, der den verhängnisvollen antrag stellte, der ἐξαπατήσας τὸν δῆμον, blieb im
281 2046 1478 2111 gedächtnis.Zum mindesten muſsten die deputirten mit dem Amphiktionenbeschlusse nach
