1600 2316
296 199 1498 242 reich die mythen sind, nirgend auch nur eine spur einer älteren ge-
296 247 1498 287 schichtlichen überlieferung. auch die specialschriften, wie Kineas und
296 295 1499 338 Suidas über Thessalien, Aristophanes und Krates die Boeoter, sind
295 343 1499 383 schwerlich älter als das dritte jahrhundert. und Delphi, das dem Herodotos
294 392 1499 431 so reiches material geliefert hatte, dessen Pythioniken Aristoteles selbst
293 441 1498 484 bearbeitete, ist bis in die spätere hellenistische zeit illitterat geblieben.
376 490 1499 531 Im Peloponnes erweist sich Argos durch die Herapriesterinnen und
294 539 1498 585 eine groſse zahl von chroniken in versen und prosa als die alte capi-
293 587 1499 632 tale; die übrigen orte der Argolis dürften von ihm abhängen, nur
293 637 1499 679 Trozen hat eine reichere antiquarische und genealogische tradition. daſs
293 686 1497 730 die bedeutung des Asklepios von Epidauros verhältnismäſsig jung ist,
292 736 1498 774 haben die ausgrabungen gelehrt. immerhin besaſs selbst ein minder
292 782 1497 821 bedeutendes heiligtum wie das des Poseidon von Kalaureia eine so
291 830 1497 872 wichtige urkunde wie die von Ephoros (Strab. 374) benutzte, die unsere
292 878 1441 917 geschichte zur zeit noch ganz unvermögend ist zeitlich einzuordnen.
375 925 1496 967 Arkadien ist ganz barbarisch bis auf die hochebene des ostens.
293 973 1497 1015 doch hier hütete Tegea in seinem reichen tempel einen schatz von ur-
291 1021 1498 1064 kunden und traditionen; das früh demokratisirte Mantineia kam vielleicht
291 1070 1498 1112 mehr noch für νόμοι als für die πολιτεία in betracht. Aristoteles
291 1120 1497 1168 konnte tegeatische urkunden bereits benutzen (Plut. qu. Gr. 5), auch
291 1165 1497 1220 machen die reste der tegeatischen schriftsteller Ariaithos (oder Araithos)
290 1221 1404 1261 und Aristippos oder wenigstens der erste den eindruck des alters.
373 1270 1496 1312 Elis besaſs, seit es Olympias herr und durch seine bauerndemo-
291 1317 1496 1362 kratie zu macht gelangt war, eine groſse bedeutung und auffallend
292 1365 1496 1410 starke geistige regsamkeit. seit Hippias die festchronik, die höher als
289 1412 1494 1460 jede andere hinaufreichte, zuerst bearbeitet hat, gibt es eine so groſse
291 1461 1494 1505 zahl von schriftstellern wie kaum über eine andere landschaft. und
566 117 1222 151 I. 1. Die quellen der griechischen geschichte.
298 124 336 151 22
175 499 243 523 Argos
158 933 263 954 Arkadien
189 1278 233 1299 Elis
292 1566 1495 1605 geschichte erzeugt. Pausanias sah sich genötigt, die lücke zu verdecken, indem er
291 1606 1494 1644 die ionische wanderung erzählte. ein par schriftsteller πεϱὶ Ἀχαίας sind obscur und
290 1647 564 1674 sicherlich nicht alt.
431 1689 1339 1726 Epigramm eines Sodamos aus Tegea. schol. Eurip. Hipp. 264.
436 1727 1494 1768 Teutiaplos, Komarchos, Ekephylidas, Apellas, Iollas, Agaklytos, Istros,
291 1764 611 1795 Aristodemos, Polemon.
431 1804 1492 1848 Die Arkadika des Pausanias geben eine geschlossene, aber besonders junge
290 1843 1495 1888 und geringhaltige genealogie. wie früh dagegen von Tegea aus eine auf ganz Ar-
291 1884 1495 1928 kadien berechnete aufgebracht war, lehrt das epigramm in Delphi, Pausan. X 9,
291 1923 1494 1963 Pomtow Beitr. zur Topogr. von Delphi t. XIV 39. Aristoteles stellte neben die
292 1963 1495 2008 einzelpolitien die neue organisation des Epaminondas, die κοινὴ πολιτεία, die gar
292 2005 1494 2049 keine historische einleitung hatte (Harpokr. μυϱίοι). von der Μαντινέων ist zu-
292 2046 1111 2088 fällig nichts erhalten, aber die Politik (Z 4) bezeugt sie.
