1600 2320
173 196 1378 236 heros in dem bezirke beisetzte, den der stadtgründer nicht wol entbehrt
172 245 1378 289 haben kann, seit er zu dieser würde erhoben war ; und wer das dem
171 293 1377 340 sechsten jahrhundert trotz den sagen, z. b. der oschophorienlegende,
172 332 1378 390 absprechen wollte, den widerlegen die vasenbilder. auch die erlosung
172 389 1376 430 von bestimmten beamten, insbesondere des rates, im Theseion stehe ich
173 439 1377 479 nicht an für so alt zu halten wie die erlosung überhaupt, da diese demo-
172 486 1376 533 kratische ordnung zu dem könig, der zuerst ἀκούετε λεῴ gerufen hat,
173 538 1377 585 vorzüglich paſst. so will ich denn nicht unbedingt entscheiden, welche
172 586 1379 632 localisirung jener geschichte den vorzug verdient. aber ich gestehe mich
172 635 1378 675 selbst viel mehr zu der bei Polyaen hingezogen zu fühlen, deren locale
174 682 1378 724 näher bei einander liegen und altertümlicher sind. insbesondere meine
173 730 1376 780 ich, daſs die οἰκήματα πλησίον τοῦ Θησείου viel eher nach dem vierten
553 114 992 148 Das strategem des Peisistratos.
1317 98 1375 144 271
175 836 1378 878 auch der exercierplatz verständlich, und in seiner verwendung zum appellplatz in
175 878 1380 915 den veränderten verhältnissen des fünften jahrhunderts dauert die alte sitte. am
174 920 1383 960 nordabhange der burg, östlich vom Agraulion, lag das prytaneion, westlich das
177 961 1383 997 thesmothetenhaus, unterhalb der Apollongrotte. dieses ganze gebiet also war öffent-
131 1002 1383 1043 licher grund, der privaten bebauung entzogen. noch in der jugend des Peisistratos
174 1041 1383 1078 mögen die mädchen καϑαϱὸν γάνος Ἠϱιδάνοιο geschöpft haben, der zwischen
175 1081 1383 1118 gärten floſs (Strab. 397). dann zog sich das politische leben nach dem markte
175 1120 1383 1154 westwärts, auf dem heiligen terrain siedelten sich die buden an (Herm. 22, 119),
176 1158 1382 1194 und die gerbereien der Kydathenaeer machten das wasser des Eridanos selbst für
175 1197 1382 1234 das vieh ungenieſsbar. eine spätere zeit (zweite hälfte des dritten jahrhunderts) hat
175 1237 1383 1277 durch groſse neubauten für ihre zwecke den alten öffentlichen grund besetzt und so die
174 1280 1383 1321 physiognomie dieses stadtteils von neuem geändert. Theseus hatte an seinem tempel
175 1319 1382 1361 genug, die Anakes, die ziemlich verschollene götter waren, erst recht. da baute
175 1359 1383 1395 man neben dem unterirdisch geführten Eridanos auf dem alten Theseusgrunde das
176 1399 1383 1443 gymnasium des Ptolemaios, weiter östlich das Diogenesgymnasium. wieder etliche
176 1440 1384 1482 generationen später ward das alte gewirr der buden durch den römischen markt
177 1480 1383 1519 mit seinen hallen und toren und der uhr ersetzt. endlich errichtete Hadrian seinen
178 1522 1383 1560 riesenbau weiter nördlich; da war der Eridanos schon ganz vergessen, und sein
177 1562 1383 1608 name spukte nur noch in den büchern. unter Theseion und Anakeion verstand man
177 1603 1384 1648 die tempel, den burgaufgang durch das Agraulion, den noch die Diogenesbriefe (30)
177 1650 759 1688 erwähnen, kannte man auch nicht mehr.
323 1686 1384 1725 Wenn eine legende den Theseus alle τεμένη, die er als lohn für den
178 1727 1384 1768 Kretazug erhielt, dem Herakles abtreten lieſs, so will sie freilich erläutern, wieso
178 1768 1386 1808 Herakles so viel, Theseus so wenig heiligtümer hat, und sie redet, wie sich für
179 1811 1386 1856 eine wirkungsvolle geschichte ziemt, ohne eine ausnahme zu gunsten des städtischen
179 1848 1386 1887 Theseions zu machen. aber deswegen beabsichtigt sie dies weder für ein altes
178 1889 1386 1930 Heraklesheiligtum noch für jung zu erklären. erst wenn die forschung sich auf die
178 1929 1387 1975 legende erstreckt, muſste man eins von beiden tun, die bestehenden Theseien für
177 1976 1387 2010 jung erklären, oder ausnahmen von der schenkung zugeben. wirklich ist Philochoros
178 2014 1385 2051 so verfahren (Plut. 35). er hat vier alte Theseien ausgenommen: wir werden ihm
178 2050 936 2085 folgen und das städtische vor allen darunter suchen.
