1600 2320
244 216 1368 260 Die beamten zerfallen nach der art ihrer bestellung in drei classen,
161 265 1370 308 auf vier jahre gewählte, auf ein jahr gewählte und erloste. so disponirt
160 312 1368 353 Aristoteles, zählt die unter die beiden ersten kategorien fallenden auf,
161 360 1366 404 beginnt aber mit der dritten. in ihr hat der rat den vortritt; es schlieſsen
161 410 1368 452 die neun archonten; dann klappen scheinbar nach die athlotheten (60).
160 459 1370 502 sie können an diese stelle nur gebracht sein, weil sie auf vier jahre erlost
160 509 1369 549 werden, um so den übergang zu der ersten classe zu bilden, den auf vier
155 554 1368 599 jahre gewählten, die cap. 43 vorab aufgezählt, also versprochen sind.
158 604 1368 648 in dem jetzigen zustande des buches ist dies versprechen nirgend erfüllt.
158 653 1367 692 wir sehen nun, wo die lücke ist, und zum glück verrät sie sich auch
159 702 1369 742 darin, daſs die restirende zweite classe, die auf ein jahr erwählten, mit
158 750 1368 794 χειϱοτονοῦσι δὲ καὶ (61) auf κληϱοῦσι δὲ καὶ folgt.  wir sind durch
159 798 1367 843 den ausfall um ein besonders wertvolles stück gekommen; zwar den
159 848 1368 891 beamten der die cura aquarum hatte , können wir zur not verschmerzen,
1309 142 1366 169 207
509 120 1015 166 Die einzelnen beamten; disposition.
302 940 1199 978 Wie diese ordnung den Pollux getäuscht hat, darüber cap. 9.
300 980 1369 1015 Dies hat mittlerweile auch Weil ausgeführt. Pollux hat den text nicht
159 1018 1370 1056 anders gelesen. sollte Aristoteles nicht mehr geschrieben haben, d. h. das buch nicht
158 1058 1368 1097 vollendet, so würde er gerade das capitel, das er ganz selbst schreiben muſste, sich
156 1095 1369 1131 aufgespart haben. denn eine erschöpfende instruction gerade dieser beamten dürfte
155 1135 482 1160 nicht bestanden haben.
299 1174 1368 1208 Da die wasserleitungen, auch wenn persönliche munificenz sie in der alten
156 1215 1368 1253 zeit vielleicht gestiftet hatte, immer öffentliche anlagen gewesen sein müssen, später
156 1255 1367 1293 nur aus gemeindemitteln angelegt und unterhalten werden konnten, im wasserrechte
156 1296 1367 1335 principiell der vorzug des öffentlichen interesses gegen das private durchgeführt
157 1337 1366 1374 werden muſste, auch die verteilung dieser lasten, bau sowol wie unterhaltung,
157 1378 1367 1413 auf die phylen untunlich war, so mag eine für Athen anomale einzelbehörde
157 1418 1367 1454 verhältnismäſsig früh geschaffen sein: aber wir haben leider keine sicherheit, wie
157 1460 1368 1494 wir auch vom wasserrecht nicht mehr wissen, als daſs es sehr alt und juristisch sehr
157 1501 1367 1538 merkwürdig gewesen ist (Demosth. gg. Kallikles lehrt ein bischen über vorflut,
157 1543 1367 1577 etwas mehr läſst erschlieſsen Plat. Ges. 844). ob Themistokles ὑδάτων ἐπιστάτης
159 1582 1367 1618 wirklich gewesen ist, wie die uncontrollirbare, aber gar nicht unglaubhafte anekdote
157 1619 1367 1660 bei Plutarch 31 sagt, und ob diese stellung der analog war, die Aristoteles vor
157 1665 1368 1701 augen hat, ob Μέτων ὁ τὰς κϱήνας ἄγων (Ar. Vög. 999) beamter oder bauunter-
158 1701 1368 1741 nehmer war, bleibt ungewiſs. — irgend ein komiker hatte den löwen, aus dessen
157 1744 1369 1786 maule das wasser rann, mit dem man die klepsydren füllte, κϱηνοφύλαξ genannt,
157 1782 1366 1829 und der erklärende grammatiker bemerkt, daſs für die füllung derselben ein ἐφ̕
157 1818 1369 1869 ὕδωϱ (τεταγμένος), den er nicht technisch ἐπιμελητής nennt, ausgelost ward,
158 1863 1370 1906 natürlich aus den heliasten. wir können das jetzt nach dem letzten teile des
157 1898 1371 1962 Aristoteles gut verstehn, wo vielleicht der mann auch vorkam. jener grammatiker
159 1946 1370 2009 bemerkte weiter, es hätte auch eine behörde κϱηνοφύλακες gegeben: vielleicht ist
159 1992 1370 2053 das das collegium, welches der einzelne κϱηνῶν ἐπιμελητής in lykurgischer zeit
158 2032 1369 2090 ersetzt hat (Poll. 8, 112 Phot. Hes. κϱηνοφύλακες). ein anderer komiker hatte die
252 2071 1368 2112 behörde, die dem publicum das wasser zu knapp zu geben schien, κϱηνάγχη ge-
