1600 2762
87 211 1463 263 Augen. Minder ſtark zu heidniſchartigen Vorſtellungen hinneigend,
88 285 1465 341 aber immerhin doch auch der ſpäteren Ueberſpannung der intellec-
88 354 1469 410 tuellen Vollkommenheit des Urſtands noch fern bleibend, erſcheint
88 433 1464 486 die Geneſisdichtung eines jüngeren Hilarius oder Pſeudo-Hilarius
88 506 1465 557 (5. Jahrh.) in ihren entſprechenden Partieen. „O du ſeliges Thier
87 580 1465 631 (animal), deß Vater die Rechte des Höchſten iſt‟ ꝛc., wird daſelbſt
88 650 1472 715 der neugeſchaffne Adam angeredet und ihm für den Fall des Be-
88 728 1464 780 harrens ohne Sünde verheißen, daß er „göttlichen Weſens‟ (numen)
88 801 1466 852 werden ſolle. Cl. Marius Victor von Maſſilia († um 450) redet
91 861 1467 927 allerdings in etwas ſtärkeren Ausdrücken von der Betrachtung der
93 948 1466 1001 beſeligenden Gottesgeheimniſſe, wozu die Menſchen im Unſchulds-
92 1022 1466 1074 ſtande des Paradieſes befähigt geweſen ſeien; aber noch zwei um
78 1089 1467 1147 mehrere Jahrzehnte jüngere Geneſisdichter: Dracontius (um 490)
95 1168 1467 1220 und Avitus um (500) heben lediglich die ſelige Unſchuld der Proto-
91 1241 1467 1293 plaſten hervor; die intellectuelle Vorzüglichkeit fehlt in den von
89 1313 1467 1367 ihnen gebotenen Schilderungen des Urſtandes. — Der ſpäteren
90 1387 1466 1440 kirchlichen Orthodoxie kam dieſe einfachere und naturgemäßere Be-
90 1462 1463 1514 trachtungsweiſe, wie aus dem früher von uns Mitgetheilten erhellt,
90 1526 1466 1589 mehr und mehr abhanden; und ſolche Verſuche zur Milderung des
90 1609 1467 1662 widernatürlich Ueberſpannten der ſcholaſtiſchen Lehren über Adams
91 1682 1467 1735 unbegrenztes Wiſſen, wie beiſpielsweiſe Toſtatus und Cajetan ſie
91 1754 1467 1808 wagten, halfen dem Uebelſtande in Wirklichkeit nicht ab, dienten
91 1828 1469 1881 vielmehr nur dazu, die Größe der eingetretenen Abirrungen von der
92 1899 1469 1956 nüchternen Schriftgrundlage um ſo anſchaulicher zu zeigen. — Erſt
76 1965 1469 2036 in der reformatoriſchen Theologie fand hie und da Rückkehr zu
93 2050 1469 2101 dieſem Grunde ſtatt und wurde demgemäß der Unterſchied zwiſchen
91 2123 1467 2176 paradieſiſcher Unſchuld oder urſprünglicher Gerechtigkeit einerſeits,
90 2190 1474 2251 ſowie zwiſchen phyſiſcher und intellectueller Vollkommenheit des im
92 2269 1470 2324 Urſtande befindlichen Menſchen andrerſeits, wieder ſchärfer wahr-
377 106 1173 148 I. Der Urſtand nach kirchlicher Ueberlieferung.
86 107 138 147 42
229 2380 1470 2426 Juvencus, Genes. v. 70: „Nec minus interea coecos nox alta
90 2447 333 2481 tenebat‟ etc.
224 2500 1471 2555 Siehe in Betreff dieſer altkirchlichen Geneſisdichter m. Geſch. der Bezie-
91 2574 539 2617 hungen ꝛc. I, 257—265.
