1600 2748
468 96 1160 139 VII. Der Urſitz des Menſchengeſchlechts.
112 202 1486 255 Affen ſein, die andre Hälfte aber ſtellt die Affen als entartete oder
112 277 678 328 verwilderte Menſchen dar.
223 349 1483 400 Schon in mehreren der bisher aufgezählten Hypotheſen wird
111 422 1484 473 an die Annahme eines doppelten oder mehrfachen Urſitzes des
117 496 1483 548 Menſchengeſchlechts geſtreift; ſo wenn Peſchel zwiſchen Afrika und
110 569 1486 622 Hinterindien als gleicherweiſe möglichen Ausgangspunkten menſch-
115 643 1485 694 licher Entwicklung ſchwankt, oder wenn Andre theils die Jndus-
111 717 1485 768 theils die Euphratlande als Urheerde der Culturbewegungen be-
112 791 1487 842 trachten und daher ein Ueberwandern der Sage aus den erſteren
112 865 1484 915 nach den letzteren ſtatuiren. Es iſt nur Ein Schritt von hier bis
112 937 1485 989 zur völligen Preisgebung der Ureinheit des Geſchlechts oder zur
113 1011 1485 1061 Statuirung zweier mehr oder minder von einander entlegener Urſitze.
117 1085 1484 1136 Der Coadamitismus iſt fertig, ſobald man bis zu einer ſolchen
112 1158 1486 1210 Annahme fortſchreitet; tritt aber obendrein die Vorausſetzung, daß
112 1231 1485 1283 das eine der beiden Adamitengeſchlechter eine geraume Zeit vor dem
110 1304 1486 1355 andren ins Daſein getreten ſei, noch hinzu, ſo ſteigert ſich das Ab-
111 1377 1486 1428 weichen von der bibliſchen Grundlage bis zum Präadamitismus,
114 1442 1484 1501 oder gar, falls eine Vielheit von Menſchenarten, nicht bloß Eine,
111 1524 1486 1575 als dem bibliſchen Adamsgeſchlecht vorausgehend gedacht wird, bis
112 1597 1483 1649 zum Polygenismus (polygeniſtiſchen Präadamitismus) oder Au-
113 1671 483 1720 tochthonismus.
221 1743 1485 1795 Es liegt nicht in unſrer Abſicht, auf die Geſchichte und Literatur
112 1817 1486 1867 dieſer neuen Reihe unbibliſcher Speculationen, wovon ſchon im
110 1890 1486 1940 Mittelalter einzelne Vorläufer auftraten und deren dann ſeit Theo-
112 1963 1484 2015 phraſtus Paracelſus, Cäſalpin und Jſaac de la Peyrère (1655)
115 2037 1488 2090 eine große Zahl und Mannigfaltigkeit ſich ausgebildet hat, hier
117 2109 1486 2162 näher einzugehen. Nur diejenigen neueren Theorien dieſer Art,
117 2184 1487 2252 welche auf den bibliſchen Bericht über Adam und das Paradies
1409 97 1484 136 231
255 2297 1490 2339 Tylor, a. a. O; auch A. Baſtian, Die Völker des öſtl. Aſiens, III,
116 2348 1206 2404 435, und: Die deutſche Exped. an der Loangoküſte II, S. 185.
258 2423 1489 2466 Siehe meinen Vortrag: „Peyrère’s Präadamiten-Hypotheſe‟, in der Ztſchr.
118 2476 1490 2530 für die geſ. luth. Theol. und Kirche 1878, I, 28 ff, und: Geſch. der Bezie-
119 2551 939 2594 hungen ꝛc. passim (beſ. I, 545 ff; II 768 ff.).
