1600 2748
106 227 1474 280 licher Funde ſchloß ſich an, welche die Poſition der hartnäckigen
99 299 1472 352 dogmatiſchen Leugner foſſiler Menſchenreſte aus Cuviers Schule mehr
105 371 1474 424 und mehr unhaltbar machten. Nirgends iſt ſeitdem mit größerem
107 446 1474 497 Enthuſiasmus der prähiſtoriſchen Wiſſenſchaft gehuldigt worden,
105 520 1474 571 nirgends hat das aus Dänemark ſtammende Schema der drei Zeit-
107 591 1471 643 alter (Stein-, Bronze und Eiſenzeit) bereitwilligere Gläubige gefunden,
107 665 1475 717 nirgends iſt man raſcher und unbedachtſamer vom Glauben an den
107 737 1452 789 quaternären zu dem an den tertiären Foſſilmenſchen fortgeſchritten!
107 810 1478 859 Mit dem „homme tertiaire‟ wird hier in alterthumsforſchenden
108 883 1476 933 Kreiſen vielfach ein faſt abgöttiſcher Cultus getrieben; es gibt
107 955 1475 1006 Fanatiker dieſes Cultus (de Mortillet ꝛc.), welche für die Annahme
108 1028 1477 1080 halb affen- halb menſchenartiger Bewohner Europas zur Pliocän-
111 1102 1479 1154 oder gar ſchon zur Miocänzeit wie für ein neues Evangelium Pro-
108 1175 1477 1227 paganda machen und bald die techniſchen Fertigkeiten bald die
111 1249 1479 1300 Geſchlechtsſitten dieſer ſprachloſen „précurseurs de l’homme‟ mit
109 1321 1478 1373 lebhafter Phantaſie auszumalen ſuchen. An beſonneneren Gegnern
110 1396 1481 1446 dieſer Extravaganzen fehlt es nicht. Noch proteſtirt de Quatre-
109 1468 1478 1519 fages dagegen, daß man aus den Skeletreſten und Artafacten von
111 1541 1456 1593 angeblich tertiärem Urſprung für den Darwinismus Capital ſchlage;
110 1613 1480 1664 noch erklärt eine bedeutende anatomiſche Autorität wie Broca den
110 1685 1480 1738 Tertiärmenſchen für ein einſtweilen noch unbewieſenes Problem.
109 1759 1476 1811 Auch entſchiednere Vertreter der Entartungstheorie, die in der Weiſe
108 1833 1478 1884 wie früher der edle franzöſiſche Schweizer de Rougemont die bibliſche
110 1905 1481 1958 Urgeſchichte mit archäologiſcher und religionshiſtoriſcher Gelehrſamkeit
110 1979 1478 2029 vertheidigen, hat das heutige Frankreich immer noch aufzuweiſen.
112 2052 1482 2103 Andre huldigen einer vermittelnden Richtung, indem ſie zwar betreffs
113 2126 1483 2177 der Altersfrage von der bibliſchen Autorität abweichen, ſonſt aber
1396 126 1473 165 145
359 121 1216 162 IV. Die Oppoſition des modernen Naturalismus.
176 2609 1286 2647 Zöckler, Urſtand. 10
246 2238 1481 2281 S. beſonders Meunier, Les ancêtres d’ Adam. Histoire de l’homme
108 2301 1349 2346 fossile. Paris 1875. Vgl. m. Geſchichte der Beziehungen ꝛc. II, 759 f.
245 2364 1484 2407 Gabr. de Mortillet, Le précurseur de l’homme. Lyon 1873. —
110 2427 1357 2470 Giraud-Teulon, Les origines de la famille. Par. 1874, u. ſ. f.
246 2489 1483 2534 J. Broca, Anſprache an die franz. Association Scientifique zu Havre,
115 2555 1481 2597 1877. — Vgl. A. de Quatrefages, das Menſchengeſchlecht ꝛc. Leipzig 1878.
