1600 2280
381 235 1371 273 Gauen, war die Aufnahme des Fremden, der als Gaſt oder her-
380 284 1398 322 komender Man in das Land trat, trotz der zur ſtrengen Pflicht
381 332 1397 372 gemachten Gaſtfreundſchaft , eigenthümlich. Der Fremde konnte,
381 381 1398 421 weil er ſich nicht in der Rechtsgenoſſenſchaft der Mark und Land-
381 431 1402 469 ſchaft befand, in welche er kam, im Grunde keinen Anſpruch auf
380 480 1398 519 ihren Schutz und Frieden machen.  Jn einzelnen Landſtrichen
382 529 1397 568 geriethen die Fremden in Unfreiheit, wenn ſie ſich über Jahr und
383 578 1399 617 Tag aufhielten.  Doch ſcheinen hier gerade in Rückſicht auf die
384 628 1399 667 öffentliche Ordnung und Sicherheit Unterſchiede gemacht worden
384 677 1399 716 zu ſein. Einmal hatte doch der Fremde die Befugniß, ſobald er
383 726 1397 765 gegen einen Gaubewohner eine Klage hatte, ſofortiges Recht,
383 774 1399 814 „Gaſtgericht, Notgericht“, zu fordern, damit er nicht in ſeiner
384 822 1399 862 Tageweide aufgehalten wurde.  Ferner hatte er, wenn er ſeine
384 872 1398 912 Reiſe offen und frei fortſetzte, im Walde ein Horn blies, um nicht
383 920 1399 961 für einen Dieb angeſehen zu werden, und ſich auf dem gebahnten
385 969 1396 1010 Wege hielt, das Recht, ungeſtraft Nahrung für ſich und ſein er-
384 1020 1397 1059 müdetes Pferd unterwegs zu nehmen , ſobald er keine menſch-
860 157 901 187 38
491 1136 1399 1166 Die Lex Burg., 38, 1, beſtraft den, der die Aufnahme des
387 1174 1011 1206 Fremden in ſein Haus weigert, mit drei Solidi.
492 1213 854 1242 Grimm, a. a. O., S. 397.
492 1252 1398 1283 Grimm, a. a. O., S. 399. Die Stelle der Lex salica, 48, 2,
384 1290 1399 1323 welche Grimm anführt, ſpricht allerdings das Gegentheil aus: „securus
385 1330 1399 1362 sicut alii vicini consistat“, und ſcheint in der That die einzige Stelle in
385 1366 1399 1401 dieſer Art zu ſein. Was heißt aber das „securus consistat“? Darf der
385 1408 1399 1439 Fremde als Freier im Gau bleiben, oder darf er frei abziehen? — Uebrigens
385 1447 1399 1478 bezweifelt Grimm, daß durch Niederlaſſung unter Freie jene Knechtſchaft ent-
387 1486 1398 1517 ſprungen ſei. Es ſcheint jedoch ſchon nach den Stellen S. 399 und 327
385 1526 899 1557 ein Unterſchied gemacht worden zu ſein.
492 1564 1373 1595 Grimm führt, a. a. O., S. 402, aus dem „Biſchweiler Weisthum“
378 1604 1400 1634 (1499) die Stelle an: „Jtem keme ein fremder man und begehrte ein not-
387 1642 1077 1675 gericht, dem ſoll man unverzogenliche gehorſam ſein.“
493 1681 1401 1714 z. B. zwei oder drei Garben Korn, drei Aepfel, vier Trauben; auch
386 1720 1402 1753 darf er fiſchen und die Fiſche an Ort und Stelle am Feuer ſieden, Zweige
387 1760 1401 1791 abhauen. Lex Visigoth., VIII., tit. 2, 3, ermahnt den Reiſenden zum vor-
388 1799 1402 1831 ſichtigen Umgehen mit Feuer und verpflichtet den Nachläſſigen zum Erſatz des
386 1838 1402 1869 durch Feuer angerichteten Schadens. Ebenſo darf nach tit. 4, 27, der Rei-
387 1877 1404 1909 ſende ſein Zugvieh nicht länger als zwei Tage auf offener Weide graſen
387 1916 1403 1948 laſſen u. ſ. w. So auch der „Sachſenſpiegel“ (lib. 2, art. 68): „Erliegt
