1600 2690
275 308 1481 357 ihrer Natur nach, nur zum Theil und nur in untergeordneter
276 360 1479 415 Weiſe zu den gauneriſchen Fertigkeiten zu zählen, da namentlich
275 427 1478 476 die unbefugte Anfertigung von Geld, bei der eigenthümlichen
278 486 1480 534 umſtändlichen Weiſe der Herſtellung des Geldes, und bei der ſehr
276 545 1480 596 genauen und ſtrengen Ueberwachung des Münzregals, eine fortge-
277 607 1479 655 ſetzte gewerbmäßige Betreibung des Falſchmünzens nicht behende
276 659 1478 715 genug macht, und daher nicht leicht thunlich und möglich, und im-
277 726 1477 774 mer zu gewagt, auch der Entdeckung zu ſehr preisgegeben iſt.
277 786 1477 834 Nur die Münzfälſchung, d. h. die täuſchende Veränderung
277 846 1477 893 echten Geldes, um dieſem einen höhern Werth zu geben durch
277 904 1480 953 Verſilberung oder Vergoldung, und die Verſilberung und Vergol-
276 963 1481 1014 dung von Zahl- oder Rechenpfennigen, um ſie als Silber- oder
278 1024 1480 1071 Goldſtücke auszugeben, oder die Entwerthung echten Geldes mit-
279 1084 1479 1132 tels Beſchneidung, Durchbohrung oder Aushöhlung, um dieſes ſo
278 1143 1479 1191 entwerthete Geld zu currentem Nennwerthe auszugeben, iſt Ge-
278 1203 1479 1252 genſtand der Gaunerkunſt, welche in dieſem Umfange mit den
277 1262 1429 1309 jüdiſch-deutſchen Ausdrücken Merammemooſſmelochnen
279 1322 1479 1368 oder Linkemeſummemelochnen  bezeichnet und von den
279 1381 1480 1430 Gaunern in großem Umfange und mit glücklichem Erfolge betrieben
278 1442 1480 1489 wird. Selbſt die plumpſte Art der Münzfälſchung, die leicht
278 1502 1480 1550 herzuſtellende Vergoldung echten Kupfer- oder Silbergeldes und
277 1561 1481 1608 deſſen Verausgabung als Goldgeld gelingt dem Gauner nur zu
279 1620 1482 1670 gut, obſchon der Werth des Stückes immer deutlich in der Präge
279 1680 1484 1730 angegeben iſt. Noch mehr glückt ihm die Verausgabung vergol-
845 213 924 251 212
277 1811 1485 1855 Verbrechens gegen öffentliche Treue und Glauben zu Grunde. Man vergleiche die
278 1854 1486 1902 Criminal-Geſetzbücher von Preußen, §. 121—124, 340; Oeſterreich, §. 118—
278 1909 1465 1946 121, 325, 329; Sachſen, §. 268—274; Baiern, §. 341—346, 428—431;
277 1956 1468 1996 Hannover, §. 200—204; Würtemberg, §. 206—215; Baden, §. 509—532;
277 2003 1485 2044 Heſſen-Darmſtadt, §. 204—217; Weimar, §. 260—268; Braunſchweig, §. 126—
277 2051 712 2088 129; Naſſau, §. 198—211.
406 2097 1467 2139 Von Meramme ſein ( [romo], er hat hingeworfen), betrügen;
362 2144 1484 2183 (mooss), baares Geld, und melochnen ( [melocho], die Arbeit),
278 2191 719 2231 machen, bereiten, bearbeiten.
406 2232 1486 2280 Meſummon, vom chaldäifirendem Stamme  (somman), im Piel
335 2287 1485 2326 (simmen), er hat zubereitet (zum Gericht citirt), zubereitet, baar, abgezählt,
279 2334 1464 2373 und  (mooss), Geld, und melochnen (vgl. Note 1), machen, arbeiten.
