1600 2622
62 272 1190 316 auch überall in Deutſchland aus der Praxis erkennen kann.
62 330 1232 378 Nur die praktiſchen Formen ſind, charakteriſtiſch, ein Gemeingut
61 388 1233 436 des deutſchen Gaunerthums geworden; eine ſchulmäßige discipli-
61 446 1232 492 nariſche Organiſation wie in England und Frankreich iſt nicht zu
60 503 1232 550 erkennen.  Kaum findet man irgendeinmal die Spur einer
62 561 1230 607 Claſſification, die aber auch immer nur roh und bedeutungslos
60 619 1233 665 iſt. So erhob, wie ſchon oben erwähnt, Krummfinger-Balthaſar
61 673 1232 722 einzelne Mitglieder in den Adelſtand, machte ſie zu Regierungs-
62 734 1232 779 räthen, Hofräthen, Amtmännern u. ſ. w., was jedoch wol nur
60 791 1229 839 eine bloße Nachahmung der Zigeuner war, die ihre Herzoge,
60 849 1228 895 Grafen u. ſ. w. hatten. Auch die Niederländiſche Bande hatte eine
60 907 1229 953 Claſſification, von der es in der „Geſchichte der Rheiniſchen Räu-
59 966 1228 1012 berbanden“, II, 10, heißt: „Zur erſten Klaſſe gehören die Chefs,
57 1022 1228 1069 die Anführer, die bei dem Raube zum Zeichen ihrer Würde  das
618 180 667 216 93
56 1148 1227 1188 Rougets und Griſons, ſowie die ſehr merkwürdige Vorrede zum „Schauplatz
56 1194 719 1231 der Betrüger“ (1687) intereſſante Auskunft.
179 1241 1228 1279 Auch das erſchwert die Verfolgung des Gaunerthums in Deutſchland
56 1285 1228 1323 außerordentlich. Man unterſcheidet meiſtens auf den erſten Blick an den
55 1331 1229 1370 Spuren des Verbrechens die Thätigkeit des geübten Gauners von der des
57 1377 1227 1415 „Wittſchen“ Verbrechers. Aber auf eine beſtimmte farbige Schule und
54 1423 1229 1462 Manier, von der man auf die Eigenthümlichkeit einer beſtimmten bekannten
55 1468 1226 1507 Gruppe ſchließen könnte, wird man ſelten oder gar nicht geleitet, es ſei denn,
55 1514 1227 1553 daß fremdländiſche Gauner Spuren ihrer Eigenthümlichkeit bei dem verübten
55 1560 1228 1599 Verbrechen hinterlaſſen und ſich dadurch gekennzeichnet hätten. Aus dieſer
53 1606 1227 1645 letztern Hinſicht werden aber auch häufig von geübten Gaunern jene Formen
54 1653 1152 1690 gewählt, um den Verdacht von ſich auf fremde Berufsgenoſſen zu lenken.
175 1697 1226 1735 Es iſt merkwürdig, daß ſeit dem Auftreten der Rothen und Schwarzen
53 1743 1225 1782 gegen das Ende des 14. Jahrhunderts und der dadurch veranlaßten Bekannt-
53 1789 1226 1827 machung des Raths zu Baſel keine Andeutung von einer Organiſation oder
53 1834 1224 1872 von Gaunermaximen gegeben wird, als nur die, welche jene Bekanntmachung
52 1881 1224 1919 enthält. Hundert Jahre ſpäter gibt Johannes Knebel, Sebaſtian Brant und
51 1927 1224 1963 der Liber vagatorum immer nur daſſelbe wieder, was der baſeler Rath pu-
51 1970 1225 2009 blicirt hat, und der Liber vagatorum mit ſeinem Plagiat der rotwelſchen
51 2016 1225 2055 Grammatik bleibt die beſchränkte Stereotype der Gaunerkunſt bis zum Ende
50 2063 1224 2101 des 16. Jahrhunderts, obſchon das Gaunerthum durch das Auftreten der umher-
49 2106 1224 2147 ſchweifenden Zigeuner ſeit 1417 ungemein an Beweglichkeit, Ausbreitung und
49 2152 506 2192 innerer Kunſt gewonnen hatte.
172 2200 1224 2238 Dieſe Auffaſſung iſt nicht richtig. Das Brecheiſen in den Händen
47 2245 1225 2283 der Balmaſſematten oder Bahnherrn iſt kein epitheton ornans, ſondern das
