1600 2590
309 274 1469 316 auf dem Lande und in den Städten durchaus noch nicht hin-
309 330 1471 374 reichend geſchützt, und ſelbſt die ſehr ſtrengen Kreisſchlüſſe  in
310 386 1471 432 Franken, Schwaben und am Rhein gegen die Gauner und Va-
311 443 1470 489 ganten reichten bei weitem zu dieſem Schutze nicht aus. Auch
311 499 1471 544 machte die allmählich beginnende Abſchaffung der Tortur das
312 555 1471 599 Gaunerthum nur noch dreiſter und zuverſichtlicher, da die Jnqui-
313 611 1472 658 ſiten bei hartnäckigem Leugnen um ſo ſicherer auf eine Entbin-
314 670 1006 712 dung von der Jnſtanz rechnen konnten.
401 725 1474 768 Durch alle dieſe Umſtände wurde dem Gaunerthum in ſeiner
316 781 1474 826 äußern Verbreitung und intenſiven Ausbildung ein ſehr bedeut-
316 836 1476 883 ſamer Vorſchub geleiſtet, und dadurch erklärt ſich der immer
314 893 1477 938 maſſenhafter anſchwellende numeriſche Jnhalt der allmählich auf-
314 951 1474 995 gekommenen Gaunerliſten  und die weitverbreitete, ſorgſam ge-
314 1007 1478 1052 pflegte Kunſt des Gaunerthums , die man überall mit ſtaunender
859 184 908 218 86
439 1173 1480 1210 Vgl. Malblank, a. a. O., S. 227, und dort die in Note c citirte Ab-
317 1218 1481 1255 handlung Malblank’s. Vgl. ferner in der Literatur: Steigerwald, „Res fur-
318 1263 495 1290 ciferorum.“
440 1308 1485 1344 Eine der älteſten gedruckten Gaunerliſten, nach der ſchon erwähnten
319 1352 1485 1388 Nürnberger Liſte von 1593, findet ſich in den „Gründlichen Nachrichten von
316 1396 1484 1433 entſetzlichen und erbärmlichen Mordthaten“ (1715); vgl. die Literatur. Auch
317 1440 1485 1478 erſchien 1728 zu Ludwigsburg ein Gaunerverzeichniß, deſſen Schäffer in ſeinem
344 1486 1482 1522 „Abriß des Jauner- und Bettelweſens in Schwaben“ (1793), S. 303,
320 1530 1486 1567 Erwähnung thut. Eine der intereſſanteſten Liſten enthält die „Actenmäßige
319 1575 1487 1612 Nachricht von einer zahlreichen Diebsbande“, nach den Angaben des Johann
319 1620 1486 1656 Andreas Mahr (Hildburghauſen 1753). Andere Liſten, namentlich ſchwäbi-
319 1664 1486 1701 ſcher Gauner, findet man bei Schäffer, a. a. O., S. 471 fg. und S. 596 fg.
320 1708 1488 1745 Noch zahlreichere Liſten ſeit 1758 führt Pfiſter an im „Nachtrag zu der ac-
321 1753 1488 1790 tenmäßigen Geſchichte der Räuberbanden“ (Heidelberg 1812), S. 75 fg.
321 1798 1489 1835 Eine der neueſten iſt die Badiſche, auf Verfügung des Miniſteriums zu
319 1843 1489 1880 Karlsruhe 1827 gedruckte und 129 Perſonalbeſchreibungen enthaltende Gau-
321 1888 1490 1925 nerliſte. Vgl. die Literatur auch in Beziehung auf die neuern Gaunerver-
321 1931 1490 1969 zeichniſſe bei Grolman, Chriſtenſen, Schwencken, Thiele u. ſ. w. Von
320 1976 1489 2017 dem nur ſehr relativen Nutzen ſolcher Gaunerliſten ſagt Pfiſter, a. a. O.,
321 2021 1490 2056 S. 140 u. 141, ein treffendes Wort, das noch mehr an Bedeutſamkeit ge-
323 2066 1492 2102 winnt, wenn man damit in Verbindung bringt, was er S. 203 über den
323 2110 1491 2148 Vagantenſchub ſagt. Wie fehlt auch noch heute der wahre feſte Zuſammen-
324 2155 736 2191 halt der Sicherheitsbehörden!
446 2199 1495 2237 Nach den Geſtändniſſen des 1745 zu Hildburghauſen hingerichteten
