1600 2707
113 317 1333 366 Unternehmens, der die Rollen austheilt, die weſentlichſte Thätig-
113 378 1332 425 keit übernimmt und die Beute vertheilt. Da aber dieſe Leitung
114 439 1332 488 eine genaue Kenntniß des Orts und der Gelegenheit vorausſetzt,
115 499 1334 548 ſo hat Baldower auch ganz beſonders die Bedeutung des Aus-
115 560 1335 608 ſpähers, Kundſchafters erhalten, und baldowern bedeutet daher
115 620 1333 670 vorzüglich eine Diebſtahlsgelegenheit ausſpähen, erkunden und
116 679 1336 727 den Gaunern mittheilen. Zu dieſer Bedeutung iſt der Ausdruck
115 739 1336 788 „baldowern“ ſo weſentlich übergegangen, daß für den primitiven
117 800 1292 851 Begriff des Baldowers der eigene Name Balmaſſematten
116 860 1335 909 (von , Baal, und  Maſſo Umattan, Diebſtahl,
114 921 1335 968 Diebſtahlsobject, als Herr, Leiter und Ordner des Diebſtahls,
115 980 1334 1030 Anführer der Genoſſenſchaft und Vertheiler der Beute) aufgekom-
116 1041 1336 1089 men iſt, und Baldower  jetzt nur noch den Ausſpäher, Gelegen-
115 1102 748 1149 heitsmacher zum Stehlen bedeutet.
204 1161 1337 1209 Das Baldowern iſt die Einführung der praktiſchen Gauner-
117 1221 1314 1268 kunſt in das Verkehrsleben. Es iſt der feinſte Theil der Kunſt;
117 1282 1337 1330 es iſt die Pſychologie und Logik der Gaunerei, die beobachtet und
117 1343 1339 1390 Schlüſſe zieht, um dann handeln zu können. Eine genaue Kennt-
115 1401 1338 1450 niß der Oertlichkeit, der Perſonen und Verhältniſſe, des Terrains,
117 1463 1340 1510 auf dem der Gauner ſeine verderbliche Thätigkeit entwickeln will,
115 1522 1339 1572 iſt daher ſeine erſte Aufgabe. Schon del Rio, an der ſchon an-
115 1584 1340 1632 geführten Stelle, wundert ſich über den Zigeunerhäuptling, den
114 1643 1341 1692 er in Spanien traf, welche genaue Kenntniſſe aller Perſonen
113 1703 1341 1752 und Verhältniſſe, aller Hülfsquellen und aller Schlupfwinkel
674 221 761 259 107
115 1852 1342 1891 wieder beide Begriffe auf, und überſetzt: „ein Mann von der Sache, Ange-
115 1900 1342 1937 ber, Director oder Anſtifter der Diebſtähle“ u. ſ. w. Seit den Niederländi-
114 1947 1343 1986 ſchen Banden ſteht aber der Sprachgebrauch feſt, daß der Baldower nur der
115 1994 885 2034 Auskundſchafter, Diebſtahlsgelegenheitsmacher iſt.
243 2043 1344 2082 Jm gleichen Sinne wird auch das Wort Bahnherr (corrumpirt
113 2090 1342 2130 Bohnherr) gebraucht, d. h. der Führer, der die Bahn bricht, das weſent-
115 2137 537 2175 lichſte thut beim Diebſtahl.
245 2186 1343 2224 Vollkommen gleichbedeutend mit baldowern iſt noch der Ausdruck aus-
111 2233 1344 2274 kochen, richtiger wol auskochemen, von Chochom; ein ausgekochter
110 2280 1343 2321 Maſſematten iſt gleich dem baldowerten Maſſematten, ein vollſtän-
112 2328 1345 2367 dig ausgekundſchafteter Diebſtahl. Auch wird auskochen noch ſpeciell für
112 2375 1343 2416 Blindemachen gebraucht. Vgl. weiter unten, und Thiele, a. a. O., I, 228.
