1600 2606
330 253 1506 300 heſſiſchen, Paderbornſchen und Lippeſchen Jtzig Muck (der alte
331 310 1506 356 Muck, auch Jtzig Schnut) und Leyſer Polack, beide alte Nieder-
332 366 1504 412 länder und Neuwieder; ebenfalls im Heſſiſchen Mendel Polack,
331 423 1504 470 im Hanauiſchen und Fuldaiſchen Süskind Bockenheim, der ſchon
331 480 1503 525 bei den Niederländern eine große Rolle ſpielte; in Oberheſſen und
331 536 1503 582 Niederheſſen, Schwarzburgiſchen, Sachſen, Baiern, Fuldaiſchen,
331 594 1504 641 Hannöveriſchen die große Bande unter den Gebrüdern Nikolaus
334 651 1503 696 und Georg Harting; im Braunſchweigiſchen, Paderborniſchen
333 708 1503 751 und Fuldaiſchen, in Kurheſſen, im Darmſtädtiſchen und Weſt-
335 764 1503 810 fäliſchen die Diemelbande, gewöhnlich die Niederheſſiſche ge-
333 820 1501 865 nannt, unter Liborius Pollmann ; im Heſſiſchen und Waldecki-
333 878 1500 922 ſchen die Bande des Konrad Koch (Eyer Heinrichs Konrad, auch
334 934 1501 979 Schinderhannes genannt); ebendaſelbſt die Lumpenſammler-
333 991 1501 1037 bande unter Anton Röttcher und Bartel von der Velde; im Han-
334 1047 1499 1092 növeriſchen die kleine, aber furchtbare Bande des Joh. Konrad
335 1105 1500 1151 Dominicus Klapproth, und die Hadeler Bande unter den
336 1162 1499 1207 Gebrüdern Heinrich und Dietrich Hilgen und Joh. Heinr. Köſter ;
337 1211 1499 1261 in der Kurmark hauſte die Räuber- und Mordbrennerbande des
336 1275 886 1321 Johann Chriſtoph Peter Horſt.
425 1332 1502 1376 Mit einem beinahe verzweifelten Eifer wurde der Kampf
338 1389 1499 1435 gegen das freche Räubergeſindel aufgenommen, und der Energie
336 1446 1498 1491 und Ausdauer, welche die Behörden bewieſen, gelang es, dem Un-
339 1502 1499 1546 weſen einigermaßen Einhalt zu thun. Vor allem waren die Ge-
338 1558 1498 1602 richtshöfe zu Marburg, woſelbſt innerhalb ſechs Jahren die
340 1614 1497 1660 Hauptführer von fünf großen Räuberbanden verurtheilt wurden,
340 1670 1496 1716 ſowie die zu Kaſſel, Heiligenſtadt, Hannover, Darmſtadt, Gießen,
339 1727 1497 1772 Heidelberg und in den ehemaligen franzöſiſchen Rheindepartements
341 1784 1498 1830 thätig, wo unter anderm in Mainz die Unterſuchungen gegen
869 163 943 198 112
461 1906 1403 1944 Vgl. die in der vorige Note citirte „Anklageurkunde u. ſ. w.“
415 1951 1125 1988 Vgl. Bauer, „Strafrechtsfälle“, I, 459 fg.
462 1996 1498 2032 Fünfundvierzig Städte und Dörfer wurden von Horſt mit Brand-
341 2040 1498 2077 ſtiftung heimgeſucht; zehn Menſchen büßten dabei ihr Leben ein. Vgl. Her-
341 2085 1498 2122 mann, „Kurze Geſchichte des Criminalproceſſes wider den Brandſtifter J. Ch. P.
342 2129 1497 2168 Horſt und deſſen Geliebte, die unverehelichte Friederike Luiſe Chriſtiane Delitz“
344 2173 562 2207 (Berlin 1818).
