1600 2700
323 334 1513 380 der Kaltherzigkeit und Fühlloſigkeit annimmt. Jn der maſſenhaft
324 393 1512 440 gedrängten Bewegung der großen Städte, namentlich Englands
323 453 1513 497 und Frankreichs, in welchen der Taſchendiebſtahl beſonders ſeine
324 512 1514 560 Rechnung findet, tritt jene Abgeſchloſſenheit gegen alles Fremde
323 571 1515 618 am ſichtbarſten hervor, ſodaß der Unbekannte nirgends verlaſſener
323 631 1514 678 iſt, als mitten in der großen Maſſe von Menſchen um ihn herum.
322 679 1478 737 Aber auch einen ganz entſchiedenen Einfluß auf die Kleidung
324 750 1516 796 und deren Schnitt und Taſchen hat von jeher der Taſchendiebſtahl
323 810 1517 857 geübt. Jn früherer Zeit, wo die Taſchen nicht in der Kleidung
324 869 1517 916 befeſtigt waren, ſondern an Riemen und Bändern über die Schul-
325 928 1517 976 tern oder Bruſt, oder um den Leib getragen wurden, konnten die
323 988 1519 1034 Beutelſchneider oder Schnapphähne  mit einem kurzen Ruck oder
322 1047 1517 1095 Schnitt im haſtigen Laufe ſich der ganzen Taſche leicht bemäch-
322 1107 1519 1154 tigen. Seitdem die Taſchen aber an und in der Kleidung be-
324 1166 1520 1214 feſtigt ſind, iſt der Kunſt eine ſchwierigere Aufgabe geſtellt, die aber
322 1225 1520 1272 immer mit täglich neuen Kunſtgriffen, oft zum ſchweren Nachtheil
324 1284 1517 1332 für Geſundheit und Leben  des Beſtohlenen, gelöſt wird, da zum
323 1343 1520 1396 Aufſchlitzen und Abſchneiden der ſichernden Taſchen vielfach auch
324 1403 1521 1450 ſcharfe Scheren und Meſſer in Anwendung kommen, wie denn
322 1463 1522 1511 auch zum Durchſchneiden der feinen Uhr- und Halsketten kleine
868 239 964 283 226
450 1619 1525 1657 Vgl. die treffliche Darſtellung von Guſtav Klemm, „Allgemeine Cul-
321 1659 1527 1704 turgeſchichte der Menſchheit“, IX, 100—116. So auch Hüllmann, „Städte-
321 1712 901 1752 weſen des Mittelalters“, IV, 134 fg.
448 1760 1528 1798 Erſt gegen Ende des 17. Jahrhunderts ſcheint der Ausdruck Schnapp-
321 1807 1531 1845 hahn für Taſchendieb gebräuchlich geworden zu ſein. Die urſprüngliche
321 1853 1531 1892 Bedeutung iſt wol eine andere geweſen. Den älteſten Nachweis, den ich
319 1901 1534 1938 finden konnte, gibt Kaspar von Stieler (der Spaten) in ſeinem „Teutſchen
319 1948 1534 1986 Sprachſchatz“ (1691), woſelbſt er S. 749 ſagt: „Schnapphähne dicuntur
319 1995 1534 2032 rustici sylvarum recessus occupantes atque in transeuntes milites sae-
319 2041 1535 2079 vientes“, alſo etwa Buſchklepper. Jm Niederdeutſchen heißt Snap-haan eine
318 2085 1534 2127 Flinte, Flintenbüchſe, und danach auch, wie Kramer, a. a. O., I, 353, anführt,
317 2135 1536 2175 „ein Räuber mit einer Flinte zu Kriegszeiten“, alſo ziemlich übereinſtimmend
318 2183 501 2212 mit Stieler.
447 2228 1538 2268 So erzählt Smith, a. a. O., S. 710, daß der berüchtigte Simon
318 2275 1539 2313 Fletſcher einmal einen Landmann auf der londoner Brücke, welcher auf ſeinen
318 2322 1538 2362 Stock vorn übergelehnt, mehreren Sängern zuhörte, gänzlich verſtümmelte, als
319 2369 1266 2407 er ihm die Geldtaſche vor dem Beinkleid wegſchneiden wollte.
