1600 2311
114 216 1139 259 gen Behörden kargen noch immer nicht mit dieſer Bezeichnung.
114 266 1141 307 Als die Juſtiz zu Anfang des vorigen Jahrhunderts die Jauner
115 318 1141 361 zu verfolgen anfing und zahlreiche Jaunerliſten verbreitete, waren
114 368 1140 409 die Verfolgten eben dieſelben Verbrecher, welche in den Augen
113 419 1140 460 des Volks für Zigeuner galten, aber nicht die eigentlichen Je-
113 469 1140 509 dioner (Juner, Joner, Jauner), deren Wiſſenſchaft theilweiſe,
113 520 1140 560 wie die Chiromantie, Metopoſkopie, Oniromantie u. ſ. w. noch
112 570 1142 611 immer in Anſehn und Achtung blieb und ſogar noch bis gegen
112 621 1141 661 die Mitte des vorigen Jahrhunderts auf deutſchen Univerſitäten
113 663 1142 714 gelehrt wurde. Bei jener Verwechſelung ging auch die weſent-
113 722 1142 763 liche Unterſcheidung zwiſchen Jauner und Gauner verloren,
114 772 1143 812 und wo der Unterſchied gefühlt wurde, da machte ſich wieder die
116 823 1143 863 Verwechſelung des G mit dem J in der provinziellen Ausſprache
116 873 1046 914 geltend, und die Schreibung Jauner blieb die herrſchende.
191 923 1142 964 Erſt ſeit Grellmann  die Zigeuner als ethnographiſche Er-
114 974 1142 1015 ſcheinung auffaßte und als ſolche ſpecifiſch aus dem Vaganten-
114 1025 1143 1065 haufen abſchied und darſtellte, findet man die Bezeichnung Gau-
113 1075 1142 1116 ner mit Beſtimmtheit hervortreten, obſchon Grellmann durchaus
113 1126 1142 1167 nichts zur etymologiſchen Aufklärung des Wortes Zigeuner ge-
113 1177 1143 1217 than hat. Jndeſſen brachte er doch die vortreffliche Diſſertation
111 1227 1142 1267 des Chriſtian Thomaſtus (1622 — 1684) in Erinnerung ,
114 1277 1143 1317 welche in §. 4 und 5 alle deutſchen und lateiniſchen Benennungen
113 1327 1142 1368 der Zigeuner aufführt, nämlich: Zeugeuner, Ziegeiner, Zie-
114 1378 1142 1419 geuner, Ziegeyner, Zigauner, Zigeiner, Zigeuner, Zü-
113 1429 1108 1469 geuner, Zygäner, Zygeinner, Zyginer, und: Attingani
618 133 638 167 9
221 1547 1142 1580 „Die Zigeuner. Ein hiſtoriſcher Verſuch“ (Deſſau und Leipzig
113 1589 197 1619 1783).
222 1628 1142 1660 „Dissertatio de Cingaris etc.“ Sie iſt auch in Mieth’s „Deliciarum
112 1668 1139 1700 manipulus“ (Dresden und Leipzig 1703) recht gut in das Deutſche überſetzt.
222 1706 1142 1741 Wie die Zigeuner dazu gekommen ſind, einerlei Namen mit den häre-
112 1747 1142 1781 tiſchen Attinganern zu führen, erläutert Thomaſius ſelbſt aus dem gleichen
111 1786 1141 1821 Klange des griechiſchen ἀϑιγγανοι und Cingani. Bekanntlich ſprechen die Neu-
112 1827 1141 1860 griechen das ϑ dem engliſchen th ähnlich aus. Daraus iſt überhaupt die
112 1866 1141 1906 leichtfertige Verwechſelung des ἀϑιγγανος mit Cinganus entſtanden. Aehnlich
113 1907 1141 1940 wird auch von den heutigen Juden das  in der Mitte und am Ende eines
114 1946 539 1980 Wortes wie ſ (s) ausgeſprochen.
