1600 2592
331 283 1498 331 Auffallende des Umſtandes, daß Neuwied gleich Eckderoth und
331 341 1497 386 Romsthal einen ſo langen und ſichern Zufluchtsort bieten konnte,
328 397 1498 442 erklärt ſich aus der Leichtfertigkeit, mit welcher Fremden aller Art
329 453 1496 500 ohne Legitimation das Recht der Niederlaſſung eingeräumt wurde,
327 510 1496 556 und daraus, daß pflichtvergeſſene Beamte, welche das Geſindel
327 567 1495 614 hätten verſcheuchen oder einfangen ſollen, geradezu gemeinſchaft-
328 624 1495 670 liche Sache mit ihm machten und von ſeinen Räubereien klingende
329 679 1494 726 Vortheile zogen.  Als endlich von außen her in Reuwied ernſt-
327 737 1492 783 liche Anſtalt zur Verfolgung der Räuber gemacht und Picard
325 793 1492 841 nebſt Aumüller, Wolf und Ruben Simon gefangen war, zog die
325 850 1490 899 Bande ſich aus Neuwied und deſſen Umgebung weg, theils ge-
325 907 1490 952 ſellte ſie ſich zur Eſſendiſchen Bande, theils zu der des Schinder-
325 964 1489 1008 hannes , theils zerſtreute ſie ſich tiefer nach dem Jnnern Deutſch-
326 1021 1489 1065 lands hinein. Lange Zeit blieben jedoch die Räuber mit Neuwied
323 1077 1488 1122 noch in Verbindung.  Von der ſo vervollſtändigten Eſſendi-
322 1132 1487 1179 ſchen Bande wurden wieder eine Menge Räubereien  ausgeübt,
870 193 943 230 108
321 1274 1486 1312 bei Puderbach (S. 225), unweit Kaſſel, wo in das Zimmer einer Leichenwache
321 1319 1486 1356 eingebrochen wurde (S. 229); bei St.-Goarshauſen (S. 232); im Poſthauſe
320 1364 1485 1401 zu Langenfelde, wobei der Poſtwagen zwiſchen Deutz und Elberfeld um
319 1409 1484 1445 50,000 Livres beraubt wurde (S. 262); zu Safſerhof (S. 264); auf dem
320 1453 1483 1490 Düdeling, wo der ſchändlichſte Mordbrand verübt wurde (S. 271); zu Nieder-
320 1498 1483 1534 Seelheim (S. 302); zu Breitenau (S. 309): zu Hilſcheid (S. 319); im
320 1542 1483 1579 Poſthauſe zu Würges, in Gemeinſchaft mit der Bande des Schinderhannes
320 1587 1157 1622 (S. 325); auf der Klincke bei Köln (S. 331), u. ſ. w.
441 1632 1478 1668 Vgl. „Actenmäßige Geſchichte der Rheiniſchen Räuberbanden“, II,
319 1678 507 1713 189, 295 fg.
440 1721 718 1754 a. a. O., S. 355.
438 1766 1476 1803 Eine der merkwürdigſten Räuberthaten iſt der a. a. O., S. 357, er-
314 1811 1476 1849 zählte Streich, den Picard, Fetzer und Ruben Simon dem Eſſender Lang-
316 1855 1477 1891 leyſer und Conſorten ſpielte, die jene nicht Antheil an einem Raube bei einem
314 1900 1477 1937 Bankier im Münſterſchen nehmen laſſen wollten, und denen zum Aerger Picard
315 1945 1477 1981 mit ſeinen Geſellen vorher eine Reihe übermüthiger Räubereien in derſelben
314 1989 1477 2026 Gegend beging, um die ganze Gegend zu alarmiren, was jene wieder mit
314 2035 1476 2071 gleicher Münze bezahlten, unbekümmert um die Gefahr, in welche beide riva-
315 2079 1476 2115 liſirende Parteien einander brachten. Kaum mag wol irgendetwas die Ver-
314 2124 1474 2159 wegenheit und Sicherheit der Räuber treffender charakteriſiren, als dieſer ver-
313 2168 588 2202 meſſene Uebermuth.
439 2212 1473 2250 Die merkwürdigſten ſind der Raub zu Hukum bei Kaiſerswerth,
