1600 2280
351 219 1354 257 eine Menge Beſtimmungen in Bezug auf die Juden und ihr reli-
352 267 1355 307 giöſes und bürgerliches Treiben. Ueber dieſe Capitularien wird
351 317 813 356 ſpäter noch geſprochen werden.
427 366 1357 403 Man ſieht aus dieſen Vorſchriften, wie tief und wie ſchon
351 415 1356 454 ſeit langer Zeit die Juden in das Leben und Treiben der occi-
350 463 1356 504 dentalen Länder eingedrungen waren, und wie feſt ſie ſich darin
351 513 1358 552 geſetzt hatten. Dieſe Einbürgerung erklärt ſich aber, neben der
350 562 1357 601 unverwüſtlichen Betriebſamkeit und Regſamkeit des jüdiſchen Volks,
351 612 1358 651 aus der großen Begünſtigung, welche den Juden überhaupt in
350 660 1357 698 den erſten Jahrhunderten der chriſtlichen Zeitrechnung von den
352 709 1356 748 römiſchen Kaiſern zu Theil wurde , wie das aus Cod. Theod.
350 759 1357 796 de Judaeis L. 2 — 9, 13, 22, 24, deutlich hervorgeht, bis der
351 808 1357 845 orthodoxe chriſtliche Eifer des Arcadius (398) in Cod. de Judaeis
350 857 1357 895 et coelicolis, L. 8. 1, 8, den Juden die bisherigen Privi-
350 906 1356 945 legien der Autonomie und der eigenen Civiljurisdiction nahm.
351 955 1357 994 Später beſchränkte Juſtinian die Juden noch mehr  und ſtellte ſogar
349 1004 1356 1042 die Ehe zwiſchen Juden und Chriſten dem Jnceſt und Ehebruch
351 1054 1357 1093 gleich.  Dies war die Grundlage, auf welcher die ganze chriſt-
352 1102 1356 1142 liche Geiſtlichkeit, trotz der anfänglichen eigennützigen Protection
351 1152 1357 1190 der Juden von Seiten einzelner Päpſte und auch der fränkiſchen
350 1201 1356 1243 Könige, die Verfolgung der Juden begann, bis unter den Karo-
352 1250 1356 1289 lingern die Juden zu Kammerknechten gemacht wurden.  Die
350 1299 1356 1338 ſpätere jähe Begeiſterung der Kreuzzüge fachte die Abneigung gegen
830 139 872 170 22
456 1445 1117 1474 Frappant iſt die Stelle bei Juvenal. Sat. 14, 19:
487 1484 1119 1508 Nunc sacri fontes nemus et delubra locantur
484 1523 1174 1554 Judaeis, quorum cophinus foenumque suppellex.
456 1570 776 1598 L. 18, L. 1. Cod. cit.
455 1616 1355 1647 L. 6. Cod. cit. Vgl. hierzu im zweiten Theile des Decret. Grat.,
351 1656 859 1685 c. 28, quaest. I, beſonders c. 10—17.
455 1702 1356 1733 Sehr naiv ſagt der „Schwabenſpiegel“ (Kap. 146, §. 4): „Die Jüden
349 1740 1355 1772 gab der Künig Titus zu eigen in des Künigs Kammer, davor ſollen ſy noch
349 1778 1355 1811 des Riches Knecht ſin, und er ſoll ſy auch ſchirmen.“ Gleichnaiv ſagt der
350 1817 1355 1849 „Sachſenſpiegel“ (L. 3, a. 7): „Dieſen Königsfrieden erwarb Joſephus den
349 1850 1356 1889 Jüden gegen dem Könige Vespaſiano, da er ſeinen Sohn Titum geſund machete
349 1895 548 1926 von der Gicht.“
