<?xml version="1.0" encoding="UTF-8"?>
<PcGts xmlns="http://schema.primaresearch.org/PAGE/gts/pagecontent/2019-07-15" xmlns:xsi="http://www.w3.org/2001/XMLSchema-instance" xsi:schemaLocation="http://schema.primaresearch.org/PAGE/gts/pagecontent/2019-07-15 http://schema.primaresearch.org/PAGE/gts/pagecontent/2019-07-15/pagecontent.xsd">
<Metadata>
<Creator>regJS2PAGE.py</Creator>
<Created>2021-02-16T10:47:11.496875</Created>
<LastChange>2021-02-16T10:47:11.496875</LastChange>
</Metadata>
<Page imageFilename="tmp/avelallemant_gaunerthum01_1858_0057.png" imageWidth="1600" imageHeight="2312">
<TextRegion id="block_0" custom="structure {type:body;}">
<Coords points="98,227 98,270 80,279 80,322 99,330 99,370 99,380 99,421 98,431 98,471 98,481 98,522 98,532 98,572 98,582 98,623 97,633 97,672 98,682 98,723 97,733 97,773 98,784 98,823 99,834 99,874 99,884 99,925 98,928 98,975 97,985 97,1026 96,1035 96,1076 96,1086 96,1132 96,1137 96,1179 95,1188 95,1228 1129,1228 1129,1188 1128,1179 1128,1137 1129,1132 1129,1086 1128,1076 1128,1035 1128,1026 1128,985 1129,975 1129,928 1130,925 1130,884 1130,874 1130,834 1129,823 1129,784 1130,773 1130,733 1130,723 1130,682 1130,672 1130,633 1131,623 1131,582 1131,572 1131,532 1130,522 1130,481 1129,471 1129,431 1130,421 1130,380 1128,370 1128,330 1130,322 1130,279 1129,270 1129,227 98,227"/>
<TextLine id="line_0">
<Coords points="98,231 263,231 284,227 356,227 377,230 433,230 454,230 607,230 627,230 777,230 798,230 920,230 941,232 996,232 1017,232 1069,232 1089,233 1129,233 1129,262 1089,262 1069,268 1017,268 996,261 941,261 920,268 798,268 777,270 627,270 607,262 454,262 433,260 377,260 356,268 284,268 263,268 98,268 98,231"/>
<Baseline points="98,268 263,268 284,268 356,268 377,260 433,260 454,262 607,262 627,270 777,270 798,268 920,268 941,261 996,261 1017,268 1069,268 1089,262 1129,262"/>
<TextEquiv><Unicode>Konſtantin ſchon eine entwickelte Hierarchie vorfand, und daß die</Unicode></TextEquiv>
</TextLine>

<TextLine id="line_1">
<Coords points="80,282 152,282 174,280 337,280 355,281 412,281 433,280 578,280 602,281 647,281 671,280 751,280 777,279 959,279 984,281 1130,281 1130,313 984,313 959,317 777,317 751,318 671,318 647,311 602,311 578,311 433,311 412,311 355,311 337,319 174,319 152,322 80,322 80,282"/>
<Baseline points="80,322 152,322 174,319 337,319 355,311 412,311 433,311 578,311 602,311 647,311 671,318 751,318 777,317 959,317 984,313 1130,313"/>
<TextEquiv><Unicode>alte Einfachheit und Lauterkeit der erſten apoſtoliſchen Gemeinde</Unicode></TextEquiv>
</TextLine>

<TextLine id="line_2">
<Coords points="99,331 174,331 194,330 280,330 300,340 331,340 351,330 466,330 487,339 627,339 647,337 715,337 738,331 783,331 804,331 856,331 872,330 1069,330 1083,332 1128,332 1128,369 1083,369 1069,369 872,369 856,361 804,361 783,361 738,361 715,368 647,368 627,370 487,370 466,362 351,362 331,368 300,368 280,370 194,370 174,368 99,368 99,331"/>
<Baseline points="99,368 174,368 194,370 280,370 300,368 331,368 351,362 466,362 487,370 627,370 647,368 715,368 738,361 783,361 804,361 856,361 872,369 1069,369 1083,369 1128,369"/>
<TextEquiv><Unicode>ſchon längſt zu Grunde gegangen war, als das Chriſtenthum ſich</Unicode></TextEquiv>
</TextLine>

<TextLine id="line_3">
<Coords points="99,384 148,384 173,380 241,380 271,382 335,382 366,380 547,380 578,381 685,381 695,382 718,382 768,381 828,381 855,380 954,380 985,383 1130,383 1130,420 985,420 954,412 855,412 828,411 768,411 718,417 695,417 685,421 578,421 547,419 366,419 335,413 271,413 241,421 173,421 148,412 99,412 99,384"/>
<Baseline points="99,412 148,412 173,421 241,421 271,413 335,413 366,419 547,419 578,421 685,421 695,417 718,417 768,411 828,411 855,412 954,412 985,420 1130,420"/>
<TextEquiv><Unicode>den Weg nach Deutſchland bahnte.  Die Gaben chriſtlicher</Unicode></TextEquiv>
</TextLine>

<TextLine id="line_4">
<Coords points="98,431 169,431 189,433 245,433 266,431 490,431 510,441 547,441 568,432 609,432 634,431 727,431 752,440 782,440 809,431 933,431 957,434 1002,434 1022,432 1129,432 1129,470 1022,470 1002,462 957,462 933,469 809,469 782,469 752,469 727,470 634,470 609,463 568,463 547,462 510,462 490,471 266,471 245,462 189,462 169,462 98,462 98,431"/>
<Baseline points="98,462 169,462 189,462 245,462 266,471 490,471 510,462 547,462 568,463 609,463 634,470 727,470 752,469 782,469 809,469 933,469 957,462 1002,462 1022,470 1129,470"/>
<TextEquiv><Unicode>Liebe und Barmherzigkeit an die Kirche zu Gunſten der Armen,</Unicode></TextEquiv>
</TextLine>

<TextLine id="line_5">
<Coords points="98,482 189,482 209,483 253,483 273,482 367,482 388,481 547,481 568,482 632,482 653,483 712,483 726,481 856,481 876,483 922,483 935,481 1038,481 1059,483 1130,483 1130,513 1059,513 1038,520 935,520 922,513 876,513 856,512 726,512 712,512 653,512 632,519 568,519 547,519 388,519 367,522 273,522 253,513 209,513 189,520 98,520 98,482"/>
<Baseline points="98,520 189,520 209,513 253,513 273,522 367,522 388,519 547,519 568,519 632,519 653,512 712,512 726,512 856,512 876,513 922,513 935,520 1038,520 1059,513 1130,513"/>
<TextEquiv><Unicode>welche der heilige Ambroſius nach dem Vorbilde der Apoſtel drin-</Unicode></TextEquiv>
</TextLine>

<TextLine id="line_6">
<Coords points="98,534 163,534 199,532 347,532 377,533 496,533 527,539 619,539 654,533 731,533 767,533 807,533 842,533 900,533 925,532 1029,532 1055,533 1131,533 1131,563 1055,563 1029,563 925,563 900,563 842,563 807,563 767,563 731,570 654,570 619,563 527,563 496,571 377,571 347,572 199,572 163,572 98,572 98,534"/>
<Baseline points="98,572 163,572 199,572 347,572 377,571 496,571 527,563 619,563 654,570 731,570 767,563 807,563 842,563 900,563 925,563 1029,563 1055,563 1131,563"/>
<TextEquiv><Unicode>gend empfohlen hatte , waren durch die dem Klerus über-</Unicode></TextEquiv>
</TextLine>

<TextLine id="line_7">
<Coords points="98,587 152,587 183,584 301,584 328,582 520,582 552,583 700,583 735,583 884,583 915,584 970,584 1001,582 1131,582 1131,623 1001,623 970,614 915,614 884,623 735,623 700,621 552,621 520,623 328,623 301,623 183,623 152,614 98,614 98,587"/>
<Baseline points="98,614 152,614 183,623 301,623 328,623 520,623 552,621 700,621 735,623 884,623 915,614 970,614 1001,623 1131,623"/>
<TextEquiv><Unicode>aus geneigte Geſetzgebung auffallend begünſtigt und gefördert</Unicode></TextEquiv>
</TextLine>

<TextLine id="line_8">
<Coords points="97,635 214,635 254,634 314,634 341,633 564,633 584,634 672,634 697,634 761,634 784,635 816,635 836,635 877,635 898,635 916,635 936,643 964,643 986,635 1021,635 1051,634 1130,634 1130,665 1051,665 1021,670 986,670 964,664 936,664 916,663 898,663 877,663 836,663 816,671 784,671 761,668 697,668 672,665 584,665 564,672 341,672 314,665 254,665 214,665 97,665 97,635"/>
<Baseline points="97,665 214,665 254,665 314,665 341,672 564,672 584,665 672,665 697,668 761,668 784,671 816,671 836,663 877,663 898,663 916,663 936,664 964,664 986,670 1021,670 1051,665 1130,665"/>
<TextEquiv><Unicode>worden. Der Juſtinianäiſche Codex (lib. 1, tit. 2 u. 3) wim-</Unicode></TextEquiv>
</TextLine>

<TextLine id="line_9">
<Coords points="98,686 159,686 188,682 246,682 272,687 316,687 348,684 531,684 563,683 657,683 690,683 931,683 939,684 963,684 1004,683 1049,683 1089,684 1130,684 1130,714 1089,714 1049,721 1004,721 963,720 939,720 931,723 690,723 657,722 563,722 531,723 348,723 316,715 272,715 246,715 188,715 159,716 98,716 98,686"/>
<Baseline points="98,716 159,716 188,715 246,715 272,715 316,715 348,723 531,723 563,722 657,722 690,723 931,723 939,720 963,720 1004,721 1049,721 1089,714 1130,714"/>
<TextEquiv><Unicode>melt von der Bezeichnung ſolcher Begünſtigungen  für die</Unicode></TextEquiv>
</TextLine>

<TextLine id="line_10">
<Coords points="97,735 190,735 214,736 269,736 294,736 372,736 400,734 511,734 536,733 716,733 747,734 940,734 972,734 1130,734 1130,772 972,772 940,773 747,773 716,773 536,773 511,770 400,770 372,765 294,765 269,765 214,765 190,772 97,772 97,735"/>
<Baseline points="97,772 190,772 214,765 269,765 294,765 372,765 400,770 511,770 536,773 716,773 747,773 940,773 972,772 1130,772"/>
<TextEquiv><Unicode>Kirche und deren fromme Stiftungen, Xenodochien, Ptochotro-</Unicode></TextEquiv>
</TextLine>

<TextLine id="line_11">
<Coords points="98,785 191,785 211,785 472,785 479,808 486,808 508,784 754,784 780,784 1018,784 1038,785 1129,785 1129,822 1038,822 1018,822 780,822 754,822 508,822 486,822 479,822 472,823 211,823 191,823 98,823 98,785"/>
<Baseline points="98,823 191,823 211,823 472,823 479,822 486,822 508,822 754,822 780,822 1018,822 1038,822 1129,822"/>
<TextEquiv><Unicode>phien, Orphanotrophien, Brephotrophien, Gerontokomien, Para-</Unicode></TextEquiv>
</TextLine>

<TextLine id="line_12">
<Coords points="99,836 240,836 260,836 317,836 338,835 388,835 410,836 460,836 480,835 573,835 592,835 775,835 789,834 919,834 937,834 981,834 1004,835 1052,835 1074,836 1130,836 1130,865 1074,865 1052,865 1004,865 981,872 937,872 919,872 789,872 775,872 592,872 573,874 480,874 460,865 410,865 388,866 338,866 317,866 260,866 240,866 99,866 99,836"/>
<Baseline points="99,866 240,866 260,866 317,866 338,866 388,866 410,865 460,865 480,874 573,874 592,872 775,872 789,872 919,872 937,872 981,872 1004,865 1052,865 1074,865 1130,865"/>
<TextEquiv><Unicode>monarien und wie alle übrige neuerrichtete Jnſtitute für Alt und</Unicode></TextEquiv>
</TextLine>

<TextLine id="line_13">
<Coords points="99,886 187,886 204,886 296,886 316,887 371,887 388,884 570,884 593,888 713,888 733,886 845,886 865,889 920,889 944,886 1028,886 1045,887 1130,887 1130,923 1045,923 1028,916 944,916 920,916 865,916 845,923 733,923 713,924 593,924 570,924 388,924 371,916 316,916 296,922 204,922 187,925 99,925 99,886"/>
<Baseline points="99,925 187,925 204,922 296,922 316,916 371,916 388,924 570,924 593,924 713,924 733,923 845,923 865,916 920,916 944,916 1028,916 1045,923 1130,923"/>
<TextEquiv><Unicode>Jung, Fremd und Einheimiſch, genannt werden, aus denen jedem</Unicode></TextEquiv>
</TextLine>

<TextLine id="line_14">
<Coords points="98,928 295,928 322,936 444,936 470,937 575,937 604,937 647,937 671,937 767,937 794,935 953,935 981,945 1007,945 1032,937 1129,937 1129,974 1032,974 1007,966 981,966 953,973 794,973 767,966 671,966 647,966 604,966 575,973 470,973 444,975 322,975 295,975 98,975 98,928"/>
<Baseline points="98,975 295,975 322,975 444,975 470,973 575,973 604,966 647,966 671,966 767,966 794,973 953,973 981,966 1007,966 1032,974 1129,974"/>
<TextEquiv><Unicode>Unterſtützung gewährt wurde, der darum nachſuchte, er mochte</Unicode></TextEquiv>
</TextLine>

<TextLine id="line_15">
<Coords points="97,986 225,986 245,986 376,986 397,987 453,987 479,986 583,986 609,985 663,985 688,987 749,987 775,986 852,986 903,987 1026,987 1044,987 1128,987 1128,1024 1044,1024 1026,1026 903,1026 852,1024 775,1024 749,1017 688,1017 663,1023 609,1023 583,1026 479,1026 453,1016 397,1016 376,1025 245,1025 225,1024 97,1024 97,986"/>
<Baseline points="97,1024 225,1024 245,1025 376,1025 397,1016 453,1016 479,1026 583,1026 609,1023 663,1023 688,1017 749,1017 775,1024 852,1024 903,1026 1026,1026 1044,1024 1128,1024"/>
<TextEquiv><Unicode>derſelben bedürftig und würdig ſein oder nicht. Zugleich führt</Unicode></TextEquiv>
</TextLine>

<TextLine id="line_16">
<Coords points="96,1039 139,1039 160,1037 254,1037 266,1036 426,1036 444,1037 521,1037 536,1037 635,1037 644,1035 778,1035 792,1037 842,1037 852,1038 881,1038 893,1046 916,1046 930,1038 983,1038 1004,1038 1067,1038 1087,1038 1128,1038 1128,1068 1087,1068 1067,1068 1004,1068 983,1073 930,1073 916,1065 893,1065 881,1075 852,1075 842,1065 792,1065 778,1074 644,1074 635,1065 536,1065 521,1074 444,1074 426,1073 266,1073 254,1076 160,1076 139,1068 96,1068 96,1039"/>
<Baseline points="96,1068 139,1068 160,1076 254,1076 266,1073 426,1073 444,1074 521,1074 536,1065 635,1065 644,1074 778,1074 792,1065 842,1065 852,1075 881,1075 893,1065 916,1065 930,1073 983,1073 1004,1068 1067,1068 1087,1068 1128,1068"/>
<TextEquiv><Unicode>der heilige Ambroſius („De officiis minist.“, lib. 2, c. 16) über die</Unicode></TextEquiv>
</TextLine>

<TextLine id="line_17">
<Coords points="96,1086 284,1086 303,1089 359,1089 380,1087 540,1087 554,1086 740,1086 754,1088 799,1088 816,1087 982,1087 994,1089 1049,1089 1064,1089 1129,1089 1129,1118 1064,1118 1049,1118 994,1118 982,1126 816,1126 799,1132 754,1132 740,1126 554,1126 540,1126 380,1126 359,1118 303,1118 284,1125 96,1125 96,1086"/>
<Baseline points="96,1125 284,1125 303,1118 359,1118 380,1126 540,1126 554,1126 740,1126 754,1132 799,1132 816,1126 982,1126 994,1118 1049,1118 1064,1118 1129,1118"/>
<TextEquiv><Unicode>ſchrankenloſe und kurzſichtige Freigebigkeit der Geiſtlichen, und über</Unicode></TextEquiv>
</TextLine>

<TextLine id="line_18">
<Coords points="96,1138 136,1138 157,1137 236,1137 258,1137 501,1137 521,1139 565,1139 585,1147 644,1147 658,1138 797,1138 814,1139 858,1139 875,1138 1011,1138 1025,1138 1128,1138 1128,1179 1025,1179 1011,1177 875,1177 858,1169 814,1169 797,1176 658,1176 644,1176 585,1176 565,1168 521,1168 501,1176 258,1176 236,1175 157,1175 136,1168 96,1168 96,1138"/>
<Baseline points="96,1168 136,1168 157,1175 236,1175 258,1176 501,1176 521,1168 565,1168 585,1176 644,1176 658,1176 797,1176 814,1169 858,1169 875,1177 1011,1177 1025,1179 1128,1179"/>
<TextEquiv><Unicode>die freche Unverſchämtheit der zum Nachtheil der wahrhaft Hülfs-</Unicode></TextEquiv>
</TextLine>

<TextLine id="line_19">
<Coords points="95,1188 261,1188 290,1189 320,1189 356,1188 468,1188 496,1189 690,1189 715,1188 910,1188 938,1189 1129,1189 1129,1227 938,1227 910,1228 715,1228 690,1226 496,1226 468,1228 356,1228 320,1219 290,1219 261,1228 95,1228 95,1188"/>
<Baseline points="95,1228 261,1228 290,1219 320,1219 356,1228 468,1228 496,1226 690,1226 715,1228 910,1228 938,1227 1129,1227"/>
<TextEquiv><Unicode>bedürftigen in Haufen zuſtrömenden kerngeſunden Vagabunden</Unicode></TextEquiv>
</TextLine>

</TextRegion>
<TextRegion id="block_1" custom="structure {type:pageNum;}">
<Coords points="593,149 593,179 635,179 635,149 593,149"/>
<TextLine id="line_20">
<Coords points="593,149 635,149 635,179 593,179 593,149"/>
<Baseline points="593,179 635,179"/>
<TextEquiv><Unicode>41</Unicode></TextEquiv>
</TextLine>

</TextRegion>
<TextRegion id="block_2" custom="structure {type:note;}">
<Coords points="206,1313 206,1346 206,1351 93,1351 93,1386 92,1393 92,1427 92,1433 92,1466 91,1472 91,1507 94,1515 94,1541 94,1553 202,1553 202,1585 202,1593 91,1593 91,1625 91,1633 91,1665 90,1673 90,1703 91,1713 91,1743 91,1752 206,1752 206,1784 206,1792 92,1792 92,1824 92,1832 92,1865 92,1872 92,1904 91,1912 91,1946 91,1953 91,1988 377,1988 377,1953 1127,1953 1127,1946 1127,1912 1127,1904 1127,1872 1126,1865 1126,1832 1126,1824 1126,1792 1125,1784 1125,1752 861,1752 861,1743 861,1713 1128,1713 1128,1703 1128,1673 1128,1665 1128,1633 1127,1625 1127,1593 1128,1585 1128,1553 266,1553 266,1541 266,1515 1125,1515 1125,1507 1125,1472 1127,1466 1127,1433 1127,1427 1127,1393 1128,1386 1128,1351 1129,1346 1129,1313 206,1313"/>
<TextLine id="line_21">
<Coords points="206,1314 251,1314 268,1314 302,1314 314,1314 405,1314 422,1314 453,1314 464,1314 488,1314 500,1313 656,1313 668,1314 710,1314 723,1313 888,1313 900,1314 1025,1314 1027,1314 1129,1314 1129,1345 1027,1345 1025,1345 900,1345 888,1345 723,1345 710,1338 668,1338 656,1345 500,1345 488,1338 464,1338 453,1338 422,1338 405,1346 314,1346 302,1339 268,1339 251,1339 206,1339 206,1314"/>
<Baseline points="206,1339 251,1339 268,1339 302,1339 314,1346 405,1346 422,1338 453,1338 464,1338 488,1338 500,1345 656,1345 668,1338 710,1338 723,1345 888,1345 900,1345 1025,1345 1027,1345 1129,1345"/>
<TextEquiv><Unicode>Als die Gothen im 4. Jahrhundert das Chriſtenthum annahmen, hielten</Unicode></TextEquiv>
</TextLine>

<TextLine id="line_22">
<Coords points="93,1355 121,1355 139,1359 178,1359 198,1354 240,1354 257,1354 291,1354 307,1354 428,1354 445,1355 490,1355 508,1352 620,1352 639,1353 681,1353 697,1355 734,1355 752,1351 886,1351 910,1354 983,1354 1025,1354 1072,1354 1089,1362 1128,1362 1128,1379 1089,1379 1072,1380 1025,1380 983,1386 910,1386 886,1384 752,1384 734,1378 697,1378 681,1378 639,1378 620,1383 508,1383 490,1378 445,1378 428,1379 307,1379 291,1379 257,1379 240,1379 198,1379 178,1384 139,1384 121,1385 93,1385 93,1355"/>
<Baseline points="93,1385 121,1385 139,1384 178,1384 198,1379 240,1379 257,1379 291,1379 307,1379 428,1379 445,1378 490,1378 508,1383 620,1383 639,1378 681,1378 697,1378 734,1378 752,1384 886,1384 910,1386 983,1386 1025,1380 1072,1380 1089,1379 1128,1379"/>
<TextEquiv><Unicode>ſie es, wie die Vandalen und Gepiden, mit der arianiſchen Lehre. Die ur-</Unicode></TextEquiv>
</TextLine>

<TextLine id="line_23">
<Coords points="92,1393 223,1393 241,1394 382,1394 403,1394 543,1394 566,1394 657,1394 674,1396 739,1396 757,1395 797,1395 813,1393 905,1393 922,1394 1047,1394 1073,1394 1127,1394 1127,1420 1073,1420 1047,1426 922,1426 905,1425 813,1425 797,1419 757,1419 739,1418 674,1418 657,1418 566,1418 543,1427 403,1427 382,1425 241,1425 223,1426 92,1426 92,1393"/>
<Baseline points="92,1426 223,1426 241,1425 382,1425 403,1427 543,1427 566,1418 657,1418 674,1418 739,1418 757,1419 797,1419 813,1425 905,1425 922,1426 1047,1426 1073,1420 1127,1420"/>
<TextEquiv><Unicode>ſprünglich katholiſchen Burgunder wurden unter den Gothen gleichfalls Ari-</Unicode></TextEquiv>
</TextLine>

<TextLine id="line_24">
<Coords points="92,1443 146,1443 163,1435 212,1435 230,1434 260,1434 278,1435 300,1435 310,1434 466,1434 483,1433 562,1433 579,1433 703,1433 736,1433 813,1433 826,1434 981,1434 994,1434 1127,1434 1127,1466 994,1466 981,1466 826,1466 813,1464 736,1464 703,1465 579,1465 562,1458 483,1458 466,1465 310,1465 300,1459 278,1459 260,1459 230,1459 212,1460 163,1460 146,1460 92,1460 92,1443"/>
<Baseline points="92,1460 146,1460 163,1460 212,1460 230,1459 260,1459 278,1459 300,1459 310,1465 466,1465 483,1458 562,1458 579,1465 703,1465 736,1464 813,1464 826,1466 981,1466 994,1466 1127,1466"/>
<TextEquiv><Unicode>aner und im 6. Jahrhundert wieder katholiſch. Selbſt Chlodewig’s Schweſter,</Unicode></TextEquiv>
</TextLine>

<TextLine id="line_25">
<Coords points="91,1475 196,1475 206,1493 212,1493 231,1479 279,1479 297,1474 416,1474 433,1472 539,1472 587,1473 660,1473 679,1473 786,1473 805,1492 820,1492 828,1473 934,1473 952,1474 1125,1474 1125,1507 952,1507 934,1505 828,1505 820,1504 805,1504 786,1504 679,1504 660,1500 587,1500 539,1504 433,1504 416,1505 297,1505 279,1499 231,1499 212,1503 206,1503 196,1505 91,1505 91,1475"/>
<Baseline points="91,1505 196,1505 206,1503 212,1503 231,1499 279,1499 297,1505 416,1505 433,1504 539,1504 587,1500 660,1500 679,1504 786,1504 805,1504 820,1504 828,1505 934,1505 952,1507 1125,1507"/>
<TextEquiv><Unicode>Lanthild, war arianiſche Chriſtin. Jakob Grimm, „Deutſche Mythologie“,</Unicode></TextEquiv>
</TextLine>

<TextLine id="line_26">
<Coords points="94,1515 127,1515 145,1516 161,1516 179,1516 226,1516 242,1515 266,1515 266,1539 242,1539 226,1540 179,1540 161,1541 145,1541 127,1540 94,1540 94,1515"/>
<Baseline points="94,1540 127,1540 145,1541 161,1541 179,1540 226,1540 242,1539 266,1539"/>
<TextEquiv><Unicode>S. 2 und 3.</Unicode></TextEquiv>
</TextLine>

<TextLine id="line_27">
<Coords points="202,1555 247,1555 266,1555 286,1555 304,1556 393,1556 412,1554 607,1554 626,1554 715,1554 728,1554 837,1554 849,1554 897,1554 909,1554 956,1554 973,1553 1049,1553 1065,1562 1128,1562 1128,1585 1065,1585 1049,1578 973,1578 956,1577 909,1577 897,1577 849,1577 837,1578 728,1578 715,1584 626,1584 607,1584 412,1584 393,1578 304,1578 286,1578 266,1578 247,1585 202,1585 202,1555"/>
<Baseline points="202,1585 247,1585 266,1578 286,1578 304,1578 393,1578 412,1584 607,1584 626,1584 715,1584 728,1578 837,1578 849,1577 897,1577 909,1577 956,1577 973,1578 1049,1578 1065,1585 1128,1585"/>
<TextEquiv><Unicode>Ep. II contra Symmachum: „Nihil ecclesia sibi nisi fidem pos-</Unicode></TextEquiv>
</TextLine>

<TextLine id="line_28">
<Coords points="91,1595 164,1595 199,1594 252,1594 269,1594 364,1594 382,1594 497,1594 516,1593 564,1593 581,1594 684,1594 719,1594 850,1594 869,1593 992,1593 1010,1597 1127,1597 1127,1625 1010,1625 992,1618 869,1618 850,1618 719,1618 684,1617 581,1617 564,1617 516,1617 497,1624 382,1624 364,1617 269,1617 252,1618 199,1618 164,1619 91,1619 91,1595"/>
<Baseline points="91,1619 164,1619 199,1618 252,1618 269,1617 364,1617 382,1624 497,1624 516,1617 564,1617 581,1617 684,1617 719,1618 850,1618 869,1618 992,1618 1010,1625 1127,1625"/>
<TextEquiv><Unicode>sidet. Hos reditus praebet, hos fructus. Possessio ecclesiae sumptus</Unicode></TextEquiv>
</TextLine>

<TextLine id="line_29">
<Coords points="91,1638 130,1638 147,1640 295,1640 329,1633 465,1633 482,1640 547,1640 564,1633 719,1633 734,1634 826,1634 844,1634 963,1634 982,1641 1048,1641 1065,1641 1128,1641 1128,1658 1065,1658 1048,1665 982,1665 963,1665 844,1665 826,1664 734,1664 719,1656 564,1656 547,1663 482,1663 465,1656 329,1656 295,1665 147,1665 130,1661 91,1661 91,1638"/>
<Baseline points="91,1661 130,1661 147,1665 295,1665 329,1656 465,1656 482,1663 547,1663 564,1656 719,1656 734,1664 826,1664 844,1665 963,1665 982,1665 1048,1665 1065,1658 1128,1658"/>
<TextEquiv><Unicode>est egenorum. Numerent quos redemerint templa captivos, quae con-</Unicode></TextEquiv>
</TextLine>

<TextLine id="line_30">
<Coords points="90,1674 192,1674 216,1673 333,1673 355,1673 522,1673 545,1673 638,1673 661,1673 775,1673 796,1673 898,1673 920,1674 1031,1674 1054,1675 1128,1675 1128,1699 1054,1699 1031,1698 920,1698 898,1697 796,1697 775,1697 661,1697 638,1703 545,1703 522,1703 355,1703 333,1697 216,1697 192,1698 90,1698 90,1674"/>
<Baseline points="90,1698 192,1698 216,1697 333,1697 355,1703 522,1703 545,1703 638,1703 661,1697 775,1697 796,1697 898,1697 920,1698 1031,1698 1054,1699 1128,1699"/>
<TextEquiv><Unicode>tulerint alimenta pauperibus, quibus exulibus vivendi śubsidia mini-</Unicode></TextEquiv>
</TextLine>

<TextLine id="line_31">
<Coords points="91,1714 234,1714 269,1713 370,1713 387,1713 459,1713 474,1714 618,1714 637,1719 687,1719 702,1713 756,1713 773,1714 861,1714 861,1737 773,1737 756,1742 702,1742 687,1736 637,1736 618,1743 474,1743 459,1743 387,1743 370,1736 269,1736 234,1739 91,1739 91,1714"/>
<Baseline points="91,1739 234,1739 269,1736 370,1736 387,1743 459,1743 474,1743 618,1743 637,1736 687,1736 702,1742 756,1742 773,1737 861,1737"/>
<TextEquiv><Unicode>straverint. Praedia igitur intercepta, non jura sunt.“</Unicode></TextEquiv>
</TextLine>

<TextLine id="line_32">
<Coords points="206,1753 231,1753 234,1752 336,1752 351,1760 369,1760 379,1752 412,1752 430,1753 481,1753 496,1753 537,1753 555,1754 578,1754 597,1753 619,1753 637,1752 670,1752 689,1752 717,1752 736,1753 780,1753 798,1756 881,1756 899,1754 982,1754 1000,1760 1083,1760 1100,1755 1125,1755 1125,1778 1100,1778 1083,1778 1000,1778 982,1778 899,1778 881,1778 798,1778 780,1777 736,1777 717,1776 689,1776 670,1776 637,1776 619,1783 597,1783 578,1782 555,1782 537,1783 496,1783 481,1777 430,1777 412,1777 379,1777 369,1784 351,1784 336,1778 234,1778 231,1777 206,1777 206,1753"/>
<Baseline points="206,1777 231,1777 234,1778 336,1778 351,1784 369,1784 379,1777 412,1777 430,1777 481,1777 496,1783 537,1783 555,1782 578,1782 597,1783 619,1783 637,1776 670,1776 689,1776 717,1776 736,1777 780,1777 798,1778 881,1778 899,1778 982,1778 1000,1778 1083,1778 1100,1778 1125,1778"/>
<TextEquiv><Unicode>So lautet z. B. Lex 49, §. 6, tit. 3: Sin autem nullus xenon in</Unicode></TextEquiv>
</TextLine>

<TextLine id="line_33">
<Coords points="92,1795 194,1795 212,1792 366,1792 384,1795 457,1795 481,1793 622,1793 640,1793 671,1793 689,1793 794,1793 812,1794 966,1794 974,1812 979,1812 997,1800 1044,1800 1061,1797 1126,1797 1126,1818 1061,1818 1044,1824 997,1824 979,1822 974,1822 966,1817 812,1817 794,1823 689,1823 671,1816 640,1816 622,1817 481,1817 457,1822 384,1822 366,1821 212,1821 194,1819 92,1819 92,1795"/>
<Baseline points="92,1819 194,1819 212,1821 366,1821 384,1822 457,1822 481,1817 622,1817 640,1816 671,1816 689,1823 794,1823 812,1817 966,1817 974,1822 979,1822 997,1824 1044,1824 1061,1818 1126,1818"/>
<TextEquiv><Unicode>civitate inveniatur, tunc, secundum de captivis sanctionem, pro tem-</Unicode></TextEquiv>
</TextLine>

<TextLine id="line_34">
<Coords points="92,1841 155,1841 174,1839 335,1839 352,1836 526,1836 544,1832 668,1832 685,1832 725,1832 742,1833 884,1833 901,1833 1065,1833 1083,1842 1126,1842 1126,1858 1083,1858 1065,1858 901,1858 884,1864 742,1864 725,1856 685,1856 668,1857 544,1857 526,1858 352,1858 335,1858 174,1858 155,1865 92,1865 92,1841"/>
<Baseline points="92,1865 155,1865 174,1858 335,1858 352,1858 526,1858 544,1857 668,1857 685,1856 725,1856 742,1864 884,1864 901,1858 1065,1858 1083,1858 1126,1858"/>
<TextEquiv><Unicode>pore oeconomus sacrosanctae ecclesiae vel Episcopus hereditatem ac-</Unicode></TextEquiv>
</TextLine>

<TextLine id="line_35">
<Coords points="92,1874 182,1874 212,1876 237,1876 258,1872 314,1872 331,1872 439,1872 457,1874 550,1874 568,1873 734,1873 758,1874 800,1874 822,1874 848,1874 870,1873 968,1873 991,1877 1060,1877 1087,1875 1127,1875 1127,1899 1087,1899 1060,1904 991,1904 968,1897 870,1897 848,1897 822,1897 800,1904 758,1904 734,1903 568,1903 550,1898 457,1898 439,1896 331,1896 314,1896 258,1896 237,1897 212,1897 182,1904 92,1904 92,1874"/>
<Baseline points="92,1904 182,1904 212,1897 237,1897 258,1896 314,1896 331,1896 439,1896 457,1898 550,1898 568,1903 734,1903 758,1904 800,1904 822,1897 848,1897 870,1897 968,1897 991,1904 1060,1904 1087,1899 1127,1899"/>
<TextEquiv><Unicode>cipiat: et sine Falcidia ratione pauperibus, qui in civitate sunt, vel</Unicode></TextEquiv>
</TextLine>

<TextLine id="line_36">
<Coords points="91,1914 194,1914 212,1912 426,1912 443,1913 483,1913 501,1914 547,1914 565,1913 745,1913 763,1913 906,1913 925,1914 1029,1914 1046,1922 1127,1922 1127,1946 1046,1946 1029,1939 925,1939 906,1945 763,1945 745,1938 565,1938 547,1937 501,1937 483,1937 443,1937 426,1941 212,1941 194,1944 91,1944 91,1914"/>
<Baseline points="91,1944 194,1944 212,1941 426,1941 443,1937 483,1937 501,1937 547,1937 565,1938 745,1938 763,1945 906,1945 925,1939 1029,1939 1046,1946 1127,1946"/>
<TextEquiv><Unicode>penitus mendicantibus, vel alia sustentatione egentibus, eaedem pecu-</Unicode></TextEquiv>
</TextLine>

<TextLine id="line_37">
<Coords points="91,1954 148,1954 167,1953 377,1953 377,1988 167,1988 148,1978 91,1978 91,1954"/>
<Baseline points="91,1978 148,1978 167,1988 377,1988"/>
<TextEquiv><Unicode>niae distribuantur.“</Unicode></TextEquiv>
</TextLine>

</TextRegion>
</Page>
</PcGts>