1600 2664
301 285 1488 331 deutſche Eigenthümlichkeit iſt ſowol in ethnographiſcher wie in
300 343 1489 391 culturhiſtoriſcher, pſychologiſcher und ſprachlicher Hinſicht die ſchon
300 403 1490 450 ſofort bei der erſten Beachtung des Judendeutſch von chriſtlichen
301 463 1491 509 Schriftſtellern gemachte und auch heute noch in ausgedehnter
301 522 1489 568 Weiſe zu machende Wahrnehmung, daß das jüdiſchdeutſche Sprach-
301 580 1490 628 gefüge in ſeiner vollen Eigenthümlichkeit ſowol durch die jüdiſche
301 640 1523 692 als auch deutſche Weltzügigkeit in die weiteſte Ferne getragen iſt
301 698 1492 746 und als lebendige Verkehrsſprache, wie in Deutſchland, ſo in Böh-
300 759 1492 805 men, Mähren, Ungarn, Polen, Rußland, in der großen und klei-
299 818 1493 866 nen Ukraine, Frankreich, Holland, Spanien, ja in Amerika, Aſien,
300 870 1494 923 Afrika, Auſtralien u. ſ. w. erhalten und von den Judengruppen
298 936 1493 983 deutſchen Stammes geſprochen wird , ohne daß irgendeine weſent-
300 996 1492 1043 liche Zuthat aus der von den begabten Juden leicht aufgefaßten
299 1052 1493 1102 und angeeigneten Landesſprache zum Judendeutſch hinzugethan
297 1115 1494 1159 iſt.  Bei weitem eher findet ſich, daß in fremden Ländern ein-
298 1173 1493 1219 zelne jüdiſchdeutſche Ausdrücke vom Gaunerthum aufgefaßt und
298 1232 1494 1278 jener Sprache einverleibt ſind, wie z. B. im Franzöſiſchen (argot)
298 1290 1495 1337 das Wort entiffle, welches Francisque-Michel, a. a. O., S. 144,
299 1351 1497 1397 zwar richtig mit église überſetzt, aber mit in der That komiſcher
299 1410 1498 1456 Unwiſſenheit, Gewalt und Breite (vgl. ebend., S. 12, unter An-
298 1468 1498 1514 tiffle) von antif, anti und viés, lat. via (!!) ableitet, während
300 1528 1499 1574 man ganz einfach in entiffle den jüdiſchdeutſchen Ueberläufer
298 1587 1424 1633 , tiffle, mit dem deutſchen unbeſtimmten Artikel ,
299 1647 1499 1692 eine Tiffle, en’ Tiffle, ān’ Tiffle, eine chriſtliche Kirche (im
298 1706 1500 1771 ſpöttiſchen Sinne) erkennt, von , tofel , abgeſchmackt, albern,
871 190 922 228 50
426 1838 1503 1874 Chryſander, a. a. O., S. 27: „Die Juden behaupten deswegen: mit
298 1884 1289 1921 dem Juden-Teutſchen könne man durch die ganze Welt kommen.“
424 1931 1504 1969 Von Unklarheit und grammatiſcher Unwiſſenheit zeugt es daher, wenn
299 1977 1504 2017 Stern, a. a. O., S. 186 ſagt: „Die Wurzelwörter der hebräiſchen Sprache,
298 2024 1505 2061 die dabei angewendet werden, bleiben ſich in allen lebenden Sprachen Europas
298 2070 1508 2109 gleich, nur mit dem Unterſchied, daß ſie nach den Regeln der verſchie-
297 2118 1508 2156 denen Sprachen gebeugt werden, in Frankreich franzöſiſch, in
298 2163 1094 2202 Rußland ruſſiſch, in Deutſchland deutſch!“
424 2211 1507 2248 Sogar der deutſche Töffel, als Typus der Beſchränktheit, Tölpelhaf-
297 2256 1506 2296 tigkeit, ſcheint eher von tofel abgeleitet, als für eine Abkürzung von Chri-
299 2305 870 2341 ſtophel genommen werden zu dürfen.
