1600 2312
109 217 1138 258 ten betrüglichen magiſchen und mantiſchen Wiſſenſchaften und
109 268 1138 312 Künſte, welche von der Höhe geheimnißvoller inſpirirter Gelehr-
110 318 1137 362 ſamkeit allmählich zu den trivialſten Kunſtſtücken und Betrügereien
110 369 1137 410 ſich abgeflacht haben. Sowol die Etymologie als auch die
109 420 1172 462 Praxis des Jedionens hat gleichmäßig eine in der That ſeltſame
109 470 1136 509 Geſchichte, und nimmt daher in der Geſchichte des Gaunerthums
108 521 1136 562 wie der Hexenproceſſe eine überaus wichtige Stelle ein, wovon
108 567 1137 611 im dritten Abſchnitt, Kap. 69—87, noch ganz beſonders abgehan-
107 623 379 654 delt werden wird.
185 672 1136 713 Die Schreibung Gauner hat wiederum verſchiedene Ablei-
108 723 1136 763 tungen. Einige leiten es von dem althochdeutſchen gau, gou,
109 774 1137 812 gaw, göw (pagus, tractus seu districtus unius ditionis, regio,
90 822 1136 864 altſächſiſch börde, geländ  ab, wobei der Gauner, wie lucus
109 873 1136 915 a non lucendo, als Nicht-Gaugehöriger erſcheint. Dieſe ſinn-
107 923 1135 964 loſe Ableitung findet aber auch ſchon in der beſtimmten Bezeich-
108 975 1136 1015 nung herkommender man, vremidi, gargangus, war-
107 1024 1133 1064 gangus, welche den in das Land kommenden nicht zum Gau
106 1075 1136 1116 gehörigen Fremden bedeutet, ihre Widerlegung.  Weit mehr
106 1124 1136 1165 Sinn hat die von Schäffer, a. a. O., und von Adelung (Wör-
106 1175 1135 1216 terbuch, II, 433) adoptirte Ableitung von dem altdeutſchen,
106 1226 1136 1267 noch heutigen Tags in der niederdeutſchen Mundart in vollem
106 1276 1135 1317 Gebrauche ſich befindenden Beiwort gau, flink, geſchwinde,
107 1326 1136 1366 hurtig.  Als offenbare Compoſition mit dieſem gau findet
615 136 633 167 7
104 1451 1134 1485 Jedioner wird in der Miſchnah bei Erwähnung der jüdiſchen Hinrichtungs-
105 1491 324 1522 arten ſo definirt:
105 1603 1133 1637 Ein Todtenbeſchwörer iſt ein Pithon, welcher den Todten von ſeinen Achſel-
105 1643 1134 1676 höhlen hervor reden läßt; ein Jedioner heißt, wer ihn aus dem Munde
105 1683 935 1716 ſprechen läßt. S. die weitere Etymologie, Abſch. 3, Kap. 69.
214 1728 1133 1762 J. G. Schottelius, „Ausführliche Arbeit von der Teutſchen Haubt-
105 1769 1132 1802 Sprache“ (Braunſchweig 1663), S. 462 u. 1323. — Munſter, „Cosmo-
104 1809 818 1843 graphie“ (neue deutſche Ausgabe von 1628), S. 607.
213 1857 1100 1891 Vgl. J. Grimm, „Deutſche Rechtsalterthümer“, Kap. 5, S. 396.
214 1904 1132 1940 Adelung führt dabei noch das Mittellatein an: engannum, engau-
104 1946 1132 1980 num, ingenium, ingeniare, betrügen, wovon das ſpaniſche enganno und
