1600 2307
148 248 1171 288 Gewerbe geworden, es fand im Liber Vagatorum ſchon eine
148 299 1170 340 eigene Literatur, aus der man auch erkennt, wie das ſeit den
145 349 1133 390 Kreuzzügen ſyſtematiſch verfolgte und gequälte Volk der Juden
146 399 1168 441 gleich dem getretenen Wurm gegen ſeine Unterdrücker ſich ſchon
129 451 1170 492 lange heimlich zur Wehre geſetzt hatte und ſchon lange einen
145 501 1168 541 integrirenden Theil jenes gemiſchten Vaganten- und Zigeunergeſin-
144 552 1168 591 dels ausmachte, das Religion, Geſetz, Zucht und Sitte verachtete
144 602 1167 642 und hohnlachend ausbeutete.  Vergebens war in der Carolina
143 652 1167 692 der Weg zu einer geregelten bündigen Juſtiz angebahnt, ver-
144 696 1167 743 gebens waren in ihr die ſtrengſten Beſtimmungen wider Dieb-
142 748 1165 793 ſtahl und Raub ausgeſprochen, ſobald ſie (Art. 129) doch noch
141 803 1165 843 die offene Gewalt, wenn auch bedingungsweiſe conceſſionirte, und
140 852 1165 894 ſobald dazu Kaiſer und Reich unabläſſig den Landfrieden pre-
140 904 1163 944 digte , anſtatt das ſchon geſprochene Wort zur That werden zu
140 953 1163 994 laſſen und die Friedensbrecher mit unnachſichtlicher Strenge zu
636 168 679 199 53
139 1094 1162 1128 geliefert, aus jener Zeit, wo die Wiſſenſchaft ſich in anachoretiſcher Scheu aus
139 1134 677 1167 dem Leben in die Klöſter geflüchtet hatte!
244 1174 1163 1208 Bei allen ſchmählichen Verfolgungen des Judenthums blieb doch die
139 1210 1164 1248 jüdiſche geiſtige Eigenthümlichkeit ungebeugt. Es ſind nicht die gauneriſchen
138 1253 1162 1286 Typen allein, die aus jener Zeit auf uns überkommen ſind: der gewandte be-
139 1293 1161 1326 wegliche Geiſt des Judenthums erkannte und cultivirte auch Beſſeres und
139 1333 1162 1367 Höheres, und nahm den lebendigſten Antheil an der erwachenden deutſchen
139 1373 1161 1406 Volkspoeſie, ſodaß es damals eine reiche Volksliteratur, ja ſogar eine roman-
138 1413 1160 1451 tiſche Literatur der Juden in jüdiſch-deutſcher Sprache gab. Vgl. darüber den
140 1452 826 1486 ſpätern Abſchnitt von der jüdiſch-deutſchen Sprache.
243 1494 1159 1526 Aber auch in die Städte, in den Schos des Bürgerthums wagten
139 1534 1160 1568 ſich ſchon jetzt die einzelnen Gauner, in dem ſichern Bewußtſein des Schutzes,
138 1572 1182 1606 welchen ihnen das bunte Leben des bürgerlichen Verkehrs gewährte. Schon
138 1612 1160 1646 um dieſe Zeit tritt der gauneriſche Bauchredner Peter von Brabant auf, in
137 1653 1160 1686 Eslingen die Gaunerin Margareta Ulmers, in Genf Jan Allard, der beſon-
136 1692 1161 1725 ders 1503 ſein Weſen trieb, von den Kindern auf der Gaſſe mit dem Titel
137 1733 1160 1766 Archilarron begrüßt, vergeblich auf die Folter gelegt wurde, auf der er den
137 1772 1159 1806 ſprudelndſten Humor entwickelte, bald freigelaſſen ward, bald ſich ſelbſt aus dem
136 1812 1158 1846 Gefängniß befreite, und am lichten Tage Beſuche abſtattete, wo er wollte,
135 1852 1160 1886 da er überall als Dieb und Zauberer gefürchtet wurde. Vgl. „Schauplatz
135 1892 1159 1925 jämmerlicher Mordgeſchichten“, S. 616 fg.; „Wunderſeltzame Hiſtorien“ III, 34.
241 1971 1163 2006 Der Haß, den Johann von Schwarzenberg ſelbſt gegen den Raubadel
