1600 2662
284 260 1472 305 und ohnehin falſche Ausdruck Zigeunerſprache  wird nie-
284 318 1472 363 mals von den Gaunern gebraucht, obſchon die hibridiſche Compo-
283 377 1471 423 ſition Schurerſprache  der theilweiſen Fremdartigkeit und
283 436 1471 481 Verſtecktheit wegen mehr im Schwange unter den Gaunern iſt.
284 495 1472 541 Jm Dreißigjährigen Kriege kam vermöge der beinahe vollſtändigen
283 554 1472 600 Jdentität des Räuberthums mit dem Soldatenthum der einzige
282 612 1472 656 rein deutſche Ausdruck Feldſprach  unter den Räubern auf, wie
282 671 1471 723 denn auch Moſcheroſch  (Philander von Sittewald) das von
282 730 1470 776 ihm als Doppellexikon redigirte Vocabular der Rotwelſchen Gram-
283 783 1473 832 matik Feldſprach überſchreibt und den Ausdruck überhaupt für
283 847 1472 891 die Sprache der in Feld und Wald umherſtreifenden Partirer
283 906 1472 952 mehrfach gebraucht, ohne im Vocabular eben etwas mehr zu geben
282 965 1472 1008 als die Rotwelſche Grammatik. Die lateiniſchen Ausdrücke: lingua
283 1022 1471 1066 conventionalis, lingua fictitia, ruber barbarismus, bei Konrad
282 1082 1472 1128 Gesner im „Mithridates“, Fol. 61 fg. u. a., und lingua occulta
283 1140 1472 1187 bei Heumann  in ſeiner ſehr trockenen „Observatio de lingua
282 1189 1471 1245 occulta“, ſind ſelbſtverſtändlich für den Gauner entlegene Bezeich-
283 1258 1471 1304 nungen und überhaupt zur Erklärung der Gaunerſprache völlig
282 1317 1473 1363 unzureichend. Deſto genauere Aufmerkſamkeit verdienen aber andere
283 1376 876 1421 Benennungen der Gaunerſprache.
854 166 903 203 12
407 1520 1472 1557 Vgl. die Etymologie Th. I, Kap. 2, S. 12—13, und über die Ver-
282 1566 1471 1604 wechſelung des eigentlichen Zigeunervolks mit dem Gaunerthum ebend. S. 34.
283 1612 1055 1651 Vgl. auch K. Gesner, „Mithridates“, Fol. 81 fg.
409 1658 1146 1697 Vom zig. Schorr, Tſchorr, Dieb, Spitzbube.
410 1705 1473 1743 d. h. die in Freiheit geſprochene Sprache; Feld, vom althochdeutſchen
281 1752 1473 1789 felt, velt; vielleicht urſprünglich Wildſprache, vom ahd. wilt, fremd, oder
284 1797 1472 1836 Wald ſprache vom ahd. walt (sylva), welches mit wilt verwandt iſt. Konrad
285 1845 1472 1882 Schwenck, „Wörterbuch der deutſchen Sprache“ (vierte Auflage, Frankfurt a. M.
286 1894 662 1930 1855), S. 721 und 743.
409 1937 1452 1974 „Wunderliche und ſeltſame Geſichte“ (Strasburg 1665), II, 633 fg.
408 1984 1472 2022 „Exercitationes juris universi, praecipue Germanici, ex genuinis
282 2031 1085 2068 fontibus restituti“ (Altorf 1749), Nr. 13, S. 163.
