1600 2724
82 309 1282 360 tern, zu durchbrechen, indem er zuerſt einen einzelnen Stein, dann
81 372 1282 419 die ſeitlichen Steine heraushebt und nun von unten nach oben
79 430 1283 479 das Loch (Peſſuch, Paſſung, auch Rekef) zum Durchgange
80 491 1282 538 erweitert. Jſt die Wand in dieſer Weiſe durchbrochen, ſo bieten
78 552 1282 600 etwa vorhandene Panälwände — verkroſchente  oder vertä-
79 612 1283 658 welte Wände — noch einen Widerſtand, welcher dadurch beſeitigt
80 672 1283 721 wird, daß mit dem Bohrer, Brunger , in das Holzwerk ganz
78 733 1285 783 nahe nebeneinander Löcher im Umfange der Einbruchſtelle gebohrt
78 792 1284 841 und die Zwiſchenräume zwiſchen den Bohrlöchern mit dem Meſſer
77 852 1368 901 durchſchnitten werden, ſodaß eine entſprechende Oeffnung, Lewone,
75 897 1284 964 im Holzwerk zum Durchgange hergeſtellt wird. Die Panäle
76 972 1283 1020 bieten nur dann vollkommen Widerſtand, wenn ſie, was man nie-
74 1032 1283 1084 mals in Kaſſengewölben und Comptoirs vernachläſſigen ſollte,
73 1093 1284 1146 mit Eiſenblech oder Bandeiſen gefüttert ſind. Die geübteſten
74 1157 1286 1204 Schränker haben erklärt, daß ſie nicht im Stande ſind, dieſe des-
71 1218 1035 1265 halb ſehr empfehlenswerthe Sicherung zu vernichten.
157 1262 1327 1325 Haben die Schränker den Krummkopf oder Schabber nicht
69 1337 1286 1386 zur Hand, oder wollen ſie die Wand nicht durchbrechen, ſo ver-
69 1397 1286 1444 ſuchen ſie, wenn jene leicht fundamentirt und auf der andern
67 1457 1285 1503 Seite kein feſtverbundener Fußboden befindlich iſt, einen Unter-
67 1517 1285 1565 kabber zu machen oder die Wand zu unterkabbern , d. h.
631 214 708 252 127
193 1649 916 1691 Von (keresch, Plural kroschim), Bret.
197 1697 1287 1737 Von der Brauchbarkeit des Brungers, der übrigens jetzt meiſtens als
62 1745 1288 1787 Centrumbohrer angewandt wird, hat ſchon der berüchtigte, am 6. Januar
61 1791 1287 1832 1720 zu Frankfurt a. d. O. hingerichtete Kirchenräuber Jakob Neumann durch
56 1839 1288 1881 eine lange Reihe der ſchwierigſten und verwegenſten Einbrüche Zeugniß ab-
56 1888 1288 1927 gelegt. Der Brunger iſt bei der Geräuſchloſigkeit, Geſchwindigkeit und Kraft
57 1934 1288 1975 ſeiner Wirkſamkeit unbezweifelt eins der furchtbarſten Jnſtrumente in der
55 1982 1290 2022 Hand des Gauners, der im Nu jedes Schloß zu umbohren weiß. Jch habe
54 2029 1289 2070 oft die ſchönſten Mobilien auf dieſe Art ruinirt gefunden. Vgl. weiterhin
53 2078 328 2115 Lewone legen.
197 2103 1337 2164 Ueberhaupt empfiehlt es ſich, die Rähme und Füllungen von Thüren,
49 2172 1287 2211 namentlich in der Umgebung der Schlöſſer, Riegel u. ſ. w. mit Eiſenblech,
46 2220 1288 2260 Bandeiſen, Drahtſtiften u. dgl. zu futtern, indem dadurch das Ausbohren und
45 2268 1289 2307 Ausſchneiden des Holzwerks wirkſam gehindert wird. Vgl. Hirt, „Der Dieb-
42 2315 1334 2354 ſtahl“. S. 4 fg.
199 2362 1241 2402 Untergraben. Vgl. die Etymologie oben bei Kawure, Kap. 34.
