1600 2750
87 289 1332 339 ſchulen bei weitem nicht kräftig und raſch genug abgekürzt werden
87 345 1333 399 konnte, obſchon man dem Martin Opitz von Boberfeld, dem „Ge-
87 414 1332 463 krönten“ (1597—1639), das Zeugniß nicht verſagen kann, daß
87 476 1331 523 er, wenn ihm auch Tiefe, Phantaſie und Gemüth fehlten, der deut-
88 538 1331 588 ſchen Sprache wieder den Weg zur Correctheit und zum Wohlklang
88 600 1332 648 anbahnte. Von den acuten Fieberparoxismen der deutſchen Sprache
86 661 1330 709 jener Zeit  bedarf es keiner der tauſendfach vorhandenen Proben.
88 724 1331 774 Man hat ſchon genug an den geiſtloſen Spielereien und Phraſen,
86 787 1332 835 wenn man z. B. nur den Anfang des ſelbſt vom wackern Schot-
88 848 1331 897 telius S. 1174 als Muſter eines „Klingreims“ geprieſenen Ge-
86 909 1094 957 dichts von Diedrich von dem Werder auf Opitz lieſt:
154 973 1219 1019 Dich hat mit einer Kron, Gekrönter, wol bekrönet
154 1034 1232 1081 Der Fürſten werthe Kron! Dich hat der künſte Thron
154 1097 1158 1145 Durch das Gerücht gekrönt mit einer Ehrenkron,
154 1158 1177 1207 Die vieler Kronen wehrt. Gekrönt haſtu gefrönet
154 1221 1308 1268 Um ſolche Lorberkron. Nun Gott, der Kronen krönet,
155 1283 842 1329 Gibt dir der kronen Kron u. ſ. w.
178 1340 1330 1394 Jn der That fällt einem da das prächtige βρεκεκεκέξ κοάξ
86 1399 1332 1458 κοάξ der Fröſche im Ariſtophanes ein, und der alte Charon mit
87 1467 1330 1517 ſeinem echt bootsmänniſchen ὠόπ ὄπ ὠόπ ὄπ, ſowie die gemüth-
84 1531 1331 1578 lichen ſchnarrenden niederdeutſchen Froſchconverſationen, welche
85 1592 1330 1642 allabendlich die norddeutſche Dorfjugend den quakenden Fröſchen
85 1657 289 1702 nacherzählt.
177 1717 1331 1766 Doch gilt es hier nicht eine Literatur- oder Sprachgeſchichte
85 1780 1329 1827 anzudeuten, ſondern nur das Unrecht der Behauptung nachzu-
85 1841 1329 1889 weiſen, daß die im 17. Jahrhundert auf den höchſten Gipfel ge-
86 1904 1329 1952 triebene deutſche Sprachmiſchung eine ſo lange vorbildende Ge-
85 1966 1328 2014 ſchichte gehabt habe, wie Genthe nach Bouterwek a. a. O. an-
684 191 734 229 73
85 2099 1330 2149 löblichen | fruchtbringenden Geſellſchaft | Anfang, Satzungen, Vorhaben, Na-
84 2158 1329 2198 men, Sprüchen u. ſ. w. vom Verdroſſenen“ (Nürnberg 1647). Vilmar, a. a. O.,
82 2206 244 2245 II, 12 fg.
215 2261 1330 2299 Vgl. im „Teutſchen Palmbaum“ die Briefe S. 125 und 131, auch
82 2310 1135 2349 das entſetzliche Liebesgedicht: „Reverirte Dame“ u. ſ. w. S. 129.
211 2362 1332 2403 Z. B.: „Marten! Marten! — Wat wuttu! Wat wuttu! — Morgen
80 2411 1171 2446 back ick! — Jck ick ok! Jck ick ok!“
