1600 2600
36 272 1212 319 dart vff ſein giel.“ Auf Blatt 4 a kommt: „Ander theil diſes
36 328 1213 376 Buchs, Von vilerlei Or/ den vnd Geſchlechten der Wanderſchafft
37 385 1189 431 vnd Landtbe/ ſcheiſſer, zu Latin genant, Weliche hernach erklärt/
38 443 1213 491 vnnd außgelegt werden.“ Unmittelbar danach folgt das Ver-
39 500 1213 549 zeichniß der Kapitel nach den Ueberſchriften, mit der Ueberſetzung
40 558 1213 607 der gaunertechniſchen Ausdrücke. Auf Blatt 4 b folgen: „Ettlich
42 616 1214 665 Notabilia , zu diſer/ Narung dienſtlich.“ Auf Blatt 6 a: Volgt
45 675 1215 720 hernach das Drittheil dieſer/ Grammatic, Jnhaltend die haupt
45 731 1216 777 Artickel, Meiſter/ ſtuck vnd Regulas Grammaticales des Bettler
48 789 1180 835 or/ dens, von aller narung, ſo die Betler vnd landtfarer/
48 846 1215 892 brauchen, dardurch alle Welt beſcheiſſen vnd betriegen,/ Jdermann
47 904 1215 950 zur warnung an tag bracht.“ Nach dem hier wiederholten
48 961 1217 1010 Holzſchnitt des Titelblattes folgen die 28 Kapitel des Liber
50 1019 1216 1064 Vagatorum bis Blatt 14 a. Der Druck iſt hübſch, deutlich
50 1076 1217 1122 und correct. Sie befindet ſich in dem vielleicht noch einzig vor-
50 1133 1216 1179 handenen Exemplar  auf der herzogl. Bibliothek zu Wolfenbüttel.
138 1191 1219 1238 Die Ausgabe der „Rotwelſchen Grammatik“ von 1583 iſt
52 1248 1219 1295 bisjetzt für die älteſte gehalten und der vorſtehend angeführten
54 1307 1219 1353 bei keinem Bibliographen Erwähnung gethan worden. Aus
53 1364 1221 1410 der Vergleichung des Vocabulars der obenangeführten Ausgabe
55 1421 1220 1466 mit dem ſtets als apokryph angeſehenen Vocabular, welchen
54 1478 1220 1525 Konrad Gesner in ſeinem „Mithridates“ , S. 81 b fg.,
55 1536 1221 1581 fälſchlich als „vocabula linguae fictitiae Zigarorum“ an-
55 1595 1223 1640 führt, ergibt ſich aber nun die vollkommenſte Concordanz beider
590 179 662 214 159
175 1753 1224 1792 Allerdings aber in etwas verkürzter Geſtalt, indem z. B. zu Notab. 4
57 1798 1222 1836 das „Exemplum“, in Notab. 8 die Anführung der vier Botſchaften und No-
57 1845 1222 1883 tab. 10 die Anführung des jüdiſchen Convertiten Hans von Straßburg fehlt.
174 1899 1223 1938 Doch ſcheint 1844 noch ein Exemplar aus der Bibliothek des Schul-
58 1945 1221 1983 vorſtehers W. A. Blenz zu Berlin verkauft worden zu ſein. Vgl. Pott,
58 1990 1224 2029 a. a. O., (zweiter Bericht, und Nachträge, S. 524), der dieſe Ausgabe
60 2036 845 2072 wol ſo wenig wie die von 1583 ſelbſt geſehen hat.
175 2091 1225 2127 Mithridates Gesneri exprimens differentias linguarum tum ve-
58 2137 1225 2174 terum, tum quae hodie, per totum terrarum orbem in usu sunt. Caspar
60 2181 1223 2221 Waserus recensuit et libello commentario illustravit. (Zweite Ausgabe,
58 2226 256 2262 Zürich 1610).
