1600 2284
380 231 1402 271 Hauſirer, Tabuletkrämer, Olitätenhändler zu verſtehen; cotiones
380 279 1400 319 iſt ziemlich daſſelbe, jedoch wird es ſchon von Plautus im verächt-
380 329 1398 369 lichen Sinne und geradezu als gemeines Schimpfwort gebraucht.
380 378 1400 416 Beachtenswerth iſt der ſchon hier vorkommende Vorſchub der
380 427 1398 467 kirchlichen Pönitenz, welcher von jetzt an bis zur Erſcheinung
378 476 1397 516 des Liber Vagatorum faſt durchgehends bei allen Vaganten,
379 526 1397 565 auch den Zigeunern, wie oben gezeigt iſt, als Deckmantel gaune-
378 575 1398 614 riſchen Umhertreibens gebraucht wird.  Daß aber unter jenen
378 624 1399 664 Hauſirern ſich auch Juden befunden haben, geht aus dem fünften
379 674 1398 719 fränkiſchen Capitulare vom Jahre 806, c. 5, De thesauris eccle-
380 724 1399 761 siasticis, und c. 117, lib. 1, Capit. C. M. eod. tit. hervor, wo die
378 773 1399 812 Biſchöfe, Aebte und Aebtiſſinnen zur ſorgfältigſten Aufſicht auf die
377 822 1397 862 Kirchenſchätze aufgefordert werden, „damit nicht gewiſſenloſe und
378 872 1397 911 nachläſſige Wächter von den Edelſteinen oder Gefäßen etwas ver-
378 921 1396 960 kauften; denn die jüdiſchen und andere Handelsleute thäten groß
377 970 1345 1008 damit, daß ſie von jenen kaufen könnten, was ihnen beliebte“.
454 1019 1393 1058 Sieht man alſo ſchon unter den Merovingern und Caro-
377 1069 1394 1108 lingern das Vaganten- und Gaunerweſen ſich begründen und
377 1118 1395 1157 ausbilden, ſo findet man unter den ſächſiſchen Kaiſern eine ſehr
377 1167 1395 1208 große und raſche Zunahme deſſelben. Mit der Erbauung der
377 1217 1393 1256 Städte und deren gemeinheitlicher Einrichtung ſteigerten ſich die
376 1266 1393 1306 Lebensbedürfniſſe im gleichen Verhältniſſe wie auch die Cultur
376 1316 1392 1355 vorwärts ging. Die Zahl der Handwerker namentlich wuchs
376 1365 1392 1403 außerordentlich raſch in den Städten. Zünfte wurden jedoch erſt
376 1414 1388 1453 um die Mitte des 12. Jahrhunderts errichtet.  Die Handwerker,
375 1463 1389 1502 welche im 11. Jahrhundert in die Städte gezogen wurden, waren
376 1513 1390 1551 meiſtens flüchtige Knechte , die dort mit der Freiheit auch mancher-
860 153 903 182 44
375 1638 1390 1669 sibi poenitentiam vagantes discurrunt. Melius enim videtur, ut si ali-
374 1678 684 1708 quid inconsuetum etc.
481 1714 1388 1747 Bezeichnend iſt auch die Ableitung des Wortes Bettler, von beten,
375 1755 727 1784 bitten (bedeler, bede).
480 1792 1389 1824 Die erſten Zünfte waren die der Tuchſcherer und Krämer zu Ham-
374 1831 1388 1863 burg 1152 und der Gewandſchneider zu Magdeburg 1153. Vgl. Ortloff,
374 1871 809 1902 „Recht der Handwerker“, S. 43.
482 1909 1387 1941 Schon bei den Burgundern (Lex Burg., tit. 31, 2) und bei den
