1600 2416
210 423 1423 491 thieren zu beobachten, daſs diese Haut ganz eben so, nur später, sich bildet, wie
210 465 1426 533 die äuſsere Eihaut des Vogels, so wie die Ausbildung des Eies der Hufthiere mit
791 373 843 401 174
262 582 1432 639 die Dotterkugel der Säugethiere schon richtig gesehen und beschrieben sey, sondern auch vor-
265 610 1432 670 her von Andern. Er hofft, ich werde „von meinem Wahne zurückkommen, wenn ich das Buch
266 641 1433 702 der Geschichte aufgeschlagen haben werde.” Bis dahin hält Herr Dr. Plagge mir das Buch
269 673 1435 731 der Geschichte vor, und sucht, in Ermangelung von Graaf’s Schriften; aus Palfyn’s Traité
270 704 1437 762 des monstres zu beweisen, daſs Graaf nicht die bekannten, nach ihm benannten Bläschen
271 737 1437 792 für die Eier gehalten habe, sondern die wahren Dotterkugeln in ihnen. Da ich Graaf’s apera
272 767 1439 823 omnia doppelt beſaſs, so habe ich mir die Freiheit genommen, ein Exemplar Herrn Dr. Plagge
273 798 1442 854 zu übersenden, nachdem ich die Stellen angestrichen hatte, welche zeigen, daſs Graafden ge-
276 827 1442 885 sammten Inhalt der Kapsel geradezu Ovulum nennt. Ich muſs um Verzeihung bitten, daſs das
277 859 1444 916 Buch so viele Striche erhalten hat. Ferner sollen Home und Bauer das Ei im Eierstocke ge-
279 890 1446 946 sehen haben. Diese Beobachter sagen: das Ei bilde sich im gelben Körper; der gelbe Körper
279 920 1446 977 aber soll sich nie in oder aus einem Graaf’schen Bläschen entwickeln, sondern auſserhalb des-
281 950 1446 1007 selben. Einmal soll Herr Bauer die Eröffnung des gelben Körpers und das Austreten des Eies
280 980 1447 1045 geschen haben, allein an einem noch jungfräulichen, ja nur sechsmonatlichen Schweine!!
283 1012 1449 1074 (Lectures on comparative anatomy Vol. III und Meckel’s d. Archiv für Physiologie
284 1043 1449 1101 Bd. V. S. 417. In dieser deutschen Uebersetzung, welche Autorität Herr Dr. Plagge allein
283 1076 1452 1132 kannte, steht sogar: sechswöchentlich.) Ueberhaupt ist in diesem Aufsatze des Wunderbaren so
286 1104 1450 1164 viel, daſs es nur durch die merkwürdige Unwissenheit des Herrn Home verständlich wird. Wir
286 1135 1454 1194 wollen doch seinen Bericht etwas näher ins Auge fassen! Daſs er das Ei irgendwie im Eierstocke
289 1165 1456 1230 geschen habe, geht aus keiner Stelle hervor. Nicht einmal die Gröſse dieses Eies wird ungefähr
291 1198 1457 1258 angegeben, noch viel weniger die Verhältnisse unter denen man es sah. Daſs eine befruchtete
292 1228 1459 1284 Sau Eier aus dem Eierstocke ausschüttet, ist mir sehr unwahrscheinlich . Daſs Home und
292 1260 1459 1316 Bauer gerade auf eine solche Sau treffen und sie ganz im Momente des Ausschüttens öffnen,
292 1293 1459 1347 ist so unendlich unwahrscheinlich, daſs man wenigstens annehmen müſste, Home’s Messer
294 1324 1461 1378 habe die Geschlechtslust des Thieres erregt! Da es völlig unmöglich ist, daſs man die Eröffnung
295 1354 1460 1410 eines gelben Körpers und das Ei selbst in der Bauchhöhle einer geöffneten Sau sehen kann, ein
297 1385 1462 1439 solcher lebendiger Act an einem ausgeschnittenen und unter das Mikroskop gebrachten Eier-
299 1415 1464 1471 stocke doppelt und an einem Eierstocke eines Ferkels dreifach unmöglich ist, so halte ich die
297 1446 1465 1506 ganze Erzählung für ein Mährchen, oder eine sehr grobe Selbsttäuschung. Wer mehr Glauben
299 1477 1466 1535 hat, mag ihn in Anwendung bringen! — Auch haben die Engländer auf diesen Bericht gar keinen
300 1510 1467 1565 Werth gelegt, aber wohl die Deutschen, von denen Menzel nicht mit Unrecht sagt: „Wenn
302 1539 1438 1595 die Deutschen einmal ins Verehren kommen, so fragen sie jar nicht mehr: Wen? oder: Was?
355 1583 1470 1637 In Bezug auf die Ansprüche des Dr. Plagge selbst habe ich schon in Heusinger’s Zeit-
307 1613 1472 1670 schrift Bd II. mich dahin ausgesprochen, daſs es mir scheint, derselbe habe ein unentwickeltes,
307 1644 1473 1696 durch ein benachbartes Corpus luteum zusammengedrücktes Graaf’sches Bläschen, wie ein
306 1678 1475 1730 Paar dergleichen auf unserer Taf. IV. Fig. II. abgebildet sind, für das Ei gehalten; denn Plagge
309 1706 1476 1763 sagt in seiner frühern Abhandlung (Meckel’s deutsches Archiu für Physiologie Bd. VII.) das
312 1739 1476 1791 Corpus luteum bilde sich zwischen dem Ei und dem nächst liegenden Graaf’schen Bläschen.
312 1768 1473 1820 Dieses Ei soll ferner drei Linien im Durchmesser erhalten und drei Kreise zeigen, „welche die
313 1799 1470 1852 drei nachherigen Häute, das Chorion, die Allantois und das Amnion zu seyn scheinen.” Die
315 1829 1458 1886 einzige ursprüngliche Haut, die Oberhaut, so wie die Keimhaut, später zur Nabelblase werdend,
340 1899 1224 1937 Das Buch der Geschichte hat bei Herrn Dr. Plagge doch ansehnliche Lücken!
313 1922 1298 1970 Daſs im menschlichen Weibe corpora lutea ohne vorhergegangene Schwangerschaft vorkommen,
349 1939 1475 1987 habe ich selbst gesehen. Selten mögen sie ohne Begattung sich finden. Bei Thieren muſs ich die Er-
349 1964 1482 2011 öffnung der Kapseln ohne vorherige Paarung bezweifeln, weil ich nie die Spuren an zahlreich von
350 2010 760 2034 mir geöffneten Thieren gesehen habe.
