1600 1890
355 800 435 815 d. Ab-
335 821 435 841 schnürung
335 843 455 862 des Embryo.
335 864 426 879 Nabelbil-
337 887 387 905 dung.
552 253 1472 292 Der Vorgang der Einhüllung ist sehr einfach. Von allen Seiten rückt der
459 289 1473 328 innere Rand der elliptischen Amnionsfalte gegen die Mitte zusammen, bis die
460 324 1473 365 Oeffnung sich mit einer weiſsen Narbe über dem Lendentheile des Rückens
460 359 1472 397 schlieſst. Am Ende dieses Tages ist oft auch die Narbe nicht mehr kenntlich.
460 396 1473 437 Da zugleich die Spaltung der Blätter in der allgemeinen Kappe bis zum Umfange
461 431 1475 471 derselben fortgegangen ist, so steht das abgelöste seröse Blatt jetzt nur mit der
462 467 1476 505 Amnionsfalte in Verbindung, und wir haben daher nun plötzlich ein geschlossenes
463 502 1475 543 Amnion (Fig VII und VIII. und Fig. 7″), entstanden aus der Amnionsfalte (t r′,
464 539 1477 578 u s′), dem serösen Blatte der Kappe (Fig. VII. r′ p′, q′ s′ und Fig. 7.) und über-
464 574 1477 617 gehend in die untere Wand des Embryo, so viel davon schon durch das seröse
465 616 924 651 Blatt gebildet ist (d p′, q′ b) (§. 5. h.)
559 646 1478 679 Da das Amnion aber aus einer Falte gebildet ist, so folgt daraus, daſs
467 683 1478 722 über dem geschlossenen Amnion noch ein Blatt liegt, welches an die Stelle der
466 718 1480 758 Naht angeheftet, im übrigen Umfange aber frei ist. Es ist das obere Blatt der
466 757 1461 793 Amnionsfalte (r t u s). Dieses Blatt hat Pander das falsche Amnion genannt.
559 791 1480 828 Was die Abschnürung anlangt, so finden wir, daſs der kreisförmige Um-
467 827 1481 865 wurf, welcher durch die Kopfscheide, die Schwanzscheide und die Seitenscheiden
468 863 1480 903 gebildet wird, sich von allen Seiten gegen die Mitte zusammenzieht. Die Com-
469 897 1481 933 munication zwischen dem Embryo und dem Eie erscheint nun schon als bloſse
470 933 1482 974 Oeffnung, die mit dem Worte Nabel bezeichnet wird. Es muſs einleuchten, daſs
470 970 1483 1006 dieser Nabel kein neuer Theil ist, sondern die Stelle, wo der Embryo in die
470 1006 1483 1048 übrigen Eitheile übergeht, die nur durch Verschnürung die jetzige Form erhalten
471 1043 1484 1083 hat. Vergleichen wir nämlich unsere Abbildungen VII. VI. bis zu I. und die
472 1078 1482 1118 Queerdurchschnitte in derselben Reihenfolge rückwärts, so finden wir, daſs eben
472 1115 1505 1149 dieser Nabel früher die weite Oeffnung des Leibes, noch früher der ganze Um-
473 1152 1482 1190 fang des offenen Leibes und endlich am ersten Tage noch ganz unbegrenzt war,
474 1187 1483 1224 da der Embryo selbst keine Grenze hatte. Da der Nabel der Uebergang vom
475 1222 1485 1260 Embryo in das Ei ist, so müssen in ihm sich sämmtliche Blätter der Keimhaut
475 1258 1485 1295 wiederfinden, und wir wollen diese einzelnen Blätter unterscheiden, da ihre fer-
476 1293 1485 1326 nere Geschichte nicht dieselbe bleibt. Am meisten nach auſsen ist eine Scheide
477 1332 1485 1367 vom serösen Blatte (p′ q′). Sie geht nach oben in die Haut des Embryo über,
478 1369 1487 1403 nach unten in das seröse Blatt der Kappe. Da aber das seröse Blatt der Kappe in
478 1403 1486 1442 diesem Tage zum Amnion wird, so geht diese Scheide also ins Amnion über.
479 1438 1487 1473 Man könnte sie den Amnionsnabel, noch besser den Hautnabel oder Bauchnabel,
480 1475 1488 1512 nennen; denn der sonst wohl gebrauchte Name Nabelscheide ist in so fern nicht
480 1511 1488 1551 recht passend, als diese Scheide für die Leibeshöhle selbst den Nabel bildet. In
480 1547 1489 1584 ihr ist eine zweite Röhre, welche wieder aus zwei Röhren besteht, die aber
338 265 447 283 b. Einhül-
324 287 447 309 lung durch
325 310 447 325 das Amnion.
352 657 454 672 c. Panders
333 678 406 693 falsches
334 700 414 714 Amnion.
949 199 978 221 66
