1600 2416
125 389 1335 430 Er ist also kein Lebensact, sondern eine rein physische Verdünstung, die nur un-
126 431 1334 469 terbleibt, wenn man durch einen Ueberzug von Firniſs oder auf ähnliche Weise
124 473 1334 513 die Verdünstung hindert. Hiermit soll aber nicht behauptet werden, daſs, wenn
124 515 1332 558 sich das Küchlein entwickelt, das Leben desselben auf die Verdünstung gar kei-
124 558 823 591 nen Einfluſs habe, besonders in der letzten Zeit.
232 601 1333 641 Das Verdünsten des Eiweiſses hat eine merkwürdige und für die Entwicke-
121 643 1331 683 lung des Küchleins sehr wichtige Folge. Das Eiweiſs nämlich, das an Masse ver-
120 687 1330 728 liert, zieht sich zusammen. Da es am spitzen Ende fester anhängt, so zieht es
120 730 1331 770 sich vom stumpfen Ende mehr ab. Ihm folgt das zunächst anliegende innere Blatt
119 772 1330 813 der Schaalenhaut. Es würde also zwischen beiden Blättern am stumpfen Ende ein
120 814 1330 855 leerer Raum entstehen, wenn sich hier keine Luft ansammelte. Diese zeigt sich
117 857 1330 895 aber gleich nach dem Beginne der Verdünstung und zwar nur in Eiern mit harter
120 900 1329 932 Schaale — in Eiern mit unvollendeter Schaale nicht. Die letzteren fallen viel-
118 943 1327 982 mehr zusammen, wenn die Verdünstung wirkt. So entsteht also der Luftraum
119 986 1328 1027 in den gewöhnlichen hartschaaligen Eiern als Folge der Verdünstung. Die Luft
117 1029 1328 1069 könnte man als von auſsen eingedrungen annehmen, wenn das stumpfe Ende der
117 1072 1327 1111 Schaale hinlänglich weite Poren hätte. Allein die chemische Untersuchung
117 1115 1327 1152 spricht dagegen, indem die Luft des Luftraumes beträchtlich reicher an Sauerstoff-
117 1157 1325 1197 gas ist, als die atmosphärische Luft, denn ihr Sauerstoffgehalt wechselt von 0,25
116 1200 1325 1238 bis 0,27 . Es muſs also die Luft aus den Theilen des Eies selbst stammen.
116 1243 1327 1280 Entweder kann die Feuchtigkeit des Eiweiſses, indem sie, durch die weichen
117 1286 1328 1323 vom Kalke nicht ganz ausgefüllten Theile der Schaale verdünstet, die in ihr ent-
115 1328 1329 1362 haltene Luft nicht mitnehmen, und diese sammelt sich nun zwischen beiden Blät-
115 1371 1329 1410 tern der Schaalenhaut am stumpfen Ende an, wo wegen Zusammenziehung des
115 1415 1328 1449 Eiweiſses ein leerer Raum entsteht, oder es tritt unmittelbar aus dem nicht ver-
116 1457 1329 1492 dünsteten Eiweiſse Luft aus, weil der Druck, unter welchem das Eiweiſs früher
115 1500 1329 1537 war, sich verringert hat, indem am stumpfen Ende ein leerer Raum sich zu bil-
115 1543 1327 1579 den anfängt. Immer muſs die ausgeschiedene Luft, wenn sie früher dem Eiweiſs
114 1585 1326 1625 beigemischt war, sauerstoffreicher seyn, als die atmosphärische, da Flüssigkei-
1370 615 1478 633 c. Erzeu-
1345 645 1461 664 gung von
1344 665 1401 683 Luft.
713 326 750 351 37
181 1683 1323 1713 Der Luftraum wird auch Luftblase genannt, eine unpassende Benennung, da der Raum we-
167 1713 1280 1743 der in der Gestalt einer Blase gleicht, noch auch von einer eigenen Haut umschlossen ist.
191 1751 1323 1775 Dieses Maaſs fand Hr. Doctor Dulk. Schon Bischoff hatte auf den Sauerstoffreichthum
166 1781 1324 1811 der Luft in den Eiern aufmerksam gemacht (N. Journal für Ch. u. Ph. N. R. B. IX. S. 446)
164 1812 1324 1843 und die Menge desselben zu 0,22 bis 0,245 angegeben. Weil diese Anzeige etwas kurz war,
165 1843 1325 1874 bat ich Hn. Dr. Dulk die Untersuchung zu wiederholen. Das Resultat dieser Untersuchung
164 1873 1326 1904 ist für die Entwickelungsgeschichte und die gesammte Physiologie so wichtig, daſs ich es für
164 1904 1325 1935 Pflicht halte, die von ihm mir gewordene gütige Mittheilung hier in einem Anhange voll-
165 1934 503 1961 ständig bekannt zu machen.
