1600 2416
307 421 1427 468 Was die Ausbildungsweise des Eies anlangt, so hatte man schon im 17ten
217 460 1428 509 Jahrhunderte in den Eierstöcken der Säugethiere mit Flüssigkeit gefüllte Bläschen
217 503 1429 562 gesehen und ausführlich beschrieben, und nannte sie nach einem Beobachter der-
218 545 1428 596 selben: Graaf’sche Bläschen. Da derselbe Anatom ganz kleine Eier in den Eilei-
218 589 1429 644 tern (Muttertrompeten) eines Kaninchens und etwas gröſsere im Fruchthälter ge-
218 631 1430 682 funden hatte, so zweifelte er nicht, jene im Eierstocke gefundenen Bläschen seyen
220 673 1429 725 die Eier, sie würden nur weiter geführt und entwickelten sich im Fruchthälter.
221 714 1434 763 Allein er konnte nicht verhehlen, daſs die im Eileiter gesehenen Bläschen viel
222 758 1434 805 kleiner waren als die im Eierstocke gefundenen . Dieser Schwierigkeit un-
222 799 1436 856 geachtet, und obgleich mehrere Beobachter weder in den Eileitern, noch im
223 843 1436 890 Fruchthälter bald nach der Befruchtung etwas Anderes finden konnten als Flüssig-
223 885 1436 940 keit, obgleich bald nachher ein oder mehrere Graaf’sche Bläschen entleert und
221 928 1433 977 in eine feste Masse, das Corpus luteum, umgewandelt gefunden worden, er-
224 970 1451 1017 hielt sich doch die Graaf’sche Ansicht unter mehrfachen Einwürfen als die ein-
224 1025 733 1060 fachste und scheinbar natürlichste.
317 1057 1439 1103 Indessen forderte der Gegenstand dringend eine neue gründliche Untersu-
226 1098 1441 1152 chung. Haller verband sich zu diesem Zwecke mit seinem Schüler Kuhle-
227 1140 1441 1192 mann, und beide untersuchten Schaafe sehr häufig und von Tag zu Tage mehrere,
228 1184 1443 1228 fanden aber zu ihrer und der anatomischen Welt Verwunderung vor dem 12ten
229 1226 1443 1278 Tage gar nichts, dann etwas Schleim, der sich mehrte, am 17ten die ersten Spu-
229 1270 1288 1317 ren des Eies, und am 19ten schon ein sehr groſses Ei mit dem Embryo.
323 1312 1443 1354 Andere Thiere untersuchte Haller theils allein, theils mit einem andern
230 1356 1443 1403 Schüler, Ith, aber auch mit demselben Erfolge. Im Hunde wurde bis zum 10ten
231 1410 610 1448 Tage kein Ei gesehen .
327 1439 1445 1481 Hiernach muſste man sich zu der Ueberzeugung wenden, die Graaf’schen
236 1483 1447 1533 Bläschen gäben für die Fortpflanzung nur eine Flüssigkeit her, aus welcher viel
235 1527 1446 1579 später das Ei in seiner ganzen Ausdehnung sich forme, wie durch ein von innerer
237 1580 772 1618 Nothwendigkeit gebotenes Gerinnen.
329 1610 1447 1655 Aber auch bei dieser Ueberzeugung konnte man nicht mit Ruhe beharren,
238 1654 1450 1703 da ein Engländer, Cruikshank, am Ende des vorigen Jahrhunderts die Eier
239 1696 1450 1741 der Kaninchen schon am dritten Tage nach der Befruchtung in den Eileitern
240 1738 1448 1788 fand  und man dadurch wieder zu der Graaf’schen Meinung zurückzukehren
240 1779 1453 1832 Veranlassung hatte, wofür auch eine gewisse Aehnlichkeit (wenn auch nicht
791 363 843 387 172
311 1892 825 1921 Graaf, De mulierum organis. 1672.
317 1928 882 1957 Haller, Opera minora Vol. II. N. XXXII.
331 1961 1147 1992 Philosophical Transactions 1797, und Reils Archiv Bd. II.
