1600 2416
136 401 1347 441 menhängenden Haut aus thierischem Stoffe, und nur der Kalk läſst Lücken, nicht
136 444 1346 486 aber der thierische Stoff . Beim Verdünsten muſs also die Feuchtigkeit, wie
135 487 1347 526 in vielen andern Verhältnissen, durch dieses vom unterliegenden Eiweiſse feucht
135 530 1346 570 erhaltene Blatt und seine Zotten hindurchgehen. Denselben Weg muſs die Luft
135 573 1346 610 nehmen, wenn die Luftblasen, die man aus einem Eie, das, unter Wasser lie-
133 616 1346 656 gend, einem verminderten Luftdrucke ausgesetzt wird, aufsteigen sieht, wirk-
132 658 1345 699 lich aus dem Innern des Eies kommen . Bei starker Verdünnung der Luft
131 701 1345 740 mag auch der vermehrte Druck von innen Zerreiſsungen der nicht verkalkten
131 745 1345 785 Stellen der Schaale erzeugen; denn nach sehr starkem und plötzlichem Auspum-
131 787 1346 824 pen sieht man Luftbläschen an einzelnen Stellen wie fortlaufende Strahlen auf-
131 831 1343 870 steigen. Daſs nicht ursprünglich offene Kanäle da sind, machen auch diejenigen
130 873 1343 908 Eier wahrscheinlich, in denen der Embryo abstirbt und der Inhalt faul wird.
130 916 1345 956 In ihnen ist die Luft zuweilen so stark zusammengepreſst, ohne einen Ausweg zu
129 959 1346 993 finden, daſs beim Aufbrechen der Schaale der Inhalt mit einem lauten Knall weit
129 1002 1346 1039 umhersprützt. Ob in solchen Fällen vielleicht die weichen Theile der Schaale
129 1046 1346 1082 mit den öligen Bestandtheilen, die in den Eiern sich finden, getränkt sind und
129 1088 1345 1124 deshalb die Luft nicht durchlassen, mag ich mit Bestimmtheit nicht entscheiden.
130 1131 1345 1168 Offenbar aber ist es, daſs der Luft keine offenen Durchgänge sich in solchen
128 1174 1347 1212 Eiern darbieten. Sie verbreiten keinen Geruch. Andere faul gewordene Eier
129 1216 1081 1244 verbreiten einen sehr starken Geruch und werden rasch leichter.
242 1259 1343 1299 In chemischer Hinsicht besteht die Schaale des Hühnereies nach
129 1301 1344 1337 Prout  aus kohlensaurem Kalke mit etwas kohlensaurem Talk, zusammen im
726 340 758 363 11
830 1987 883 2012 B 2
191 1413 1342 1439 Genauer angegeben ist das Verhältniſs so: Wenn die Eischaale eine Zeitlang der verdünn-
176 1444 1341 1469 ten Salpetersäure ausgesetzt worden ist und schon viele Luftblasen sich entwickelt haben, so
180 1474 1341 1501 löst sich ein continuirliches festes Blatt, das unter dem Microscope kleine Vorragungen (Zot-
178 1505 1341 1528 ten) erkennen läſst, von der innern Fläche ab. Ich habe den Versuch zu oft wiederholt und
176 1535 1341 1562 zu sorgsam die Schaalenhaut entfernt, um zu glauben, daſs dieses Blatt eine übersehene, frei
176 1596 1342 1624 halbe Decke behält. Aus dem Ueberreste löst sich nun allmählig auch der Kalk auf und es
180 1627 1340 1654 bleibt dann nur ein ganz dünner, nicht als Blatt zusammenhängender, schleimähnlicher Stoff
178 1658 1342 1686 zurück. Die Kalkschaale enthält also eine feste, aus thierischem Stoffe gebildete Hant mit
180 1689 1341 1715 Zotten und darüber noch etwas thierischen Stoff, von dem sich nicht bestimmen läſst, ob er
179 1719 1340 1747 mit jener Haut und ihren Zotten ursprünglich zusammenhing, und durch die Wirkung der
180 1750 1338 1777 Salpetersäure, die viele Luftblasen entwickelt, abgerissen ist, oder ursprünglich von ihr ge-
177 1784 313 1799 trennt war.
198 1823 1337 1849 Es ist nämlich noch nicht erwiesen, daſs die Luft, die sich in Blasen erhebt, nicht dem Ei
177 1854 1337 1882 vorher äuſserlich anhing. Dieses Anhängen läſst sich wenigstens von der zuerst aufsteigen-
177 1884 502 1908 den Luftmenge annehmen.
215 1920 1336 1948 Philosophical Transactions 1822 und Schweigger’s Neues Journal für Chemie und
177 1951 563 1976 Physik. N. F. Bd. VIII. S. 64.
