1600 2416
136 426 1352 478 steht, wie das Keimbläschen im Ei der Vögel und Reptilien . Es scheint in
135 469 1350 522 der That ein höher entwickeltes Keimbläschen, das, statt ganz kleiner fast
134 513 1352 571 durchsichtiger Körnchen, wie das Keimbläschen des Vogel-Eies, groſse, ausge-
132 556 1350 608 bildete und gefärbte Dotterkörner enthält, wogegen die umgebende Masse, die
131 599 1351 647 im Vogel beim Reifen des Eies zum Dotter wird, hier nicht viel über die Beschaf-
131 641 1351 694 fenheit einer bloſsen Lymphe hinausgeht. Erinnern wir uns nun, daſs in den
131 681 1350 739 Keimbläschen der spätgebärenden Eidechsen und Schlangen (§. 8. c.) eine deut-
130 728 1348 776 liche, gelbliche Schicht von Dotterkörnern bemerkt wurde, so hat man eine all-
128 770 1347 826 mählige Gradation und kann nicht zweifeln, daſs die Dotterkugel der Säugethiere
127 814 1347 862 eine höhere Entwickelung des Keimbläschens ist. In jenen Thieren hat das Keim-
123 857 1345 906 bläschen nur eine blasische Schicht von Dottersubstanz, in diesen ist es zu einer
124 900 766 942 Dotterkugel mit kleiner Höhlung geworden.
216 944 1343 994 Mit dieser höhern Entwickelung mag es zusammenhängen, daſs während
120 987 1340 1042 das Keimbläschen der spätgebärenden Reptilien, so viel ich beobachten konnte,
118 1029 1340 1079 beim Austritte des Eies aus dem Eierstocke eben so sich auflöst, wie das Keim-
117 1073 1339 1120 bläschen der Vögel, die Dotterkugel der Säugethiere fortbesteht und sich zum Ei
117 1116 1075 1165 entwickelt, wogegen die umgebene Masse hier verloren geht .
209 1159 1338 1207 Ich habe nach diesen Erfahrungen die Frage aufgeworfen: ob nicht die
118 1202 1336 1256 stärkere Entwickelung der Dottersubstanz im Keimbläschen mit dem längern Ver-
116 1246 1335 1293 weilen des Embryo im mütterlichen Körper in ursachlichem Verhältnisse
114 1288 1334 1345 steht ? habe aber später eine Beobachtung gemacht, die mir Zweifel erregt.
113 1332 1333 1383 Im Störe nämlich ist der Inhalt des Keimbläschens auch sehr consistent, ein wirk-
113 1375 1331 1430 licher Körper und stark gefärbt, zwar nicht gelb, sondern nach der Färbung des
111 1419 1330 1469 gesammten Eies dunkelbraun. Sollte der Stör etwa seine Jungen im Leibe aus-
108 1459 1328 1515 bilden? Es hat nicht viel Wahrscheinlichkeit, da ihre Anzahl sehr groſs und
106 1504 1327 1552 die Wege zum Austritte sehr weit und wenig geeignet scheinen, die Brut zurück-
105 1546 236 1574 zuhalten.
196 1591 1324 1643 Zur Paarungszeit vergröſsern sich ein oder mehrere Kapseln, je nach der
102 1633 1322 1684 Productionsfähigkeit des Thiers, und drängen schon deshalb gegen die Oberfläche
727 368 774 392 181
1353 1612 1468 1630 i. Fortlei-
1339 1638 1434 1655 tung des
1337 1643 1390 1681 Eies.
165 1731 1317 1776 Coste berichtet jedoch, in dieser Dotterkugel der Säugethiere noch ein Keimbläschen ge-
152 1762 1316 1802 funden zu haben. Ich habe die Untersuchung noch nicht wieder vornehmen können. Schon
151 1793 1315 1838 vor 4 Jahren sah ich allerdings in einem Schaaf-Ei, 45 Minuten nach der Befruchtung, etwas
150 1825 1313 1866 Helles, das ich aber für die durchscheinende Dotterhöhle hielt. Das Ei lag noch im Eier-
146 1856 226 1875 stocke.
170 1893 1310 1935 Ausführlicher habe ich von dem Ei im Eierstocke gehandelt in dem Sendschreiben: De ovi
146 1926 1302 1967 mammalium genesi, und in Heusinger’s Zeitschrift für Physiologie Jahrg. 1827. S 568.
145 1955 230 1980 u. folg.
174 1992 882 2023 Meckel’s Archiv für Anat. und Physiologie. 1827. S. 675.
