1600 2416
140 404 1347 461 Uebereinstimmung) der Graaf’schen Bläschen mit den Dotterkugeln der Vögel zu
138 446 1344 498 sprechen schien. Im ersten und zweiten Decennium des jetzigen Jahrhunderts be-
137 489 1345 541 wiesen Oken und Meckel, daſs der Embryo der Säugethiere in der That
136 532 1343 587 einen Dottersack habe, daſs das Nabelbläschen des Menschen und die Erythrois
134 574 1343 621 anderer Thiere nichts anders sein könnten und daſs diese Theile in früherer Zeit
133 614 1342 668 offen mit dem Darme communicirten, wie der Dottersack der Vögel. Auch die
132 658 1341 709 andern Theile der Eihüllen zeigten eine Uebereinstimmung. Die Evidenz des Be-
130 701 1340 747 weises wurde jedoch nicht allgemein anerkannt. Dutrochet und Cuvier führ-
129 742 1340 794 ten die Analogie zwischen dem Säugethier-Ei und dem Vogel-Ei noch weiter
127 783 1337 837 durch, und bewiesen insbesondere, daſs die Allantois wie beim Vogel in Gemein-
126 826 1337 881 schaft mit einer äuſsern Eihaut das Chorion bilde, Cuvier zweifelte aber (wie
124 868 1333 917 schon früher Emmert und später Fleischmann) an der offenen Communication
123 911 1335 959 des Nabelbläschens und der Erythrois mit dem Darme. Auch hatten beide die
122 953 1333 1011 Entstehungsweise der Allantois nicht auffinden können.  Ich verfolgte später
121 997 1333 1044 jene Bildungsweise der Allantois und des Chorions näher in ihrem Fortschreiten
119 1038 1333 1090 nach den verschiedenen Formen, die sie annimmt, um zu beweisen, daſs die Ver-
119 1080 1331 1131 schiedenheit des Chorions durch den Fruchthälter bedingt werde . Wie aber
117 1123 1331 1176 die äuſsere Eihaut entstehe, hatten Dutrochet und Cuvier ganz unberührt
116 1165 1329 1212 gelassen, eben so wie Prévost und Dumas, welche nicht nur wieder das Ei des
115 1208 1328 1264 Hundes in den Eileitern gefunden, sondern die Aehnlichkeit des jüngern Säuge-
115 1250 1326 1304 thier-Embryo mit dem Vogel-Embryo in vielen Einzelheiten nachgewiesen hat-
113 1291 1326 1349 ten . Da ich das Ei im Graaf’schen Bläschen als sehr kleine Dotterkugel aufge-
112 1334 1324 1392 funden hatte , war ich geneigt zu glauben, die äuſsere Eihaut sey eine ursprüng-
113 1377 1324 1430 liche aus dem Eierstocke mitgenommene. Bald darauf aber gelang es mir an Huf-
725 351 775 375 173
175 1486 1207 1528 Oken’s und Kieser’s Beiträge zur vergleichenden Anatomie und Physiologie 1807. 4.
185 1518 1320 1558 Wolff: Ueber die Bildung des Darmkanals im Hühnchen, übersetzt mit einleitender Abhand-
160 1549 476 1573 lung von Meckel 1812. 8.
199 1579 1319 1621 Cuvier, Mèmoires du Musèum d’histoire naturelle Vol. III. (1817). Dutrochet
158 1609 1104 1651 zuletzt in Mem. de la socièté médicale d’émulation. Vol. IX. (1826).
173 1640 1318 1680 Baer, Ueber die Gefäſsverbindung zwischen Mutter und Frucht. 1828. Gratulationsschrift zu
158 1670 446 1697 Sömmerrings Jubelfeier.
189 1701 980 1740 Annales des sciences naturelles. Tome III. p. 113. (1834).
209 1732 1315 1773 Baer, De ovi mammalium et hominis genesi Epistola 1827. XV. Dieses
159 1762 1313 1809 Vorkommen des Eies innerhalb des Graaf’schen Bläschens ist seitdem von Sharpey,
155 1793 1314 1835 Thomson (Edinb. new philos. Journal 1830. Oct.) und Seiler (Die Gebärmutter und
154 1823 1311 1870 das Ei des Menschen. 1832.) bestätigt worden. — Auch darin findet es seine Bestätigung, daſs
152 1854 1309 1900 seit der Erscheinung meiner Schrift mehrere Naturforscher glauben, das Ei schon früher gesehen
153 1884 1311 1931 und als solches erkannt zu haben. Herr Dr. Plagge hat zur Begründung seiner Ansprüche eine
152 1914 1313 1959 besondere Abhandlung in Meckel’s Archiv für Anat. u. Physiol. Jahrg. 1829. S. 193—202. ein-
153 1946 1312 1989 gerückt, in welcher er nachzuweisen sich bestrebt, daſs nicht nur von ihm das wahre Ei oder
