1600 2416
217 421 1432 474 Masse. Obgleich dieser Gegensatz in beiden Flächen des gesammten Keimes be-
218 464 1433 516 steht, so entwickelt sich doch ein ähnlicher in der Breite des Keimes, seine Mitte
218 506 1435 558 nämlich wird heller , die Peripherie dunkler : ein Gegensatz, der oft schon
220 566 673 603 vor dem Legen eingeleitet war.
333 592 1436 646 Der Gegensatz beider Oberflächen entwickelt sich weiter, und man kann
223 630 1437 681 nun von einer obern und einer untern Schicht sprechen; jene wollen wir die
224 677 1437 730 Hautschicht , diese die Schleimhautschicht nennen. Die Masse, die zwischen
223 721 1438 775 beiden liegt, hängt zum Theil mehr an der untern Schicht, zum Theil mehr an
223 766 1439 810 der obern an. So entwickeln sich allmählig zwei innere Schichten, eine untere
224 805 1442 853 und eine obere. In der untern von ihnen werden die Körner heller, lösen sich in
226 848 1440 902 Bläschen auf, und endlich fängt der Inhalt dieser Schicht zum Theil an zu flieſsen.
226 891 1443 944 Sie wird eine Gefäſsschicht. In der obern werden die Körner dunkler, sie wird
226 952 591 988 eine Fleischschicht .
801 364 839 392 68
62 623 154 641 Taf. IV.
63 648 131 673 Fig. 7.
286 1005 1445 1051 Der „durchsichtige Hof“ (Area pellucida) bei Wolff. Harvey und Malpighi hielten
278 1036 1445 1080 diese durchsichtige Stelle von Anfang an oder wenigstens nach der Erscheinung des Embryo
278 1068 1446 1108 für das Amnion und benannten sie so. Im Appendix hält Malpighi ihn auch mitunter für
280 1099 1447 1142 das Chorion, indem er in der Kopfscheide den Anfang des Amnions erkennt. Er kommt aber
278 1221 1449 1266 mehr auf die Flüssigkeit unter dem Keime, von der Malpighi glaubte, daſs sie in einem
270 1253 1450 1299 eigenen Sacke eingeschlossen sey — doch auch wieder ohne zu einer Bestimmtheit im Irr-
281 1283 1449 1324 thume zu kommen. Den Namen Fruchthof gab Pander in der deutschen Arbeit; in der
281 1325 989 1361 lateinischen ist die Wolff’sche Benennung beibehalten.
305 1369 640 1397 Area opaca nach Pander.
299 1382 1450 1428 In der angezogenen Abbildung ist die Hautschicht weiſs, begrenzt durch einen schwarzen
282 1412 1451 1458 Strich, die Fleischschicht dunkel, die Gefäſsschicht roth und die Schleimhautschicht gelb in
284 1453 1061 1489 Uebereinstimmung mit den Abbildungen der drei ersten Tafeln.
557 1477 1450 1512 Ich habe lange einen Namen für diese Schicht gewählt und wieder verworfen. Die Benen-
570 1507 1450 1545 nung „sensible Schicht“ würde den Charakter derselben am besten ausgesprochen haben.
286 1600 1454 1645 Benennung den Physiologen gezwungen geschienen haben, da man nur die Theile irritabel
286 1630 1453 1674 nennt, welche auf einwirkende Reize (irritamenta) sich selbst bewegen, nicht aber dieje-
288 1662 1455 1707 nigen Theile, welche nur durch andere bewegt werden, wie die Knochen; theils fand ich
288 1692 1456 1736 beim Weitergehen noch gröſsere Schwierigkeiten, wenn ich der Gefäſsschicht auf analoge
292 1724 1455 1767 Weise einen Namen geben wollte. Ich habe daher vorgezogen, alle Schichten nach den Thei-
292 1755 1456 1797 len zu benennen, in welche sie sich bei der Entwickelung ausbilden, oder aus welcher man
292 1786 1457 1829 sie darstellt, wenn man, wie hier, umgekehrt das Wirbelthier auf seine ursprüngliche Form
292 1815 1457 1857 reducirt. Eine nicht zu vermeidende Unbequemlichkeit ist es, daſs wir kein Wort haben,
293 1846 1458 1887 welches die Indifferenz von Haut und Centraltheil des Nervensystems in sich schlieſst. Da
295 1877 1458 1918 diese Schicht aber doch ursprünglich mehr den Charakter einer bekleidenden Haut hat, so
294 1928 592 1955 mag sie darnach heiſsen.
349 1939 1459 1980 Die ausführliche Darstellung aller dieser Sonderungen im Keime siehe in §. 1. des ersten
297 1970 1460 2015 Bandes, wo die Schichten nach Pander Blätter genannt werden. Vergl. besonders die An-
