1600 2416
216 418 1431 470 gewöhnlich noch ein Theil der Alkalien ungebunden, weshalb das Eiweiſs alka-
218 475 406 510 lisch reagirt.
328 503 1433 546 In dem Eiweiſse schwebt die gelbe Dotterkugel. Sie besteht aus dicklicher
216 546 1432 592 Dottersubstanz, welche von einer dünnen Haut, der Dotterhaut, umgeben wird.
216 590 1435 635 Ihre Form ist nicht völlig kugelig, sondern ellipsoidisch, indem ihre längste Axe
216 632 1435 680 wie die längste Axe des Eies gerichtet ist. Auch ist sie nicht ganz in der Mitte
218 675 1435 721 des Eies, sondern, da sie leichter als das Eiweiſs ist, so erhebt sie sich etwas in
216 718 1436 767 ihm gegen den Theil der Schaale, welcher bei irgend einer Lage des Eies oben
217 761 1437 811 liegt. In der Mitte der obern Fläche des Dotters erblickt man durch die Dotter-
216 803 1437 844 haut durchschimmernd einen weiſsen kreisförmigen Flecken, den Hahnentritt oder
217 846 1435 890 die Narbe. Von der Dotterkugel aus sieht man nach beiden Enden des Eies in das
217 888 1437 934 Eiweiſs zwei weiſse gedrelite Stränge hineinragen, welche die Hagelschnüre hei-
218 932 1438 978 ſsen. Wir wollen jetzt diese Theile einzeln ins Auge fassen und mit den letzteren
221 989 358 1024 anfangen.
332 1017 1437 1064 Die Hagelschnüre (Chalazae)  haben ihren Namen davon erhalten,
220 1060 1438 1104 daſs man beim ersten Anblick in jedem Ende des Eies zwei Reihen zusammen-
219 1102 1439 1154 hängender rundlicher Körperchen, die durch ihre weiſse Farbe sich bemerklich
219 1146 1437 1194 machen, zu erblicken glaubt. Eine nähere Betrachtung zeigt aber bald, daſs
219 1188 1440 1237 man hier gedrehte Schnüre vor sich hat und daſs die weiſsen Klümpchen nichts
220 1233 1440 1280 sind, als Windungen dieser Schnüre. Gewunden sind nämlich die Schnüre im-
220 1276 1441 1324 mer, wenn auch nicht immer auf dieselbe Weise. Entweder ist jede Schnur nur
221 1319 1439 1368 in sich gewunden, so daſs sie selbst grade ist wie ein Seil, und man spiralförmige
221 1361 1440 1407 Streifen, die Andeutungen der Windungen, nur an ihrer Oberfläche sieht. Sie
222 1405 1440 1448 ist aber auch dann nicht so gleichförmig dick wie ein Seil, sondern einzelne
223 1447 1440 1492 Stellen sind dicker. Oder jede Schnur ist auch selbst wie ein Pfropfenzieher um
223 1490 1437 1536 einen mittlern nicht ausgefüllten Cylinder gedreht. In diesem häufigern Falle
225 1532 1442 1577 besonders erscheinen die dem Auge am meisten zugekehrten Abschnitte als klum-
229 1575 1441 1628 pige Massen, wenn man ihren Zusammenhang in der Tiefe nicht gleich be-
230 1618 1442 1665 merkt . Diese Schnüre werden aber nicht wie Seile aus zusammengedrehten
76 525 203 543 d. Dotter-
55 548 202 575 kugel, Glo-
55 573 203 593 bus vitella-
56 598 202 623 rius. Fig. 2 c.
55 623 153 649 Fig. 3. f.
86 1030 207 1055 e. Hagel-
59 1056 156 1077 schnüre,
61 1082 169 1099 Chalazae.
61 1106 158 1131 Fig. 3. e.
806 358 839 384 14
284 1711 1444 1743 Vor dem Verbrennen ist aber ein Theil des Schwefels und Phosphors im ungesäuerten Zu-
283 1755 405 1775 stande da.
294 1779 1444 1811 Grandines; Tractus albuminosi; Appendices albuminis. Bei den letzteren Benennungen ist
286 1811 1444 1843 auſser dem weiſsen Strange auch das dritte Eiweiſs mit eingeschlossen. Ligamenta suspenso-
288 1855 405 1873 ria vitelli.
297 1875 1444 1910 Nicht selten sieht man auch auf jeder Seite zwei gesonderte weiſse Stränge, einen graden,
289 1906 1445 1945 nur in sich gewundenen, und einen meistens dünnern, der wie ein Pfropfenzieher in einiger
289 1936 1444 1975 Entfernung sich um den andern windet. Seltener sind auf einer Seite der Eier zwei Hagel-
291 1968 1420 2006 schnüre, die sich nicht um einander winden und mehr oder weniger von einander abstehen.
