1600 2479
304 260 1573 309 wandlungen Gebundene abzuscheiden, und dann die späteren
305 316 1573 365 Zugaben auf den Mannigfaltigkeiten einzuschlagender Wege
304 370 1574 416 (und unter der Vielfachheit der auf denselben eintreffbaren
304 426 1574 473 Schicksale) zu verfolgen. Das Endziel läuft aus in die
304 481 1581 528 gesetzliche Harmonie der Kräfte, die den Menschen auf
305 536 1574 585 geistig-körperliche Gesundheit im nationalen Gesellschafts-
305 594 1575 642 bande hinweist, um im ungestört organischen Fortschritt
304 651 1161 700 geistige Schöpfungen im All zu zeitigen.
400 709 1574 756 De non existentibus et non apparentibus eadem est ratio,
304 764 1573 813 wie gleiches auch für das Gegentheil gilt, und indem das
303 818 1573 866 Seiende (oder einmal Gewesene) wieder in Nichtseiendes
303 876 1572 924 nicht verschwinden kann, stellt sich die Fortdauer fest,
907 168 974 202 132
427 1018 1574 1056 Wenn man aus Anlass nicht zu beantwortender Fragen, das Dogma
302 1065 1573 1103 der Erkenntnissgrenze ohne Weiteres proclamirt, so ist das immer ein
302 1111 1573 1149 vorschneller Schritt (s. Rehmke). Auf neugestellte Fragen neue Antwort,
302 1156 1287 1196 ὁ καρπὸς τοῦ πνευματος (Gal.) in Verjüngung veredelbar.
440 1204 1574 1242 Wie die Formen unseres logischen und mathematischen Denken’s
303 1251 1572 1290 uns einerseits ewige Wahrheiten offenbaren, andererseits aber auch Er-
301 1299 1574 1341 kenntnissprincipien sind, durch deren Entwicklung und Anwendung wir
302 1347 1573 1387 die in der Natur vorhandene gesetzliche Ordnung entdecken, so führen uns
301 1395 1574 1435 die ethischen Ideen, deren Gehalt an und für sich das unvergänglich
303 1440 1579 1485 Werthvolle ist, auf den Gedanken einer noch andern und höheren Ordnung
303 1489 1573 1528 der Dinge, einer auf die Verwirklichung des Guten abzielenden moralischen
302 1535 1574 1579 Weltordnung (s. Drobisch). Dafür: la statistique morale et les principes
302 1581 1574 1620 qui doivent en former la base (bei Quetelet), wenn wir soweit kommen
304 1627 870 1666 (in der Théorie des probabilités).
460 1675 1574 1712 Am starrsten klebt an solchem Fortbestand die im westlichen
303 1724 1574 1766 Urtheil als windigste und (atheistisch) gottlos erklärte Religion des Osten’s,
303 1772 1574 1814 das Teufelswerk des „Affen-Gottes“ oder (bei den Kapuzinern) des
303 1820 1574 1860 ketzerischen Schreckgespenstes Manes. Durch den Schall von 84,000 Pauken
303 1866 1574 1909 werden die Wesen für die Epiphanie auf dem Uccadhvaja genannten
304 1912 1574 1958 Vimana (in der Lalita Vistara) zusammenberufen, und auch alle Schöpfungs-
304 1960 1573 2003 vorgänge bereits, in der Vivattatthahi-kappa, verlaufen wie immer, je nach dem
303 2007 1573 2053 Vordringen früherer Zerstörung in die Rupa-Terrassen, vor einer grösseren
304 2054 1574 2101 oder geringeren Menge von Zeugen. Unsere Weltweisen allerdings, da sie
303 2102 1574 2147 schwarz sehen, wo die buddhistischen weiss meinen, und umgekehrt, da sie
300 2150 1574 2194 ja hören, wo die buddhistischen nein sagen wollten, und umgekehrt, haben
304 2197 1574 2242 in den Erklärungen des Nirvana vorgezogen „cacumen radicis loco ponere“,
