1600 2479
91 297 1359 342 die Henne (s. Plutarch), und aus ihm der ωὀγενης, als Phanes
91 352 1360 400 (πρῶτος γαρ ἐφάνϑη) oder Protogonos. Wenn so für be-
91 406 1360 453 ginnende Scheidungen die Schaale „geheim die ungeheure
93 461 1361 508 Zeit umfangend“, zerbricht (wie beim Abwerfen durch Taaroa),
91 516 998 564 beginnt die Welt in Harmonien zu ordnen.
190 572 1362 619 Aus der Zerstörung das Leben, das deshalb auch (im
93 629 1363 674 Namen schon ausgedrückt) in Siva waltet, dem Vernichter
93 684 1363 731 in der Trimurti, mit dem Lingam als Symbol, und so wird
96 739 1363 786 „Erikapäos, der Vermehrer genannt, mit Priapos und Dio-
94 795 827 844 nysos“ (chthonischer Wandlungen).
190 850 1362 900 In solcher Schöpferkraft durchdringt die Gottheit das
96 909 1364 957 All, aber irdischer Existenz nur ihre Spanne Zeit gewährend,
95 967 1364 1011 aus Missverständniss freilich wie in Grönland und am
93 1021 1366 1069 Orinoko gemeint wird, aber ob miss oder nicht, unmissbar
94 1077 1366 1126 gewiss. Die Seele mag in Wiedergeburten rollen, zu Medita-
94 1135 1366 1184 tionshimmeln, den Rupehimmeln auf den Megga emporsteigen,
96 1193 1368 1242 die Essenz der Dinge zu erfassen, sie mag in der Gottheit
96 1250 1318 1298 absorbirt werden, in brahmanischer, oder von ihr gefressen
699 204 744 238 69
217 1371 1367 1413 Als vom christlichen Gott gesprochen wurde, „every where present,
97 1417 1368 1457 in plants etc.“, meinte ein Wafura: „Then this God is certainly in your arrak,
98 1464 1369 1505 for I never feel happier, than when I have drunk plenty of it“ (s. Earle).
233 1512 1371 1551 Tod wurde allgemein, weil „the children of the first man did not
98 1559 1369 1600 dig him up again, as one of the gods commanded“, indem dann „all men would
99 1607 1370 1649 have lived again after a few days interment (in Fiji). Wie in Sibirien
98 1656 1370 1694 wird auf den Aru-Inseln (s. Kolff) der Mund der Todten mit Speisen voll-
98 1702 1370 1741 gesteckt, denn „Essen und Trinken hält Leib und Seele zusammen“. Den
98 1749 1372 1791 zukünftigen Zustand verlachte der Kasya: „Wie es möglich sei, nach
100 1795 1368 1832 Frage über dem Tode zu leben und den Himmel von der Erde zu erreichen“
101 1841 1372 1881 (s. Berghaus). Der Baum, der früher dazu gedient, wurde abgehauen, wie
100 1888 1373 1928 in den mythologischen Ueberlieferungen zu finden (und noch in Australien).
248 1936 1373 1968 Als erfassbar und unfassbar existirt Brahma in den Formen von
100 1984 1141 2023 Purusha-rupena und Kala-rupena (nach der Vischnu-purana).
229 2031 1374 2072 Nachdem die Seele dreimal von den Göttern gegessen (in Tahiti)
104 2078 1376 2120 „it became a deified or imperishable spirit, might visit the world and inspire
101 2124 1376 2168 others (s. Ellis). Dem Essen geht das Braten vorher, mit Baumaterial für
102 2172 1376 2215 anderweitige Höllen. The gods roast the souls (in Fiji). Das Abschaben
102 2223 841 2255 der Knochen wird verschiedentlich raffinirt.
