1600 2676
839 1995 950 2036 §. 40.
387 2049 1409 2107 2) Entwickelung des kameraliſtiſchen Syſtemes.
353 2132 1533 2182 Weder eine reine Anordnung nach den Objekten der Wirth-
264 2182 1533 2235 ſchaft, wie ſchon verſucht wurde.1), noch eine ſolche nach den
265 2237 1532 2287 Subjekten derſelben kann ein genügendes Syſtem geben, gerade
264 2289 1531 2340 weil der Gegenſtand der Wiſſenſchaft ſo eminent praktiſch iſt.
265 2342 1533 2407 Beide Rückſichten müſſen die Theilungsprinzipien geben. Die
245 2389 1532 2445 Wirthſchaftslehre ſichtet bei den Wirthſchaften das Spezielle einer
262 143 306 176 58
264 231 1527 282 Fällen einen ſolchen, während ihr Beſitzer ſich dadurch bereichern kann, ohne ſie
263 270 1527 317 veräußern zu können. Kann aber das Leztere geſchehen, ſo iſt es gewiß ſtets nur
261 308 1527 355 zufolge beſonderer Umſtände, da ſich ſonſt die Kundſchaft freiwillig bei den beſten
260 346 1527 394 Leiſtungen im Verkehre ſammelt. Dieſe beſonderen Umſtände müſſen die Kundſchaft
260 384 1528 430 aber zu einem ausſchließlichen Beſitze ex lege oder de facto für die Zukunft gemacht
260 421 1526 466 haben; im erſten Falle iſt ſie ein Privilegium, im zweiten aber eine Art von
287 459 1526 508 Monopol zufolge des Mangels an Concurrenz. Ricardo, Principles of political
262 496 1527 539 economy. ch. 20., hat wegen ſeiner Anſicht von Werth auch eine verworrene
263 531 1527 580 Anſicht von riches (ſ. unten §. 57. Note 2. und §. 61. Note 2.). Denn er ſagt
265 570 1528 617 dort, dieſer richte ſich nicht nach dem Werthe, ſondern nach dem Ueberſchuſſe zur
264 607 1528 652 Befriedigung der Bedürfniſſe und zum Lebensgenuſſe. Allein der Widerſpruch iſt
264 643 1528 692 klar, da ſich nach ihm der Tauſchwerth nach Seltenheit und Menge, und Schwierig-
264 681 1527 727 keit der Schaffungsarbeit richtet, da die Möglichkeit der Bedürfnißbefriedigung und
264 719 1528 764 die Erhöhung des Lebensgenuſſes von dem Werthe, und nur bei gleichem Werthe
261 757 1527 803 von der Menge der Güter abhängt, da ſich nach jenem die Möglichkeit der Anſchaf-
259 792 469 822 fungen richtet.
397 843 1527 884 Abgeleitet von Werth, Werthſchaffen, Werthſchaft, Wirth-
258 876 1528 922 ſchaft. Es iſt unrichtig, als lezten Zweck der Wirthſchaft blos die Befriedigung
258 915 1528 957 der Bedürfniſſe anzugeben, und um zum Begriffe der Wirthſchaft zu gelangen, von
259 952 1528 995 dem Bedürfniſſe auszugehen. Seeger Syſtem. S. 17. Hermann, ſtaatswirth.
257 990 1528 1032 Unterſuchungen. Abh. I. §. 3. Denn einerſeits iſt alsdann wegen der vielfachen
259 1025 1529 1070 Gründe der Bedürfniſſe die Frage gar nicht beantwortet, und anderſeits begnügt
258 1063 1529 1105 ſich das menſchliche Streben nicht mit der Befriedigung der Bedürfniſſe, es will
258 1100 1528 1142 immer Erhöhung des Lebensgenuſſes, im Vergleiche zu welchem am Ende die
231 1137 1276 1178 Bedürfniſſe ſehr verſchwinden. Rau, Ueber die Kameralwiſſ. §. 9.
382 1185 1528 1226 Mit dem Sonnenſchein, Regen, Winde, der Luft, dem Waſſer, der Erde,
259 1220 1528 1261 als Ganzen, u. ſ. w. findet keine Wirthſchaft Statt, obſchon man aus einer
260 1258 1528 1302 ſonnigen Bleiche, aus einem Zuber Regenwaſſer, aus dem Winde bei einem Gebläſe,
261 1297 1529 1335 aus Gasarten, aus einem Brunnen, und aus einem Stücke Boden oder einem
262 1333 1527 1375 Wagen voll Erde vielen wirthſchaftlichen Nutzen ziehen kann. Hermann a. a. O.
262 1371 1529 1416 unterſcheidet daher freie und wirthſchaftliche Güter, was ſo viel iſt als Güter
263 1408 1248 1445 ohne und mit Tauſchwerth. Rau, über die Kameralwiſſ. §. 11.
404 1456 1529 1496 Der Begriff Oekonomie iſt nicht gleichbedeutend mit Wirthſchaft,
261 1491 1529 1531 obſchon in der Regel ſo gebraucht. Daher war auch das früher gebrauchte Oeko-
260 1529 1530 1568 nomik für Wirthſchaftslehre nicht richtig, obſchon beſſer als Oekonomie. Am
260 1566 1529 1605 verwerflichſten iſt der Gebrauch von Oekonomie für Landwirthſchaft. Ari-
260 1603 1530 1645 ſtoteles unterſcheidet im Begriffe von οἰκονομια (von οἴκος und νέμω) die Bezie-
259 1640 1530 1679 hung zwiſchen dem Herrn und Sklaven, zwiſchen Mann und Frau, Eltern und
259 1677 1530 1719 Kindern, und den Erwerb (κτῆσις). Der Zweck der Oekonomie iſt darnach gegen-
260 1713 1528 1755 ſeitige Unterſtützung und Leitung der Familienſachen zur Ausbildung der Mitglieder,
260 1753 1530 1799 wozu der Erwerb nur als Mittel erſchien, aber an ſich nicht geachtet wurde. Im
260 1789 1530 1830 Begriffe von Oekonomie kommen alſo auch alle Güter vor, welche keinen Tauſchwerth
260 1826 1551 1867 haben, nämlich alle körperloſen äußeren und die inneren Güter. Die Oekonomie
262 1862 1530 1906 (Haushaltung) iſt alſo die Thätigkeit zur Erwerbung, Erhaltung und Anwendung
262 1902 1437 1941 von Gütern überhaupt, die Wirthſchaft aber nur Theil und Mittel derſelben.
