1600 2676
850 603 965 643 §. 48.
531 666 1282 705 Fortſetzung. Verkehrsbedürfniſſe.
355 730 1540 777 Unter den Verkehrsbedürfniſſen ſind nicht jene objektiven
270 783 1543 830 Bedürfniſſe zu verſtehen, womit der Verkehr den Menſchen ver-
252 835 1541 884 ſteht; denn in dieſem Sinne gehören auch Naturbedürfniſſe, z. B.
261 889 1542 934 Nahrung und Kleidung, dazu. Sie ſind vielmehr diejenigen Be-
266 941 1540 986 dürfniſſe, in welche der Menſch durch das Verkehrsleben geſetzt
267 993 1542 1039 wird. Sie ſind außerordentlich verſchiedener Art, und können
268 1045 1541 1092 nach den Rangſtufen geordnet werden, welche die Bürger und ihre
268 1097 1541 1144 geſellſchaftliche Vereinungen im Verkehre einnehmen. Objektiv iſt
269 1149 1541 1198 aber darunter alles dasjenige zu rechnen, ohne was eine Bürger-
269 1202 1539 1248 klaſſe und eine geſellſchaftliche Vereinigung der Bürger nicht ſo
272 1254 1541 1303 exiſtiren kann, wie es ihre Zwecke und ihr geſelliges Zuſammen-
271 1307 1539 1352 leben erheiſchen. Sie ſind Folge von geſellſchaftlichen Gewohnheiten,
272 1358 1540 1404 Gebräuchen und Nothwendigkeiten, und für den Menſchen als
270 1411 1540 1461 Standesangehörigen ſo wie für die geſellſchaftlichen Vereinigungen
269 1459 1561 1508 als ſolche gerade ſo nothwendig, als die Naturbedürfniſſe für den
269 1516 1543 1567 Menſchen als Naturweſen. Man kann daher unterſcheiden: a) Ver-
268 1566 1542 1612 kehrsbedürfniſſe einzelner Bürgerklaſſen1); b) Verkehrsbedürfniſſe
269 1619 1542 1664 von Geſellſchaften, als moraliſchen Perſonen, welche beſtimmte
269 1670 1542 1718 Zwecke befolgen2); c) Gemeindebedürfniſſe, d. h. welche für die
271 1722 1541 1768 Gemeinde, als moraliſche Perſonen mit beſtimmten Zwecken, ent-
270 1774 1541 1822 ſtehen; d) Staatsbedürfniſſe für alle Staatszwecke, und e) Be-
271 1828 832 1874 dürfniſſe der Völkerſtaaten3).
848 2224 962 2265 §. 49.
394 2282 1423 2327 Wirthſchaftliche Bedürfniſſe. Luxus. Bedarf.
366 2353 1541 2406 Wirthſchaftliche Bedürfniſſe ſind ſolche, welche blos
278 2406 1540 2453 wirthſchaftliche Güter betreffen. Sie ſind ſowohl Natur- als auch
274 169 318 201 68
414 251 1539 289 z. B. Nahrung, Kleidung, Wohnung, Schutz gegen die Naturgewalten,
274 295 373 323 Schlaf.
411 329 1540 360 Die Reiſebeſchreibungen bieten Beiſpiele in Menge dar. Aber die Bedürf-
273 366 1539 397 niſſe einzelner Individuen ſind nicht blos durch Naturzuſtände im ſtrikten Sinne,
270 403 1541 434 wie z. B. bei den verſchiedenen Krankheiten, ſondern auch durch die Macht der
271 441 1542 471 Gewohnheit, die dem Menſchen zur anderen Natur werden kann, begründet, wie
271 477 1540 509 z. B. das Bedürfniß eines Mittagsſchlafes, Spazierganges, des Tabackrauchens und
274 515 874 545 Schnupfens, des Branntwein-Trinkens.
408 1905 1541 1945 z. B. ſtandesmäßige Kleidung, Wohnung und Nahrung; verſchiedene Be-
271 1951 1540 1984 dürfniſſe je nach den eigenthümlichen Beſchäftigungen in Wiſſenſchaften, Künſten und
278 1991 424 2018 Gewerben.
412 2010 1521 2060 z. B. Lokale, Heitzung, Dienerſchaft, Bücher-, Modell-, Inſtrumenten-,
274 2064 720 2092 Naturalienſammlungen u. dgl.
417 2099 1541 2142 Dieſe drei lezten bürgerlichen und Staatsvereinigungen mit ihren großen
275 2135 1048 2173 Bedürfniſſen ſind beſonders in neueſter Zeit wichtig.
