1600 2676
44 215 1338 272 erſetzt: a) vermittelſt des Wetterſatzes, d. h. einer einfachen
45 273 1340 325 hölzernen, mit ledernen und hölzernen Röhren verſehenen Luft-
49 326 1339 379 pumpe; b) vermittelſt freier in den Gruben angemachter Feuer
52 380 1338 431 zur Conſumtion und Anſaugung der Luft; beſſer aber anſtatt ihrer
53 432 1342 481 c) vermittelſt der Wetter- (Wind-) Oefen, mit einer in die
54 485 1344 534 Grube führenden, die Wetter über ein Feuer auf einem Roſte
52 538 1344 586 leitenden, Röhre. Dieſe Oefen ſtehen außerhalb der Gruben und
52 591 1344 673 empfangen die Wetter durch die Lutten aus den Gräben herauf5).
631 1939 777 1979 §. 100.
509 2011 902 2052 5) Waſſerloſung.
154 2080 1356 2126 Die in den Gruben anzutreffenden Waſſer ſind nicht minder
63 2132 1353 2179 gefahrdrohend, als die Wetter, weil ſie nicht blos das Leben der
63 2186 1351 2236 Arbeiter gefährden, ſondern auch öfters den Fortbau unmöglich
63 2239 1350 2287 machen, d. h. die Gruben verſäufen. Auch gegen ſie hat man,
64 2293 1231 2339 entſprechend der Wetterloſung, drei Hauptmittel. Nämlich:
151 2345 1353 2396 1) Das Verdämmen (Cuvelage et Picotage) der Waſ-
63 2399 1352 2448 ſer, d. h. Vorrichtungen, um das Herzuſtrömen des Waſſers zu
1273 128 1338 165 127
192 674 1343 713 Delius Bergbaukunſt. II. S. 1. de Villefosse Mineralreichthum. II.
52 716 1347 751 216. III. 59. A. v. Humboldt, Ueber die unterirdiſchen Gasarten. Braunſchweig
53 753 1344 787 1799. Karſten Archiv. IX. 253. X 132. XIX. S. 518. Brard Grundriß.
52 796 176 824 S. 346.
195 837 1344 870 Beſonders in Steinkohlengruben, wo ſich viel Schwefel findet und die
52 875 1343 910 Steinkohlen in Haufen bei Feuchtigkeit erhitzen, in winkeligen Gruben, wo ſie
54 912 1345 946 keinen freien Abzug haben ſind ſie ſehr angehäuft und gefährlich. Auch ſtrömen ſie
56 950 1344 983 öfters gerade aus den Ulmen in Blaſen auf, über die man Röhren anbringen kann.
56 988 1345 1023 Oft hängen ſie in Bläschen an den Ulmen, die man zerdrücken kann u. dgl.
57 1025 1327 1060 Exploſionen können ſchon bei \frac{1}{13} Kohlenwaſſerſtoffgas in der Atmoſphäre entſtehen;
55 1065 511 1094 bei ⅖ verlöſchen die Lampen.
191 1109 1346 1144 Näheres darüber in den Annales des Mines. I. 177. VIII. 209. Gilberts
55 1146 1345 1184 Annalen der Phyſik. 1820. Karſten Archiv. I. a. 165. II. a. 173. II. b. 159.
55 1184 1347 1218 Dingler, polytechn. Journal. 1829. S. 125. Brard Grundriß. S. 361. Der
56 1222 1348 1258 Blechhut und die Befeſtigung des Platinſpirals, ſo wie das Zuſammendrehen
56 1260 1145 1292 von 8 Platindrähten in einen ſolchen iſt von Chevremont erfunden.
200 1306 1350 1338 Eine eigene Wetterführung des Bergingenieurs James Ryan beſchreibt
61 1343 1350 1377 Brard Grundriß. S. 359., nach Repertory of Arts. 1818., Karſtens Archiv.
60 1382 1069 1411 IX. 253. und Gray's prakt. Chemiker. Weimar 1829. S. 427.
193 1426 1348 1462 Die Dimenſionen eines ſolchen Ofens ſind nach Brard (Grundriß S. 357.)
61 1465 1348 1500 folgende: Ein runder Aſchenkaſten, 10 Zoll weit und bis unter den Roſt 2 Fuß
62 1502 1347 1535 hoch. Der runde Heitzkaſten, eben ſo weit, aber vom Roſte bis zum Kamine 18
60 1538 1348 1573 Zoll hoch, und, wo dieſes anfängt, gewölbt. Durchmeſſer des Kamins unten 12,
60 1577 1349 1611 oben 8 Zoll. Höhe des Ofens von der Sohle bis zur oberen Kaminöffnung 7 Fuß,
59 1614 1349 1651 Dicke der Mauern 2 Fuß, und inwendig aus Ziegelſteinen beſtehend. Die Heitz-
60 1652 1349 1684 thüre 9–10 Zoll [], Thüre des Aſchenkaſtens 18 Zoll hoch und 1 Fuß weit. —
60 1689 1350 1722 Das Feuer hängt man auch in Becken in die Schachte. Allein ſie ſind wegen der
60 1727 1347 1758 ſchlagenden Wetter gefährlich. Da ſie auf einem Roſte ruhen, ſo hat Chevre-
62 1764 1349 1799 mont deshalb vor den Roſt einen Rahmen mit Davy'ſchem Metallgaze ange-
64 1800 1350 1836 bracht. — Die Verſuche mit Chlorkalk zur Verbeſſerung der Wetter haben ſich
64 1839 1322 1871 nicht bewährt. Karſten Archiv. XVIII. 323 Brard Grundriß. S. 368–70.
