1600 2676
268 197 1533 259 des Rades mittheilen, oder endlich durch das Feldgeſtänge, eine
266 248 1532 308 komplizirte Maſchine, welche, wenn das Aufſchlagwaſſer vom
266 301 1532 361 Schachte entfernt liegt und fließt, die Radbewegung vom entfern-
264 356 1532 416 ten Waſſer her der Korbbewegung mittheilt1); d) der Dampf-
263 407 1528 465 maſchine, deren Kraft jede beliebige Richtung haben kann.
264 460 1530 520 e) Der Kette ohne Ende (Paternoſterwerk), bei nicht be-
264 511 1530 571 trächtlichen Schachtteufen; es gehen zwei Ketten ohne Ende ober-
265 563 1530 624 halb der Schachtmündung über zwei Räder, an denen hervorſtehende
264 614 1528 674 Zähne angebracht ſind, in welche die Kettenglieder greifen, und
264 666 1527 727 aber unten im Geſenke über Rollen; die Fördergefäße hängt man
262 720 1527 775 zwiſchen die Ketten in beſtimmte Glieder, und die obern Räder
259 774 1526 833 werden durch eine Triebkraft bewegt und ſo die Gefäße herauf-
256 828 1525 885 gewunden2); f) des Gegengewichtes, welches aus 2 Käſten
256 876 1527 940 beſteht, die an den beiden Enden eines Seiles hängen, das auf
256 930 1523 991 zwei Rollen geht; das eine Gefäß wird auf der Sohle des Schach-
256 982 1525 1041 tes immer mit Mineral, das andere am Mundloche mit Waſſer
256 1033 1502 1093 gefüllt, dies unten und jenes oben geleert und ſo abwechſelnd3).
340 1471 1434 1531 VII. Von dem Scheiden der Erze in und außer
765 1531 1010 1569 der Grube.
816 1611 953 1652 §. 107.
338 1674 1518 1733 In der Grube wird nicht ſogleich beim Aushauen des Geſteines
253 1726 1518 1790 die Sonderung der Erze vorgenommen, ſondern erſt nachdem eine
254 1777 1517 1843 Strecke verſchrämt iſt, reinigt man die Sohle und gewinnt aus
254 1831 1518 1893 den einzelnen Stücken mit den Fimmeln und kleinen Schüſſen die
256 1883 1518 1944 Erzmaſſe, dabei ſcheidet man dieſe nach ihrer Reinheit und Reich-
255 1936 1518 1996 haltigkeit noch vor der Förderung. Jede Unordnung beim Zer-
254 1987 1515 2049 ſchlagen, Scheiden und Fördern hat bedeutende Verluſte zur Folge
254 2041 1517 2100 durch das Zerſpringen, Zerſplittern, Zertreten, Beſchmutzen und
252 2090 1516 2156 öftere Umladen. Was man von der Grube aus ſogleich gediegen
252 2143 1515 2203 liefern kann, das braucht nicht in die Hüttenwerke zu gehen. Der
251 2195 1513 2258 Ausſchläger ſcheidet nicht blos die erzhaltigen Stücke (Gänge)
249 2251 1515 2312 von dem tauben Geſteine (Bergen), ſondern auch die Gänge
249 2298 1515 2363 ſelbſt wieder nach Größe und Gehalt, und ladet ſie ſo in die För-
249 2352 1515 2419 derungsgefäße. So kommen auch die ganz guten (derben) Gänge
271 110 334 143 136
395 1120 1523 1161 Beſchreibung dieſer Maſchinen bis ins Einzelne finden ſich bei Brard
257 1156 653 1185 Grundriß. S. 250–266.
391 1203 1523 1243 Eine nähere Beſchreibung findet ſich, wie Brard angibt, in Brewster
255 1237 1522 1288 Edinburgh Encyclopaedia Art. Mine vol. XIV. p. 359. Art Railway vol. XVII.
256 1275 663 1307 p. 309. Taf. 394 u. 477.
388 1323 1523 1367 Dieſe Methode iſt angewendet in der Steinkohlengrube des Lord Fitz-Wil-
257 1357 821 1400 liam bei New Kaskgade in England.
