1600 2676
257 246 1515 294 gefüllte Gangſpaltungen. Denn gewöhnlich kommen nur Metalle
256 299 1516 349 und edle Steine als Gänge vor. Druſen ſind leere oder an den
255 352 1517 404 innern Wänden mit Kryſtallen bewachſene, die Gänge unterbrechende
256 405 1517 453 Räume. Ein ſchmaler neben einem breiten Gange heißt Neben-
257 458 1517 507 gang; das was einen Gang einſchließt Nebengeſtein; die glatte
259 511 1514 558 oder gefurchte unmittelbar an dieſes anſtoßende Seite des Ganges
260 563 1516 611 Saalband; und die zwiſchen der Gangfläche und dem Nebenge-
259 616 1515 662 ſtein manchmal noch eingeſchobene Maſſe Beſteg3). Auch die
260 668 1514 715 Gänge keilen ſich aus. Sie zertrümmern ſich, wenn ſie ſich
256 721 1514 767 in mehrere kleine Keile zertheilen und endigen. Sie verdrücken
254 772 1511 818 ſich auch, aber thuen ſich auf, wenn ſie immer weiter werden.
254 826 1512 877 Sie machen einen Bauch, wenn ſie außerordentlich zunehmen,
251 878 1512 922 und gabeln ſich, wenn ſie ſich in zwei Keile theilen. Sie werden
250 928 1512 975 von Rücken durchſetzt, wenn ſie von anderen tauben Geſteinen
251 982 1511 1028 quer unterbrochen werden. Sie ändern ihre Gang- und Erzart
250 1034 1512 1091 nach der Natur des Nebengeſteins und auch bei gleichem Neben-
249 1087 393 1131 geſteine.
337 1138 1510 1185 3) Unregelmäßige Anhäufungen im Innern, als Nieren und
248 1190 1510 1238 Neſter, d. h. kleine Erz- und Steinmaſſen, welche von ziemlich
250 1243 1509 1289 gleichen Dimenſionen zerſtreut liegen; Butzenwerke oder Putzen,
247 1296 1511 1341 kleine nach allen Dimenſionen ziemlich gleich ausgedehnte und mit-
247 1348 1205 1393 unter durch Erz gefüllte zerſtreut liegende Räume.
816 1862 938 1902 §. 88.
593 1922 1154 1965 2) Lage der Lagerſtätten.
322 1941 1507 2028 Man unterſcheidet in dieſer Hinſicht zwei Hauptrichtungen,
250 2033 386 2079 nämlich:
341 2086 1485 2136 1) Das Streichen der Lagerſtätten, d. h. ihre Richtung,
249 2137 1506 2185 als Maſſen, nach den Himmelsgegenden. Zu ſeiner Beſtimmung
245 2191 1506 2243 denkt ſich der Bergmann den halben Horizont von Mitternacht bis
246 2243 1508 2289 Mittag, in 12 Stunden zu 15 Graden eine jede eingetheilt, und
247 2294 1506 2341 gibt je nach dem angegebenen Streichen die Stunde an, in der es
246 2346 1506 2394 den Horizont durchſchneidet. Stehende Gänge ſtreichen von
245 2399 1505 2448 Stunde 12–3; Morgengänge von Stunde 3–6; Spatgänge
263 162 324 198 112
388 1433 1508 1464 Brard Grundriß. S. 6–34. Werner, Theorie von der Entſtehung
248 1469 1509 1501 der Gänge. Freiberg 1791. v. Charpentier, Beobachtungen über die Lagerſtätten
244 1506 1510 1538 der Erze. Leipzig 1799. Karſten Archiv. IV. 3. Schmidt, Beiträge zur Lehre
247 1543 1509 1575 von den Gängen. Siegen 1827. Deſſelben Theorie der Verſchiebungen älterer
246 1579 1509 1645 Gänge. Frankfurt 1810. v. Moll, Jahrbücher für Berg- und Hüttenkunde. IV. 2.
242 1616 335 1645 (1810.)
381 1664 1507 1698 Lager bilden z. B. die Braunkohlen, die Kalkſteine, der Thon, Gips und
242 1692 1508 1736 Thonſchiefer. Die Metalle kommen in ihnen nur als Körner oder Schnürchen oder
247 1737 566 1765 einzelnen Maſſen vor.
373 1770 1507 1815 Daſſelbe beſteht aus einem feinen Thone, aus fetter Erde, Steinmark u. dgl.
