1600 2676
246 217 1508 287 Doch waren die Schriften dieſer beiden nicht die erſten, denn ſchon
246 283 1509 337 am Ende des zweiten Jahrzehnts hatte Lau12) über das Ka-
245 344 651 390 meralfach geſchrieben.
847 2216 959 2256 §. 28.
456 2271 1357 2315 Fortſetzung. Univerſitätsſtudium derſelben.
364 2331 1539 2381 Als nun ſo einmal der Anfang mit der Begründung des
280 2383 1542 2448 kameraliſtiſchen Studiums auf Univerſitäten gemacht war, ſo folgte
242 158 286 191 34
374 427 1509 459 Weber Entwurf. S. 141. Schreber, Neue Cameralſchriften. Bd. VI.
248 472 353 498 S. 50.
374 500 1510 532 Sein berühmtes, immer werthvolles Buch heißt: Der teutſche Fürſtenſtaat.
248 539 1511 574 III Thle. Gotha 1656. Dritte vermehrte Auflage Frankfurt a. M. 1665. Die
251 576 1519 609 fünfte Frankfurt a. M. 1678. Ausgabe von A. F. v. Biechling. Jena 1737.
251 612 1513 645 Dieſes Buch erlebte 9 Auflagen. Es diente dem Juriſten Thomaſius in Halle,
253 649 1513 682 nach ihm dem Kanzler von Ludewig daſelbſt, und dem Prof. Frankenſtein in
252 685 1514 721 Leipzig als Leitfaden zu Vorleſungen. Weber Entwurf. S. 143. Sehr wichtig
251 722 1514 758 dazu iſt die Vergleichung der Abhandlung darüber in (v. Pfeiffer) Berichtigungen
249 760 1515 794 berühmter Staats-, Finanz-, Polizei-, Cameral-, Commerz- und ökonomiſchen
249 794 1514 831 Schriften des 18ten Jahrhunderts (Frankfurt a. M. 1781–84. VI. Bde. 8.).
249 839 601 867 Bd. I. S. 309–388.
377 880 1516 913 Sein berühmtes Werk: Fürſtl. Schatz- und Rentkammer. Leipzig 1686.
249 922 606 957 erlebte auch 9 Auflagen.
382 962 1517 995 Sein, nicht unter ſeinem Namen erſchienenes, einen umfaſſenden Geiſt
246 1000 1518 1030 beurkundendes Werk: Oeſterreich über Alles, wenn es nur will. 1654. hat mehrere
249 1035 1499 1071 Auflagen erlebt, worunter die neueſte und bemerkenswertheſte den Titel führt:
248 1072 1518 1110 Joh. v. Horneck, Bemerkungen über die öſterreich. Staatsökonomie, ganz umge-
250 1110 1519 1143 arbeitet und mit Anmerkungen verſehen von B. F. Herrmann. Berlin und
251 1153 464 1181 Stettin 1784.
386 1192 1521 1226 Seine a. 1712 zu Leipzig gehaltene und vertheidigte Diſſertation: De
253 1229 1521 1266 excolendo studio oeconomico tam principum, quam privatorum. Seine Haus-
255 1272 647 1302 haltungsbibliothek. §. 26.
387 1311 1522 1348 Projekt der Oeconomik, entworfen von Anaſtaſio Sincero. Frankfurt
260 1355 534 1382 und Leipzig 1716.
385 1397 1211 1430 Sein Polyhiſtor. T. III. Weber Entwurf. S. 142.
382 1443 1026 1477 Seine Politica Parallela. cap. 10. p. 524.
384 1486 1526 1523 Das Hauptverdienſt hat dieſer Halle'ſche berühmte Rechtslehrer durch ſeine
259 1524 1526 1559 Vorleſungen über Seckendorff und durch ſeine Cautelae circastudium oeconomi-
259 1561 1291 1597 cum in ſeinen Cantelis circa praecognita jurisprudentiae. Cap. 17.
401 1606 1526 1640 Er ſchrieb a. 1729 ſeine: Einleitung zu den ökonomiſchen, politiſchen und
261 1644 1528 1680 Cameralwiſſenſchaften. Halle. 4. Aber ſchon a. 1727 ein: Programm von der
262 1680 1527 1716 allergnädigſt geſtifteten Profeſſion über Oeconomie-, Cameral- und Polizei-Sachen.
262 1717 1527 1758 Halle. 4. Man vrgl. v. Ludewig, Von der neu eingerichteten Profeſſion in Oeco-
263 1755 1529 1789 nomie-, Polizey- und Cammerſachen. Halle 1727. Deſſen Oeconomiſche Anmer-
264 1794 1122 1829 kungen zu Seckendorffs Fürſtenſtaat. S. 167–268.
412 1837 1530 1870 Er ſchrieb a. 1727 ſeine: Oration von der ihm gnädigſt conferirten Pro-
266 1875 1532 1908 feſſion der Oeconomie- und Cameralwiſſenſchaften zu Frankfurt a. d. O. in 4. Aber
267 1911 1532 1944 ſeine: Einleitung in die ökonomiſchen, Polizei- und Cameralwiſſenſchaften. Frank-
269 1947 1532 1984 furt a. d. O. 1729. erlebte 6 Auflagen, wovon die 5te v. Schreber Leipz. 1755,
270 1986 1004 2027 und die ſechste von demſelben a. 1769 erſchien.
418 2031 1534 2064 Sein: Aufrichtiger Vorſchlag von glücklicher, vortheilhaftiger, beſtändiger
275 2069 1534 2103 Einrichtung der Intraden und Einkünften der Souverainen und ihrer Unterthanen,
275 2105 1536 2140 in welchem von Polizei-, und Kammer-, Regocien- und Steuerſachen gehandelt wird.
277 2148 572 2179 Franfurt 1719. 4.
