1600 2676
643 1149 765 1191 §. 42.
573 1222 840 1262 Fortſetzung.
148 1287 1357 1336 Die früher üblich geweſene Eintheilung der bürgerlichen
65 1341 1359 1390 Wirthſchaftslehre in die Lehre von der Stadt- und Landwirthſchaft
66 1393 1360 1443 iſt jetzt ganz ohne Bedeutung, da in der Wirklichkeit ein ſolcher
64 1445 1360 1495 Unterſchied nicht mehr exiſtirt. Die ſpäteren Verſuche einer Ein-
66 1501 1359 1548 theilung nach den Objekten aus den drei Naturreichen ſind ganz
64 1554 1362 1601 unbrauchbar, weil ſie die einzelnen Gewerbsarten mehr oder we-
64 1604 1362 1653 niger durcheinander werfen1). Es handelt aber a) die Urge-
65 1660 1361 1706 werbslehre von der Gewinnung roher Erzeugniſſe, ohne vorheriges
66 1712 1363 1758 Einwirken auf die Entſtehung (Bergbaulehre) oder mit Ein-
65 1765 1363 1812 wirkung auf dieſelbe (Landwirthſchaftslehre). Die Land-
66 1819 1363 1865 wirthſchaftslehre lehrt die Feld-, Garten- und Wald- (Forſt-)
67 1872 1362 1918 Wirthſchaft2). Die mit ihr in Verbindung ſtehende Thierzucht
68 1926 1364 1971 iſt Zahmthierzucht oder das Waidwerk (Wildthierzucht),
74 1978 1367 2024 jene gehört zur Feld- und Gartenwirthſchaft, dieſes zur Forſt-
75 2032 1366 2078 wirthſchaft3). Es handelt b) die Kunſtgewerbslehre oder
75 2085 1365 2131 Technologie von der Veredelung der Rohſtoffe zur Erhöhung
73 2139 1366 2184 ihrer Brauchbarkeit. Die Anordnung dieſes wegen ſeiner Uner-
72 2191 1364 2238 meßlichkeit und fortwährenden Vergrößerung noch nicht völlig
74 2236 1365 2290 geordneten Stoffes geſchieht am beſten nach den verarbeiteten
74 2297 1366 2343 Stoffen4). Die beiden anderen Theilungsgründe, nämlich die
74 2351 1365 2397 Zwecke der Erzeugniſſe, und die Art der Verarbeitung (chemiſch
77 2404 1369 2451 oder mechaniſch) ſind ſehr unbrauchbar5). Da die Stoffe ent-
1290 136 1332 172 61
45 222 1349 274 Kunſtgewerbe könnte Verwirrungen veranlaſſen; der Ausdruck Gewerbe und
44 269 1016 304 Gewerbsbetrieb ſcheint obige Benennung zu rechtfertigen.
190 316 1339 349 Der von Rau a. a. O. §. 24. gewählte Ausdruck Erdarbeit möchte
49 348 1340 388 dennoch uneigentlich ſein, wenn auch Fiſche und Vögel mit zur Erde gerechnet
50 392 1340 425 werden müſſen; das von v. Soden gebrauchte Wort Urproduktion iſt bezeichnender,
51 428 1342 464 aber es enthält nicht zugleich den Begriff von Gewerb und Wirthſchaft; die Wahl
51 470 663 500 des Verf. dürfte daher wohl beſſer ſein.
180 513 1344 547 Die eigentliche Bedeutung des Wortes Gewerk hat Rau a. a. O. §. 24.
51 552 1349 584 ſo nach dem Sprachgebrauche fixirt, daß es die Kunſtgewerbe bezeichnet. Darjes
52 589 1352 625 (Erſte Gründe S. 27.) gebraucht es ſpeziell als Gegenſatz der Fabriken und Manu-
52 626 1353 660 fakturen zur Bezeichnung der Kunſtgewerbe, die in der Scheidung der Stoffe beſtehen.
188 673 1350 709 Man hat die Umſatzgeſchäfte auch ſchon als bloße perſönliche Dienſte
53 711 1350 747 anſehen wollen. Lotz, Handb. der Staatswirthſch. I. S. 186. Verri, Meditazioni
53 748 1348 787 sulla economia politica Milani 1771. = Classici Italiani di Economia Politica.
54 786 1349 821 Parte moderna. T. XV. §. 24. Die Gründe gegen dieſe Anſicht liegen ſchon im
54 830 225 859 Bisherigen.
197 870 1350 902 Der Ausdruck Dienſtgewerbe wird von Rau auch insbeſondere von den
58 909 1350 942 zu einer anhaltenden Beſchäftigung gewählten Dienſten gebraucht, z. B. vom Ge-
59 946 1351 978 werbe eines Gaſtwirthes, eines Schauſpielunternehmers. Allein dieſe Begründung
58 984 1354 1017 jenes eigenthümlichen Gebrauchs von Dienſtgewerbe ſcheint dem Verf. zu weit, da
60 1022 1356 1054 dieſer Ausdruck von jedem Geſchäfte jedes Arbeiters, womit er ſich nährt, auch
59 1062 410 1094 gebraucht werden kann.
