1600 2676
133 902 1339 952 II. Von der Geſtaltung, Lage und dem Maaßgehalte
509 958 956 1005 der Formationen1).
375 1119 1094 1163 1) Geſtaltung der Lagerſtätten.
183 1184 1378 1237 Es gibt verſchiedene Verbindungsformen (Lagerſtätten) nutz-
96 1244 604 1288 barer Mineralien, nämlich:
187 1288 1381 1342 1) Lager, d. h. Schichten von verhältnißmäßig geringer
101 1342 1383 1394 Dicke, von gleichem Alter mit dem ſie umgebenden (Neben-) Ge-
100 1393 1383 1447 ſteine, und von geringer Neigung gegen den Horizont. Sie heißen
102 1445 1382 1501 Flötze in den Flötzgebilden, z. B. Steinkohlenflötze; Bänke im
99 1496 1381 1551 Diluvium und in ungeſchichteten Felsarten; liegende Stöcke,
98 1550 1383 1605 wenn ſie ſich weniger in die Länge als in die Teufe erſtrecken;
100 1605 1385 1657 Stückgebirge, wenn ſie im Verhältniſſe zur Länge und Breite von
99 1656 1384 1710 außerordentlicher Teufe ſind. Sie keilen ſich aus, wenn ſie am
100 1709 1387 1758 Ende einen Keil bilden. Sie verdrücken ſich, wenn ſie ſich ver-
100 1763 1385 1809 dünnen. Sie bilden Mulden oder Becken (concave Biegungen),
103 1813 1387 1869 wenn ſie ſich nach dem Verdrückten wieder allmälig erweitern, aber
105 1866 1389 1920 Bückel oder Sättel (convexe Biegungen), wenn ſie ſich ſattel-
105 1919 1390 1974 förmig bilden. Flötze verwerfen ſich, wenn mehrere Flötze, die
105 1973 1392 2027 übereinander liegen, in combinatoriſcher Ordnung andere Stellen
107 2036 360 2080 einnehmen.2).
195 2078 1390 2133 2) Gänge, d. h. ſchmale Lagerſtätten von Mineralien, welche
104 2133 1389 2185 die Schichten eines Gebirgs durchſchneiden und von denſelben ver-
104 2187 1389 2239 ſchiedene Mineralmaſſen führen. Sie heißen Stockwerke, wenn
105 2238 1388 2291 viele kleine Gänge ſich auf einem Hauptpunkte durchkreutzen, und
106 2293 1388 2344 ſtehende Stöcke, bei geringer Erſtreckung und Auskeilung.
107 2344 1390 2398 Schlechten ſind leergebliebene Gangſpaltungen; taube oder
107 2397 1391 2450 faule Gänge ſind mit allerlei Bruchſtücken grober Materie aus-
1299 126 1367 183 111
224 235 1363 277 z. B. Kohlenſandſtein und Schieferthon vom Vorhandenſein von Steinkoh-
85 276 1364 313 len, denn ſie ſind nur Charakteriſtiſches der Steinkohlenformation; der Schwefel
84 314 1364 360 und Gips vom Vorhandenſein des Salzes und der Salzquellen; Granite von Zinn.
88 352 1036 393 Allein von der Möglichkeit zur Wirklichkeit gilt kein Schluß.
221 397 1349 433 z. B. Schiefer mit Pflanzenabdrücken, ſchwarzer Thon, kohlenſaures Eiſen,
90 436 1367 474 bituminöſer Schiefer vom Daſein von Steinkohlen; Wolfram vom Daſein des Zin-
90 473 1370 507 nes; ſalzhaltiger Thon vom Daſein von Salz; Gips vom Daſein ſalzhaltigen
89 510 1371 545 Thones; Quarz, Schwerſpath, Kalkſpath, Flußſpath, vom Vorhandenſein von Blei,
89 545 1376 588 Kupfer, Silber, Zink. Allein von dem gewöhnlichen Verbande darf man nicht auf
90 581 1220 619 den beſtändigen ſchließen, denn dieſe Mineralien kommen auch allein vor.
228 618 1376 665 z. B. in Schluchten, Bergwaſſern, ſteilen Felſen u. dgl. Der Anekdoten
90 667 1375 702 über Entdeckungen hiervon gibt es eine Menge. Hier gilt aber öfters das Aeſopiſche
92 704 1374 741 Partruriunt montes, et nascetur ridiculus mus. Man ſ. jedoch hierüber Brard,
91 737 1376 778 Grundriß der Bergbaukunde, v. Hartmann S. 4–6. und v. Leonhard's
91 778 1373 819 (vortreffliche) Agenda geognostica, Hülfsbuch für reiſende Gebirgsforscher. Heidel-
92 824 256 853 berg 1829.
