1600 2676
50 234 1342 292 ausgeglichen wird (§. 60.); h) die im ausſchließlichen Beſitze des
50 287 1342 350 Wirthes befindlichen immateriellen Güter, welche ſeinen Erwerb
54 340 1343 403 erhalten und befördern, z. B. Privilegien, Monopolien, Kund-
53 403 409 452 ſchaften u. dgl. m.
487 1475 938 1555 Drittes Hauptſtück.
115 1583 1297 1635 Von den Arten des Erwerbes im Allgemeinen.
647 1692 767 1733 §. 56.
148 1757 1355 1810 Obſchon die genannten Güterquellen bei jedem Erwerbe mehr
63 1809 1356 1863 oder weniger wirkſam ſind, ſo gibt es doch verſchiedene Erwerbs-
63 1863 1273 1916 arten, welche ſich aber in folgende Hauptarten ſondern laſſen:
152 1925 1359 1977 1) Erwerb durch unmittelbare Anwendung der genannten Gü-
66 1980 1336 2032 terquellen zur Hervorbringung von Gütern wegen ihres Gebrauch-
65 2033 1337 2084 und Tauſchwerthes. Hierher gehören die Ur- und Kunſtgewerbe.
156 2096 1357 2146 2) Erwerb durch Anwendung der genannten Güterquellen, um
67 2149 1357 2195 anderen damit materielle und immaterielle Güter und Nutzungen
64 2203 1355 2253 gegen Vergütung zu gewähren. Hierher gehört der Handel, das
63 2257 745 2305 Leihgeſchäft und die Dienſtgewerbe.
151 2317 1355 2362 Die beiden Arten des Erwerbs werden im beſonderen Theile
64 2370 1356 2421 nach ihren Eigenthümlichkeiten betrachtet. Bei der erſten Art liegt
62 2423 1357 2473 der Erwerb in den hervorgebrachten Gütern, bei der anderen aber
1295 138 1341 183 77
187 479 1347 523 Die Nutzcapitalien ſind ein ſtreitiger Punkt, und ſelbſt diejenigen Schrift-
52 517 1349 558 ſteller, welche ſie zum Verbrauchsvorrathe rechnen, mögen ihre Anſicht nicht überall
52 553 1349 596 conſequent durchführen, z. B. bei der Häuſerſteuer. Lotz (Handb. III. S. 285.)
51 592 1351 632 bleibt ſich conſequent, indem er dieſe für eine Conſumtionsſteuer erklärt. Welche
51 630 1352 670 widerſinnige Folgerungen daraus hervorgehen, zeigt die Finanzwiſſenſchaft. Daß die
52 670 1351 708 Gewerksgebäude Capital, die Luſthäuſer aber Verbrauchsvorrath ſind, gibt man zu.
54 706 1352 745 Bei Wohnhäuſern iſt das Eigenthümliche, daß ſie vermiethet werden und einen
53 743 1364 783 materiellen Ertrag geben können, ſo wie daß, wer ſich ein Haus baut, einen
53 779 1351 829 Miethzins erſpart. Zu läugnen iſt aber zugleich nicht, daß auch die Werkgebäude
48 818 1350 857 nur einen immateriellen Ertrag geben und darin den Wohnhäuſern gleich ſind. Da
54 855 1350 899 die Häuſer nun auch nur aus, der Erde abgewonnenen, Gütern beſtehen, ſo kann
56 893 1351 934 nichts entgegen ſein, ſie als Nutzcapital zu betrachten, das man beſtändig wieder
59 931 1351 970 mit Koſten erhält. Zudem iſt die Unterſcheidung der Gewerbs- und Wohngebäude
58 968 1368 1008 in vielen Fällen gar nicht thunlich. Unter demſelben Geſichtspunkte ſtehen z. B.
57 1006 1352 1044 auch die Bibliotheken und allerlei Sammlungen, welche als Nutzcapital erſcheinen
56 1042 1352 1083 bei demjenigen, der durch ſie nichts verdienen will, während ſie Erwerbscapital
55 1088 712 1121 ſind für den, der ſie zum Erwerbe benutzt.
184 1135 1352 1180 Hermann (ſtaatswirthſch. Unterſ. Abh. III. §. 10.) hat unrichtig blos die
57 1175 1353 1215 Erwerbscapitalien ſo eingetheilt, denn auch die Nutzcapitalien können vermiethet
55 1212 1353 1250 werden. Dadurch werden ſie zwar für den Eigenthümer Erwerbscapitalien, für den
57 1253 1009 1288 anderen bleiben ſie aber doch Nutzcapital, z. B. Bibliotheken.
194 1302 1355 1348 Hermann a. a. O. theilt nur die Werkcapitalien alſo ein, obſchon auch
61 1343 1356 1382 die Leihcapitalien beiderlei Natur ſein können, z. B. verliehenes Geld, vermiethete
63 1390 336 1420 Maſchinen u. dgl.
