1600 2676
220 227 1476 287 größere Landesdiſtrikte war der Großvogt, Vizedom oder Lan-
220 286 1474 340 deshauptmann geſtellt. Zur Berechnung der Einkünfte aus
217 339 1476 388 den Domänen und Gefällen war ihm ein Kammer- oder Rent-
219 391 1477 443 meiſter untergeordnet. Die Mittelbehörde war der Oberamt-
219 442 1476 493 mann oder Amtshauptmann, meiſtens ein Adeliger. Als
219 495 1474 547 Unterbehörden waren die Amtsverwalter, A. Schreiber, A.
223 548 1476 598 Kellner oder wie ſie ſonſt genannt wurden, über mehrere unter-
225 606 737 653 gebene Schreiber geſtellt5).
790 1110 901 1149 §. 25.
220 1169 1479 1219 Die deutſche Kammerverwaltung in den Reichslanden vom
456 1222 1239 1269 Jahre 1518 bis z. J. 1648 und ſpäter.
309 1289 1482 1346 Zu einem größeren Complexus von Geſchäften wuchs die Kam-
224 1341 1480 1394 merverwaltung nicht an. Nur die Poſtanſtalt trat noch hinzu1).
225 1392 1483 1449 Aber die zunehmende Bildung, die Erfahrung, die ſteigende Be-
223 1445 1481 1500 völkerung, die Vermehrung der Staatsausgaben, die Erweiterung
223 1494 1483 1548 des Gewerbsweſens, die religiöſen Spaltungen, das immer fühl-
222 1548 1484 1602 barere Bedürfniß genauerer Bildung des Volkes, der Gelehrten
224 1599 1485 1653 und Staatsdiener vergrößerten die Manchfaltigkeit derſelben eben
224 1649 1484 1709 ſo, als ſie die Ueberſicht und Führung erſchwerten2). Deshalb
199 1702 1484 1762 nahm der Organismus der Oberbehörden einen beſtimmteren Charak-
224 1755 1486 1810 ter an. Der nächſte Rath am Hofe des Landesherrn, jetzt ein
228 1805 1485 1864 Collegium unter dem Vorſitze des Kanzlers, Hofrath oder auch
228 1858 1486 1917 Regirung genannt, beſchäftigte ſich jetzt neben ſeinen bisherigen
229 1910 1486 1973 Juſtizgeſchäften auch mit demjenigen Theile der bisherigen Kam-
231 1959 1482 2021 merverwaltung, welchen man jetzt Regirungsſachen, beſonders
234 2012 1485 2075 auch ſpäter noch Adminiſtration, nannte3). Zur Verwaltung
233 2063 1488 2121 der Staatseinkünfte, der Finanzen, ward die ſogenannte Hof-
233 2115 1488 2173 kammer beſtellt4). Nur in den einzelnen Provinzen größerer
233 2165 1487 2226 Länder wurden auch Regirungscollegien errichtet, die unter
232 2219 1488 2284 dem Hofrathe ſtanden und das zu beſorgen hatten, was nicht
234 2273 1488 2338 Juſtizangelegenheiten war5), und in deren Bereich auch das
232 2321 1491 2384 Steuerweſen kam. In den unteren Behörden beſtand dieſe Tren-
236 2372 1490 2437 nung der Juſtiz, Adminiſtration und des Finanzweſens nicht ſo
218 158 264 192 30
340 688 879 726 Hüllmann Städteweſen. II. 255.
339 729 1478 772 Miraei Opera diplomat. T. II. p 1252. Diplom. Philippi ducis Burgun-
223 767 1478 807 diae de a. 1385. Hüllmann, Geſch. der Domänenbenutzung. S. 68. Rau,
221 813 651 841 Ueber die Kameralwiſſ. §. 3.
339 854 987 887 Rau, Ueber die Kameralwiſſenſchaft. §. 4.
348 893 1479 934 Eichhorn, deutſche St. und R. Geſchichte. III. S. 271. Hüllmann
219 941 630 974 Domänenbenutzung. S. 68.
294 976 1478 1021 Hüllmann Domänenbenutzung. S. 59–67. Eichhorn a. a. O. III.
221 1010 1403 1055 S. 268. v. Löw, Geſch. der Reichs- und Terr. Verfaſſung. S. 297. §. 25.
