1600 2452
486 159 1202 192 Fachschulen und Vereine 1831 bis 1850.
312 220 1466 264 Das Institut entsprach einem Polytechnikum. Da aber Bergbau
232 271 1465 311 und Eisenhüttenkunde für den Steiermärker die wichtigsten Industrieen
232 323 1466 368 waren, so strebte Erzherzog Johann danach, einen besonderen Lehr-
233 374 1466 420 stuhl für Berg- und Hüttenwesen an dem Johanneum zu errichten.
233 426 1465 471 Nach langen Verhandlungen  wurde endlich von den steierischen
234 479 1467 517 Ständen im Jahre 1836 beschlossen, einen solchen Lehrstuhl zu grün-
234 530 1465 572 den, aber nicht in Graz, sondern in Vordernberg, in dem Centrum
233 581 1467 620 der steierischen Eisenindustrie. Er sollte vorzugsweise dieser ge-
233 631 1466 671 widmet sein, mit dem Johanneum aber organisch verbunden bleiben.
233 682 1466 726 Diejenigen, welche sich dem Studium des Hüttenwesens widmen
233 732 1467 775 wollten, sollten erst den dreijährigen Kurs des Johanneums durch-
233 783 1464 822 machen und dann ein Jahr in Vordernberg in den Fachwissenschaften
233 832 1467 877 ausgebildet werden. Bereits im Jahre 1835 war der rechte Mann für
235 883 1466 926 diesen neuen und schwierigen Lehrstuhl gefunden: der erst 26jährige
235 934 1467 973 Peter Tunner wurde auf direkten Vorschlag des Erzherzogs
234 985 1467 1030 hierfür ernannt . Er war ein Kenner des steierischen Eisenhütten-
233 1036 1465 1076 wesens wie wohl kaum ein anderer; um aber seine Kenntnisse und
234 1088 1466 1124 seinen Blick zu erweitern und ihn für seinen Lehrberuf vorzubereiten,
233 1138 1464 1176 wurden auf Wunsch und unter Beihülfe des edlen Erzherzogs die
233 1188 1465 1231 Mittel bewilligt, um Tunner die wichtigsten Eisenindustriebezirke
234 1241 1468 1284 Europas besuchen zu lassen. Drei Jahre hindurch bereiste Tunner
235 1291 1467 1334 Österreich-Ungarn, Deutschland, Schweden, England und Schottland,
233 1343 1466 1385 Frankreich und Belgien und hatte dadurch Gelegenheit, einen Schatz
234 1394 1466 1433 von hüttenmännischen Kenntnissen zu sammeln, wie es nur wenigen
234 1452 611 1491 damals vergönnt war.
313 1497 1464 1539 Selten ist wohl ein Geldbetrag so gut angewendet worden und
233 1549 1467 1593 hat so reiche Früchte getragen, denn dadurch wurde Tunner der
235 1601 1468 1638 vortreffliche Lehrer und Förderer der Eisenhüttenkunde, als der er
234 167 291 194 390
351 1699 1467 1733 Siehe Denkschrift zur 50 jährigen Jubelfeier der kaiserl. königl. Bergaka-
234 1741 703 1767 demie in Leoben 1840 bis 1890.
354 1776 1468 1805 Peter Ritter von Tunner wurde am 10. Mai 1809 zu Untergraden bei
235 1814 1468 1846 Köflach auf dem Tunnerhammer geboren. Er besuchte das Polytechnikum in
235 1851 1468 1882 Wien, das er 1831 verlieſs. Bei seinem Vater, der als Verwalter des Eisenhoch-
234 1889 1468 1921 ofens in Turrach in fürstl. Schwarzenbergsche Dienste getreten war, hatte er
236 1926 1467 1959 Gelegenheit zu praktischer Ausbildung gehabt, so daſs er, kurz nachdem er Wien
236 1964 1467 1995 verlassen, die Stelle eines Verwalters des fürstl. Schwarzenbergschen Hammer-
235 2001 1466 2030 werkes Katsch bei Murau übernehmen konnte. Hier erzielte er solche Erfolge,
234 2038 1467 2072 daſs die Aufmerksamkeit Erzherzog Johanns auf ihn gelenkt wurde. Seine
235 2076 1468 2110 groſsen Verdienste um das Eisenhüttenwesen werden in unserer Geschichte häufig
236 2113 1468 2146 Erwähnung finden. Es sei nur noch bemerkt, daſs Tunner 1858 kaiserl. königl.
235 2152 1468 2184 Sektionsrat, 1864 als Ministerialrat unter Verleihung des Ordens der eisernen Krone
232 2189 1469 2217 in den Ritterstand erhoben wurde. Am 8. Juni 1897 starb Peter von Tunner
234 2229 526 2259 im 89. Lebensjahre.
