1600 2452
130 200 1365 240 über 3 Fuſs im Durchmesser. Die Achse machte 600 Umdrehungen in
131 253 1366 295 der Minute und wurde von einer Dampfmaschine in Bewegung gesetzt.
132 303 1367 345 Mittels dieses Gebläses schmolzen die Herren Carmichael 23 Ctr.
131 355 1367 403 Roheisen, indem sie zu 210 Pfd. desselben 23 Pfd. Koks gebrauchten,
134 407 1240 450 ohne die Füllkoks. Die Leistung war also eine sehr günstige.
213 457 1368 500 Am 17. Januar 1833 erhielt Alexander Clark von Holywell
132 510 1368 551 ein Patent auf einen Ventilator derselben Konstruktion , der zum
132 560 1368 611 Hausgebrauche, zum Anblasen der Öfen und zu anderen Zwecken
135 622 364 652 dienen sollte.
212 663 1368 710 Nach Guenyveau waren 1835 Ventilatorgebläse bereits in vielen
134 716 1369 758 Gieſsereien in Frankreich eingeführt, so zu Paris, Rouen, Lyon u. s. w.
134 766 1370 806 In Rouen wurde z. B. in der Gieſserei von James Martin et fils
134 816 1370 862 ein Ventilatorgebläse  zum Betriebe eines Kupolofens benutzt, welches
136 867 1370 913 durch ein Göpelwerk mit drei Pferden bewegt wurde. Dasselbe schmolz
138 923 705 963 1200 bis 1500 kg in der Stunde.
217 967 1371 1015 Guenyveau rühmt an den Ventilatoren die geringe Kraft, die
136 1019 1371 1064 erfordert werde, um den nötigen Wind zu erzeugen, die leichte Kon-
137 1070 1372 1115 struktion und dabei keine Reparaturen. Die Pressung sei allerdings
138 1126 1061 1169 schwach, sie betrage 30 bis 54 Linien Wasserdruck.
216 1175 1373 1213 Von einem Ventilator zu La Voulte bemerkt Varin, daſs er nur
137 1226 1374 1270 mit 11 mm Quecksilber blase, weshalb diese Gebläse für Winderhitzung
138 1286 432 1326 ungeeignet seien.
218 1329 1375 1373 Walther de St. Ange empfiehlt die Windradgebläse für
139 1380 1374 1426 Schmiedefeuer und Kupolöfen, dagegen wende man sie, obgleich sie
139 1432 1374 1480 die genügende Wärmemenge zu erzeugen vermöchten, bei Hochöfen
121 1489 864 1532 der schwachen Pressung wegen nicht an.
219 1535 1375 1574 Karsten bildet in seinem Handbuch der Eisenhüttenkunde 1841,
140 1587 1377 1633 Tab. XIV, zwei verschiedene Systeme von Ventilatoren ab, das eine,
140 1639 1377 1688 Fig. 141 (a. f. S.), mit geraden, das andere, Fig. 142 (a. f. S.), mit
141 1692 1377 1737 gebogenen Schaufeln. Hiervon ist als ein drittes System das mit
142 1744 1378 1790 geknickten Windflügeln, wie sie der Ventilator von Carmichael zeigt,
141 1786 1378 1841 zu unterscheiden. Als den günstigsten Knickungswinkel hat Létoret
142 1847 1377 1896 43° angegeben . Der Ingenieur Cadiat zu Paris hat in einem Auf-
143 1900 1378 1944 satz  über Ventilatoren mit geraden Flügeln folgende allgemeine
144 1953 440 1997 Sätze aufgestellt:
310 140 1185 183 Winderzeugung und Windführung 1831 bis 1850.
1307 140 1363 167 491
262 2073 992 2103 Siehe London Journal of Arts, Aug. 1833, S. 20.
257 2105 1378 2144 Beschrieben und abgebildet von M. de Saint Legier in Annales des mines,
145 2147 423 2178 4. Serie, VII, 1835.
262 2186 965 2217 Armengaud, Publication industrielle, II, 331.
263 2224 1066 2256 L. c. II, 323 und Berg- und hüttenmänn. Ztg. I, 981.
