1600 2452
289 198 1444 244 Bei Draht war die Zunahme des specifischen Gewichtes von Ma-
209 249 1247 295 terialeisen bis zum dünnsten Draht von 7,7938 bis 7,8425.
288 301 1441 348 Es war bereits früher nachgewiesen worden, daſs bei der Inan-
207 353 1441 400 spruchnahme des Eisens auf seine Festigkeit bleibende und nicht
206 405 914 446 bleibende Formveränderungen eintreten.
286 456 1439 507 Der berühmte Physiker Weber in Göttingen fand , daſs, so-
205 508 1438 556 lange hierbei nicht bleibende Formveränderungen eintreten, die
205 558 1437 608 Wärmeerscheinungen den allgemeinen Gesetzen folgen, so daſs
203 609 1437 661 bei Ausdehnung eine Wärmeverminderung, bei Zusammendrückung
203 659 1436 711 eine Wärmevermehrung eintritt. Bei bleibenden Formveränderungen
202 711 1434 759 treten dagegen immer bedeutende Temperaturerhöhungen ein. Die
203 760 1434 812 Temperatur des Eisens steigt um 100° C., wenn es um ⅛ ausgezogen
202 810 1433 861 oder zusammengedrückt wird. Die Gröſse der Formveränderung steht,
201 861 1433 904 solange die Grenze der vollkommenen Elasticität noch nicht über-
200 911 1432 961 schritten ist, im geraden Verhältnisse zu der Gröſse der Kraft, welche
199 962 932 1006 die Formveränderung hervorgebracht hat.
278 1015 1431 1058 Die Grenze der Elasticität des Eisens zu kennen ist von
199 1065 1431 1116 gröſster Wichtigkeit für die Verwendung des Eisens zu Bauzwecken,
197 1116 1429 1168 für Maschinen, kurz für jede Verwendung, wobei das Eisen haupt-
196 1167 1428 1213 sächlich auf seine Festigkeit in Anspruch genommen wird. Auch in
196 1216 1427 1270 dieser Periode wurden eine groſse Anzahl wichtiger Untersuchungen
194 1267 1427 1321 hierüber angestellt, von denen wir diejenigen von Karmarsch, Hodg-
194 1319 1426 1371 kinson und Brix  hervorheben. Die mit Drähten angestellten Ver-
192 1371 1267 1421 suche von Brix zeichnen sich durch groſse Genauigkeit aus.
271 1424 1425 1472 Brix fand, daſs der Eisendraht durch Ausglühen ca. 38 Proz.
190 1475 1423 1524 von seiner Festigkeit verliert. Die Festigkeit des geglühten Drahtes
189 1527 1422 1578 war nicht gröſser als die des groben Stabeisens, dessen Festigkeit im
190 1576 1025 1624 Mittel 60000 Pfd. auf den Quadratzoll beträgt.
268 1629 1421 1683 Die im groſsen angestellten Versuche von Eaton Hodgkinson,
188 1679 1421 1727 welche er mit Unterstützung der Eisenhüttenbesitzer Fairbairn und
187 1728 1420 1787 Lillie unternahm, um den für den Bau von Hängebrücken geeignet-
187 1782 1420 1841 sten Eisenbalken zu prüfen, sind von groſser praktischer Bedeutung .
212 136 270 165 394
534 138 1124 177 Physik des Eisens 1831 bis 1850.
307 1861 910 1896 Siehe Poggendorffs Annalen XX, 177.
304 1898 1418 1943 Abhandlung über die Kohäsions- und Elasticitätsverhältnisse einiger nach
184 1934 1417 1978 ihren Dimensionen beim Bau der Hängebrücken in Anwendung kommenden Eisen-
186 1972 1076 2009 drähte des In- und Auslandes. Mit 2 Tafeln. Berlin 1837.
305 2011 1416 2056 Eaton Hodgkinson veröffentlichte 1831 On Suspension-bridges. An in-
182 2048 1414 2092 quiry into the proper forms of their Catenaries (Kettenlinien) etc., und 1832
181 2086 1415 2130 Theoretical and Experimental Researches to ascertain the Strength and best Form
181 2124 402 2147 of Iron Beams.
263 2162 1416 2206 1834 veröffentlichte er eine Abhandlung über die Wirkung des Stoſses auf
180 2200 400 2230 eiserne Träger.
