1600 2474
222 176 1508 230 überhaupt nur jedesmal zwei bis drei Tage. In einer Woche erzeugt
223 229 1435 281 man 60 bis 70 Ctr. Eisen. Aus dieser Beschreibung scheint hervor-
226 282 1494 338 zugehen, daſs man in diesen Öfen abwechselnd Guſseisen und Schmiede-
228 322 1489 386 eisen erzeugte, ähnlich wie bei den Blauöfen im Schmalkaldischen.
310 384 1435 436 Eine andere eigentümliche Schmelzmethode, welche in der Gegend
229 447 1171 487 von Rom betrieben wurde, beschreibt Boccone :
313 494 1513 538 Das Erz bestand aus einer roten Erde. Alle sechs Stunden stach
231 525 1494 595 man ab. Bei der ersten Schmelzung erhielt man Klumpen von 200
231 578 1504 647 bis 300 Pfund. Das geschmolzene Metall sah dem weiſsen Markasit
235 631 1497 703 (Wasserkies) ähnlich, war spröde und nicht zu verwenden. Es wurde
235 688 1504 757 in kleine Stücke zerschlagen, und nachdem alles Eisen erster Schmelzung
238 744 1585 824 aus dem Ofen gelaufen war, von neuem in demselben Ofen nieder-
238 802 1568 861 geschmolzen. Nach acht Stunden öffnet man den Ofen zum Abstich.
240 848 1499 911 Das umgeschmolzene Eisen hat die Markasitfarbe nicht mehr, sondern
239 898 1500 963 bildet Stücke von rohem, höckerigem, ungleichförmigem Eisen, welches
244 952 1530 1011 altem Eisen ähnlich sah. — Dies war wohl kein Guſseisen, sondern
244 1003 1533 1067 eine Rohluppe, wie das Stück in Stücköfen, welche hier also erst bei
249 1079 887 1118 einer zweiten Schmelzung entstand.
330 1128 1531 1197 Auſser diesen direkten Gewinnungsmethoden, welche sich aus den
249 1175 1507 1248 ersten und ältesten Versuchen der Eisenbereitung historisch entwickelt
250 1216 1507 1294 haben, beschreibt Swedenborg ein ganz neues Verfahren dieser Art ,
250 1269 1511 1352 welches in England versuchsweise unternommen worden war, nämlich
252 1326 1472 1377 das Ausschmelzen von Eisenerzen im Flammofen mit Koks .
251 1371 1512 1455 Im Jahre 1729 wurden drei engl. Meilen von Whitehaven diese Ver-
254 1432 1510 1512 suche begonnen. Man mischte gepochtes Erz von Cumberland mit
256 1484 1467 1563 gemahlener Steinkohle. Zunächst wurden 8 Maſs oder 172 Pfund
257 1545 1453 1591 gepochtes Erz auf dem Herd eines Flamm- oder Reverberierofens
258 1603 1512 1653 (in furnum anemium, seu quem reverberii vocant) aufgetragen und
259 1648 1587 1707 acht bis zehn Minuten lang gebrannt und geröstet, wobei 8 Maſs
259 1708 1519 1759 rohes Erz 6½ Maſs oder 143 Pfund Röstgut gaben. Diesem gerösteten
261 1733 1526 1807 Erz wurde dann ½ Maſs ungeröstetes zugemischt, so daſs die Masse
264 1813 1530 1883 154 Pfund wog, welche in einer Mühle feingemahlen wurde. Dieses
262 1855 1505 1908 Erzpulver vermischte man alsdann mit 5 Maſs oder 35 Pfund Stein-
263 1919 1446 1970 kohle, setzte dann 1 Maſs Töpferthon zu, feuchtete die Masse mit
267 1973 1457 2023 2 Maſs (2 cyathorum vel sitularum aquae) Wasser an und mischte
225 132 285 160 130
559 122 1157 161 Direkte Schmiedeeisengewinnung.
397 2087 1452 2129 In den Museo di fisica et di experienze etc. Siehe Courtivron und
267 2130 1409 2165 Bouchu in v. Justis Schauplatz der Künste und Handwerke, III, S. 35.
392 2166 1435 2201 Tentamen novum Angliae venam ferri fundendi in caminis reverberii per
270 2207 1242 2246 carbones lapideos sive fossiles. Swedenborgius, loc. cit. p. 160.
395 2246 840 2280 Per carbones adustos fossiles.
