1600 2452
256 213 1489 254 die etwas länger als der Herd waren und an den beiden Enden Öff-
256 267 1487 308 nungen zur Aufnahme von Schlieſskeilen hatten. Die Stangen gingen
255 319 1487 360 auf der entgegengesetzten Seite aus der Thüröffnung heraus und dort
255 371 1489 411 durch die in einem zweiten gleichen Rahmen vorhandenen Löcher,
255 423 1486 462 und es wurden dort ebenfalls Schlieſskeile vorgesteckt. Auf diese Weise
254 474 1486 513 lagen die Koks auf den Stangen und zwischen den beiden Rahmen.
254 526 1488 566 An den Schlieſskeilen an der unteren Thüröffnung befestigte man vier
253 577 1486 616 doppelte Haken, welche mit einer Kette verbunden waren, und so
252 628 1489 669 wurden die Koks durch einen Haspel, der von einem Pferde bewegt
253 679 1485 720 wurde, in einer Masse aus dem Ofen gezogen. Diese einfache Operation
253 729 1487 770 ersparte viele Mühe, Arbeit und Kosten. Die ausgezogenen Koks
252 780 952 819 wurden sofort mit Wasser abgelöscht .
331 826 1491 870 Ganz ähnliche Öfen führte man in den folgenden Jahren auf
252 881 870 920 der Eisenhütte zu Maubeuge ein .
330 933 1485 971 Indem eine Anzahl englischer Koksöfen zu einer Batterie ver-
251 984 1485 1024 einigt wurden, bot sich günstige Gelegenheit, lange Cylinderkessel,
250 1031 1487 1077 welche senkrecht auf die Längsachsen der Öfen über dieselbe gelegt
250 1087 1483 1126 wurden, mit der abgehenden Hitze und den brennbaren Gasen der-
250 1138 1485 1178 selben zu heizen. Solche Verkokungsöfen mit Dampfkessel kamen in
250 1189 825 1227 den 40er Jahren in Belgien auf.
330 1240 1485 1279 Die Anwendung der aus den Koksöfen entweichenden Hitze zur
250 1291 1484 1333 Dampferzeugung war eine Erfindung von Moritz de Jongh zu War-
248 1344 1485 1382 rington in Lancastershire, welcher am 28. Februar 1824 ein Patent
248 1396 674 1435 darauf genommen hatte.
327 1448 1484 1488 Die älteste Anlage dieser Art in Belgien hatte das groſse Eisen-
248 1500 1482 1540 werk Couillet. Sie wurde bereits 1835 von Direktor Henrard pro-
243 1550 1483 1591 jektiert, kam aber erst 1843 zur Ausführung . Brunfaut hatte
247 1603 1481 1642 nämlich inzwischen ein Patent genommen, die Sohle der Koksöfen
247 1654 1482 1694 mit der verloren gehenden Wärme zu erhitzen, und man hatte diese
248 1699 1482 1748 Öfen in Couillet eingeführt. Es gelang aber später doch, die Über-
246 1757 1208 1801 hitze auch noch zur Dampferzeugung zu verwenden .
327 1809 1481 1844 Um das Jahr 1840 war zu Bordeaux von dem französischen
246 1860 1482 1904 Mühlenbaumeister Clavière zum Betriebe einer Mühle ein Dampf-
515 152 1227 185 Brennstoff und Hochofen 1831 bis 1850.
256 153 314 182 482
362 1968 1481 2002 Recueil de dessins et documents concernant les constructions métallurgiques,
245 2006 1479 2038 publié à Paris par Messieurs Walter et Leblanc de 1835 et 1839 und
244 2044 1262 2077 Walther de St. Ange, a. a. O. Deutsch von Hartmann, I, 49.
362 2081 1481 2115 Siehe Drouet, Sur la construction des fours à coke à une porte, dits
242 2119 1480 2154 fours français, et de ceux à deux portes qui se défournent instantanément au
246 2157 1197 2191 moyen d’un cabestan. Annales des mines 1841, 3. Serie, III, 3.
360 2195 1268 2229 Siehe Valerius, Handbuch der Roheisenfabrikation, S. 220.
362 2233 995 2267 Siehe Berg- u. hüttenm. Ztg. 1847, S. 673.
