1600 2395
139 191 1306 239 für sich noch keinen Rotbruch bewirken, tritt dieser auf bei 0,595
138 239 676 283 Kupfer und Schwefel zusammen.
210 304 1307 338 Nickel und Kobalt kommen nur selten in den Eisenerzen in
140 351 1309 395 merklichen Mengen vor. Daſs Nickel die Festigkeit des Eisens erhöht,
139 402 1304 443 war schon früher bekannt, doch waren die Ergebnisse der angestellten
141 441 1307 491 Versuche widersprechend, weil man kein reines Nickel verwendet hatte.
142 490 1307 540 Solches wird erst seit neuerer Zeit dargestellt und mit solchem stellte
141 538 1307 599 J. Riley 1889 seine wichtigen Versuche über Nickelstahl  an. Seit-
142 586 1307 635 dem wird mit Erfolg Nickelstahl mit 1 bis 5 Prozent Nickel be-
142 641 1011 683 sonders bei der Panzerplattenfabrikation verwendet.
210 698 1307 740 Ebenso ist die härtende Wirkung von Chrom und Wolfram
145 740 1308 791 schon länger bekannt und benutzt. Chromeisen (Ferrochrom) mit
144 790 1309 838 etwa 25 Prozent Chromgehalt hat man zu Terre-noire in Frankreich
132 840 1309 888 seit 1879 sogar im Hochofen dargestellt. A. Ledebur fand bei
143 881 1309 934 Chromstahl von 0,5 Prozent Chrom- und 0,91 Prozent Kohlenstoff-
143 937 1310 985 gehalt die Zerreiſsfestigkeit zu 86,9 kg auf 1 qmm bei 15,7 Prozent
143 980 1310 1035 Dehnung. Bei höherem Chromgehalt sinkt die Festigkeit und der
143 1029 1309 1084 Stahl wird spröde. 1 Prozent Chrom soll das zulässige Maximum
142 1084 1309 1126 sein. Besonders in Frankreich und in Amerika hat Chromstahl eine
142 1136 1310 1183 wachsende Rolle gespielt und es hat Howe über seine Anwendung
142 1182 659 1233 nähere Mitteilungen gemacht .
212 1247 1311 1287 Aluminium wird, seitdem es so viel billiger hergestellt wird,
141 1282 1309 1338 häufig zur Reinigung des Eisens von aufgelösten Oxyden verwendet;
201 1344 1310 1383 da sich dabei leicht etwas Aluminium im Eisen auflöst, so ist das
142 1381 1310 1437 Verhalten der Eisen-Aluminiumlegierungen von Wichtigkeit. Beim
142 1432 1311 1487 Schmelzen thonerdehaltiger Erze im Hochofen wird Aluminium nicht
142 1487 1311 1537 reduziert. Ein Aluminiumgehalt bis zu 0,2 Prozent vermehrt die
142 1530 1312 1589 Festigkeit, vermindert aber die Zähigkeit des schmiedbaren Eisens,
142 1589 1313 1634 ein hoher Gehalt ist schädlich, bei 0,5 Prozent hört die Schmiedbar-
162 1634 1311 1686 keit des Eisens auf . Aluminium macht das geschmolzene Eisen
142 1677 1312 1737 dickflüssig. Da sich Aluminium nicht mit Kohlenstoff verbindet, be-
142 1734 1000 1784 wirkt es ähnlich wie Silicium Graphitausscheidung.
214 1794 1312 1840 Das Aluminium ist ein vorzügliches Mittel, um schwerschmelzbare
171 1842 1311 1890 Metalle zu legieren. Henri Moissan in Paris hat hierauf 1894 ein
1250 146 1304 172 349
660 143 784 171 Chemie.
250 1949 1312 1983 Transact. of the Iron and Steel Instit. 1889, I, p. 45 und Stahl und Eisen
171 1973 312 2008 1889, S. 859.
253 2017 1312 2052 Engineering and Mining Journal 1887, I, p. 242; s. auch Howe, Metallurgy
181 2041 370 2085 of Steel I, p. 76.
251 2079 1312 2120 Über die Wirkung des Aluminiums auf Stahl hat Stead 1894 seine
164 2108 1231 2153 Erfahrungen im Journ. of the Iron and Steel Instit. 47, S. 77 veröffentlicht.
