1600 2395
315 223 1489 261 röstöfen mit Abrutschkegel zu Middlesborough  wurden durch pneuma-
314 266 1488 311 tische Aufzüge bedient. In Österreich konstruierte Jacobi einen
315 322 1487 358 Säulenröstofen mit besonderer Luftverteilung. Sehr groſse Röstöfen
314 370 1488 408 zu Gora Blagodat im Ural beschrieb Tunner 1871. Man baute 1874
314 419 1488 456 daselbst Flammröstöfen, die äuſserlich den Rachetteschen Hochöfen
314 467 1489 504 ähnlich waren. Sie waren länglich-viereckig und hatten eine Anzahl
313 515 1489 554 Feuerungen, die wie die Formen bei dem Rachetteofen verteilt waren.
314 563 1425 602 Die Feuerung geschah mit Holz, die Füllung betrug 106 Tonnen.
391 606 1490 647 Gasröstöfen waren in Schweden und in Österreich zu Anfang der
315 659 1489 698 siebziger Jahre sehr verbreitet; doch begannen dieselben seit der
314 708 1489 745 Mitte der siebziger Jahre sich auch in England einzuführen, wo
315 755 1488 791 W. Siemens, Howson und Wilson 1874 Patente auf Gasröstöfen
314 805 1487 843 genommen hatten . Die Röstöfen von Howson und Wilson wurden
314 854 841 891 im Clevelanddistrikt eingeführt.
391 903 1488 933 In Steiermark wurden auf dem Seſslerschen Werke zu Fridau
315 952 1488 990 verbesserte Gasröstöfen von K. Moser  erbaut. Gasröstöfen mit
315 1001 1489 1038 Regenerativfeuerung wurden 1878 von Schneider & Co. in Creuzot
315 1050 1488 1088 eingeführt. Die Westmanschen Röstöfen  in Schweden, welche
314 1099 1490 1137 durch Verbrennung von Hochofengasen mit Gebläsewind geheizt
313 1148 1489 1186 werden, wurden 1881 mit selbstthätiger Aufgebevorrichtung versehen.
316 1198 1488 1228 Um 1887 erfand Dillner in Schweden einen besonderen Flammröst-
314 1248 921 1285 ofen für schwefelhaltige Eisenerze .
391 1294 1489 1329 1888 nahm M. M. Blair in Paris ein deutsches Patent (D. R. P.
313 1342 1488 1385 Nr. 44115) auf einen Röstofen; desgleichen etwas später H. C. Bull
312 1394 1488 1435 in London (D. R. P. Nr. 46759) auf einen Ofen mit doppelten be-
313 1444 1488 1482 weglichen Rosten. In Amerika hatten 1890 verbesserte Westmansche
314 1492 1488 1532 Schachtöfen mit Gasfeuerung von Davis-Colby  besonders in
314 1545 782 1583 Alabama Eingang gefunden.
390 1589 1486 1630 Diese Öfen, bei denen der Gasverbrennungsraum den Röstraum
313 1634 1488 1680 ringförmig umgiebt, wurden neuerdings von Ch. J. Christian noch
314 1691 514 1730 verbessert .
390 1736 1488 1778 Eine ganz neue Art der Röstung ist die Röstung zum Zweck
315 1785 1488 1827 der Magnetisierung der Eisenerze als Vorbereitungsarbeit für die
315 1835 1488 1877 magnetische Aufbereitung. Diese kann nach der Art der Erze eine
314 166 372 192 430
640 163 1159 193 Hochöfen und Hochofenbetrieb.
426 1921 1158 1952 Siehe Wedding, Handbuch etc. 1898, II, Fig. 115.
429 1952 1488 1988 Siehe Kerpely, Die Anlage der Eisenhütten 1884, Taf. XLII und XLIII.
425 1988 1088 2022 Siehe Kerpely, a. a. O., Taf. LI, Fig. 1 u. 2.
428 2023 1234 2056 Siehe Wedding, Handbuch 1898, II, S. 327, Taf. XVII.
425 2057 1107 2091 Siehe Berg- und Hüttenmänn. Ztg. 1887, S. 295.
426 2091 1095 2123 Siehe Wedding, Handbuch 1898, II, Fig. 138.
425 2125 931 2156 Siehe Stahl und Eisen 1899, S. 774.
