1600 2452
389 197 1545 261 Karsten hat eine Anzahl Magneteisensteine analysiert, welche in
308 247 1544 314 ihrer Zusammensetzung gleich waren und die normale Verbindung
306 302 1541 368 von Eisenoxyd und Eisenoxydul im Verhältnis von 70 zu 30 zeigten.
306 351 1541 417 Viele Magneteisensteine zeigten aber abweichende Mischung; so fand
304 403 1541 470 Berthier in einem Magneteisenstein von la Plata 81,6 Oxyd und
306 456 1540 522 17 Oxydul, und Karsten bezeichnete als Blau-Magneterz oder Vignit
302 506 1538 568 einen Magneteisenstein, der vier Mischungsgewichte Magneteisenstein
302 557 1537 618 mit vier Mischungsgewichten kohlensaurem Eisenoxydul und einem
300 607 1416 668 Mischungsgewichte basisch phosphorsaurem Eisenoxyd enthielt.
381 666 1535 723 Drappiez fand in dem Roteisenstein von Bihain im Luxembur-
299 716 1535 781 gischen 87,0 Eisenoxyd, 5,0 Kieselerde, 2,0 Thonerde, 2,5 Manganoxyd
298 766 1533 832 und 3,5 Verlust. Berthier untersuchte verschiedene Glanzeisensteine .
296 815 1533 883 Karsten analysierte eine groſse Anzahl Raseneisensteine (Sumpf- und
296 866 1531 926 Wiesenerze . Titaneisen untersuchten die französischen Chemiker
293 918 1530 978 Berthier, Collet-Descostils und Cordier. Wolfram- und Chrom-
293 971 1528 1037 eisenstein analysierten Berzelius und Vauquelin u. a., Spateisen-
292 1023 1527 1083 steine (Pflinz, Stahlstein oder Weiſserz) Stromeyer, Karsten und
290 1073 1526 1141 Berthier. Letzterer analysierte die französischen Braunerze (mines
290 1123 1525 1185 douces), d. h. die verwitterten Spateisensteine . Ferner untersuchte
290 1175 1440 1245 er die französischen Kohleneisensteine , die oolithischen Erze .
370 1234 1522 1303 Sphärosiderite nannte Berthier diejenigen Thoneisensteine, in
287 1283 1523 1354 welchen das Eisen hauptsächlich als kohlensaures Eisenoxydul ent-
287 1334 1520 1407 halten ist. Er veröffentlichte davon eine groſse Zahl Analysen . Das
284 1387 1519 1452 phosphorsaure Eisenoxyd, die blaue Eisenerde, untersuchten Berzelius,
283 1438 1519 1505 Berthier u. a., Stromeyer insbesondere den Vivianit, sowie auch
283 1490 1061 1554 das Eisenpecherz (arseniksaures Eisenoxyd).
363 1544 1515 1606 Nachdem man eine genaue Kenntnis der chemischen Konstitution
281 1592 1515 1666 der Eisenerze und eine richtige Theorie der Schlackenbildung hatte,
280 1647 1515 1710 war die wissenschaftliche Unterlage für einen rationellen Hochofen-
279 1696 1512 1761 betrieb nach chemischen Grundsätzen gegeben. Es muſs dies als ein
279 1749 1512 1813 groſser Triumph der theoretischen Forschung bezeichnet werden. Seit-
277 1799 1512 1864 dem man den wahren Grund der Wirkung der Kieselerde bei der
277 1850 1511 1922 Schlackenbildung erkannt hatte, war es leicht geworden, sich über
275 1902 1509 1969 die Auswahl und über die Menge der Zuschläge beim Verschmelzen
595 140 1276 187 Die Chemie des Eisens 1816 bis 1830.
316 135 375 165 224
392 2020 887 2065 Siehe Karstens Archiv VI, 406.
392 2057 1160 2112 Siehe Karsten, Eisenhüttenkunde, 2. Aufl., §. 368.
353 2092 799 2139 Annales des mines IX, 825.
390 2134 710 2171 Ebendaselbst IV, 345.
388 2172 1055 2221 Annales de Chimie et Physique XXXV, 247.
386 2212 1083 2262 Karstens Archiv VI, 405; IX, 571; XII, 388.
