1600 2395
292 235 1467 276 Mangan ein zweites Maximum. Für die Praxis kommt bis jetzt nur
292 285 1466 322 die erstere Reihe in Betracht. Die harten Legierungen von hohem
292 334 1467 374 Mangangehalt sind zwar sehr interessant, haben aber noch keine Ver-
292 382 1466 422 wendung gefunden. In welchem Grade ein Mangangehalt auf die
293 430 1467 466 Härtezunahme innerhalb der Grenze bis zu 6 Prozent wirkt, läſst sich
292 479 1467 520 nicht genau bestimmen, weil dabei der Kohlenstoffgehalt von groſsem
293 527 1467 567 Einfluſs ist, doch hat Fr. C. G. Müller  den Satz aufgestellt, daſs
293 576 1467 611 im schmiedbaren Eisen 5 Tl. Mangan die gleiche Härtezunahme be-
292 622 1467 659 wirken wie 1 Tl. Kohlenstoff. Auch die Festigkeit des Eisens wird
293 672 1467 711 durch einen geringen Mangangehalt vermehrt, nimmt aber bei höherem
293 712 1468 760 Mangangehalt wieder ab. Wedding  nimmt 3 Prozent als Grenze
293 769 1468 807 an, während er zugleich 0,5 bis 0,6 Prozent bei 0,95 Prozent Kohlen-
294 818 1468 857 stoffgehalt als das günstigste Verhältnis bezeichnet. Auch für die
294 867 1468 905 Festigkeit hat Hadfield ein zweites Maximum bei 18 Prozent Mangan-
297 917 567 954 gehalt gefunden.
372 965 1468 1003 Siliciumhaltiges Eisenmangan wirkt stark reduzierend auf über-
295 1014 1469 1045 blasenes Fluſseisen und wird deshalb beim Bessemer- und Thomas-
295 1064 1469 1102 prozeſs öfter als sogenannter Silicospiegel verwendet. Pourcel  war
295 1112 1471 1152 der erste, der Silicospiegel im Hochofen darstellte. Er enthält meist
297 1163 1162 1201 20 Prozent Mangan und 8 bis 12 Prozent Silicium.
372 1211 1470 1250 Auſser den aufgeführten Elementen, welche wesentliche oder
294 1258 1469 1300 häufige Bestandteile des Eisens bilden, giebt es noch eine Anzahl
295 1309 1470 1348 seltener auftretender, welche die Qualität günstig oder ungünstig
294 1360 1399 1398 beeinflussen und deshalb unter Umständen von Wichtigkeit sind.
373 1410 1469 1450 Kupfer findet sich in manchen Eisenerzen, besonders im Spat-
295 1460 1472 1499 eisenstein und geht beim Schmelzen derselben in das Roheisen über.
295 1510 1470 1548 Es bleibt auch bei den verschiedenen Frischprozessen mit dem Eisen
296 1558 1470 1597 verbunden. Es erzeugt bei schmiedbarem Eisen Rotbruch; indes
294 1608 1471 1647 haben neuere Untersuchungen gezeigt, daſs die schädliche Wirkung
297 1656 1470 1694 des Kupfers wenigstens bis zu 1 Prozent nicht so groſs ist, wie man
296 1704 1472 1745 früher annahm. Sie ist gröſser auf kohlenstoffreichere Eisensorten,
296 1753 1471 1792 also gröſser auf Stahl als auf Schmiedeeisen. A. Wasum  hat durch
296 1801 1471 1842 Versuche nachgewiesen, daſs die Einwirkung auf Eisen mit 0,2 bis
297 1850 1471 1897 0,3 Prozent Kohlenstoff nur gering ist. Dagegen wird der schädliche
297 1898 1470 1941 Einfluſs des Kupfers verstärkt durch gleichzeitige Anwesenheit von
298 1947 1471 1990 Schwefel. Während 0,862 Prozent Kupfer und 0,15 Prozent Schwefel
292 180 347 207 348
812 176 937 205 Chemie.
410 2050 884 2079 Siehe Glasers Annalen X, S. 224.
410 2084 1441 2116 Verhandl. des Vereins zur Beförderung des Gewerbefleiſses 1881, S. 509.
409 2119 1150 2149 Siehe Gautier, Les alliages ferrométalliques, p. 96.
411 2153 921 2180 Siehe Stahl und Eisen 1882, S. 192.
