1600 2474
86 187 1337 228 mann in seinen „Beiträgen zur Geschichte der Erfindungen“ (Bd. I,
87 231 1335 281 S. 133 etc.) 1780 wieder die Aufmerksamkeit darauf lenkte, galt
87 285 1336 324 dies fast mehr der litterarischen Kuriosität als dem reichen In-
85 336 1338 384 halt, der noch heute eine Quelle der Belehrung bietet, welche erst
85 396 1338 437 von den neuesten metallurgischen Schriftstellern richtig gewürdigt
86 445 1339 490 worden ist . Leider giebt es keine deutsche Übersetzung des Werkes.
162 499 1338 541 Das Buch des Biringuccio heiſst einfach „Pyrotechnia“ oder
87 553 1338 593 genauer „Della pirotechnia, libri X“. Dasselbe ist aber kein „Feuer-
86 601 1338 642 werksbuch“, wie deren mehrere in dieser Periode erschienen sind
88 653 1338 694 und die sich darauf beschränken, die Künste vorzutragen, die ein ge-
88 705 1338 745 prüfter Büchsenmeister verstehen muſs, sondern es ist ein systematisches
87 750 1336 797 Lehrbuch der Metallurgie, in dem allerdings der Guſs und die Be-
88 805 1339 848 arbeitung der Kanonen, die Pulverbereitung und die Minierkunst mit
88 851 1338 899 behandelt sind. Es ist in italienischer Sprache in Briefform verfaſst.
164 911 1338 952 Konnten wir von Georg Agricola eine ziemlich ausführliche
88 956 1338 1004 Lebensbeschreibung geben, so wissen wir von Vanuccio Biringuccio
88 1009 1338 1058 (oder Biringoccio) fast nichts, als das, was er hier und da in seinem
87 1060 788 1108 Buche über sich selbst eingestreut hat.
164 1119 1339 1158 Er war von edlem Geschlecht in der Stadt Siena geboren, in
88 1169 1339 1204 welchem Jahre aber ist unbekannt. Er studierte Mathematik und
88 1215 1341 1263 Naturwissenschaften und wurde ein bedeutender, ja ein berühmter
88 1268 1339 1318 Ingenieur. Mazuchelli , der einzige Schriftsteller, der von Birin-
89 1328 1339 1368 guccio etwas zu sagen weis, nennt ihn einen Mathematiker, sehr
89 1379 1341 1419 erfahren besonders in der Kenntnis und der Schmelzung der Metalle,
88 1425 1339 1471 der um die Mitte des 16. Jahrhunderts gelebt habe. Er sei von ver-
89 1483 1340 1522 schiedenen Fürsten und Staaten seiner Kenntnisse wegen berufen
88 1537 1342 1578 worden, so von Peter Aloysius Farnese — den sein Vater Papst
87 1583 1341 1630 Paul III. 1545 zum ersten Herzoge von Parma gemacht hatte, der
89 1639 1343 1680 aber schon im Jahre 1547 ermordet wurde, von Herkules II. von Este,
88 1688 1341 1738 Herzog von Ferrara, der 1534 bis 1559 regierte  — und ebenso von
88 1743 1343 1791 der Republik Venedig. Mazuchelli nennt ihn den ersten Italiener,
88 1795 792 1842 der über Metallurgie geschrieben habe.
1296 125 1335 153 47
514 122 899 162 Vanuccio Biringuccio.
188 1921 691 1954 Siehe Percy, „Gold and Silver“.
192 1960 1344 1990 Siehe Mazuchelli, Scrittori d’Italia II, p. 1262. „Biringucci v. Birin-
88 1999 1345 2031 goccio (Vanuccio) Sanese“ ...... Fu chiamato da molti Principi ad operare
88 2035 1345 2069 presso di loro, e servi Pier Luigi Farnese Duca di Parma, poi Ercole d’Este, Duca
88 2069 1345 2107 di Ferrara, et appresso i Veneziani. Fu per adventura il primo de’ nostri Italiani
87 2109 918 2146 che scrivesse sopra la cognitione e il gitto de’ metalli.
190 2152 1345 2181 Beckmann ist entschieden im Irrtume, wenn er annimmt, der von Ma-
87 2187 1343 2223 zuchelli genannte Ercole d’Este sei Herkules I. gewesen, der 50 Jahre früher,
86 2226 523 2261 nämlich 1471 bis 1506, lebte.
