1600 2395
392 222 1488 260 Fast gleichzeitig mit Volhards Methode, im Jahre 1879, wurden
316 270 1488 311 von F. Keſsler  in Deutschland und von Pattinson  in England
315 320 1488 358 zwei andere Manganbestimmungen bekannt gemacht. Letztere er-
316 370 781 399 forderte nur die halbe Zeit.
391 417 1489 454 Keſslers Methode, bei welcher das Mangan durch Kochen mit
315 465 1490 503 Natriumacetat nach Zusatz von Brom und Chlorzink ausgefällt, der
315 513 1490 552 Niederschlag mit einer bestimmten Menge Chlorantimonlösung be-
315 562 1489 599 handelt, dann gelöst und mit Kaliumpermanganat titriert wird, leidet,
316 609 1492 647 abgesehen davon, daſs sie umständlicher ist, ebenfalls an dem Fehler,
315 657 1490 695 daſs das Mangan nicht als reines Dioxyd, sondern teilweise als Oxydul
315 707 569 743 ausgefällt wird.
392 753 1490 783 Pattinsons Methode wurde von A. Ledebur in Deutschland
317 802 1491 840 eingeführt und empfohlen. Sie gründet sich auf die Fällung des
316 850 1491 891 Mangans als Mangandioxyd durch Kaliumhypochlorid (Bleichkalk)
316 900 1490 937 und Kaliumkarbonat in Gegenwart von Eisenchlorid, deshalb wird sie
318 949 1490 987 auch öfter als „Chlorkalkprobe“ bezeichnet . Der Niederschlag wird
318 997 1491 1034 mit einer bestimmten Lösung Ferrosulfat unter Zusatz von Schwefel-
320 1042 1491 1083 säure gelöst und der Überschuſs des Ferrosulfats titriert. Die
317 1096 1491 1133 Methode ist gut für manganreiche Verbindungen, wie für Spiegeleisen
317 1145 1491 1183 und Ferromangan, geht aber wohl nicht schneller wie die Volhardsche.
394 1194 1491 1224 Auſser diesen Verfahren waren bis 1883 noch viele andere in
316 1244 1492 1282 Vorschlag gebracht worden, gewichts- und maſsanalytische, so von
317 1293 1491 1331 S. Kern (1876), A. Classen (1876), G. Rosenthal, Alf. Riche (1877),
316 1342 1490 1380 Beilstein und Jawein (1879), Kerpely (1879), Särnström (1881),
316 1391 1451 1431 Alex. E. Haswell (1881), Fremy (1881), F. D. Williams (1881).
392 1441 1491 1479 Von hervorragender Bedeutung war die von Hampe  (1883) ver-
315 1490 1492 1528 öffentlichte Chloratmethode. Es wird hierbei in Salpetersäure gelöst,
316 1539 1492 1578 hierauf das Mangan durch Zusatz von Kaliumchlorat und Kochen als
316 1588 1492 1628 Superoxydhydrat gefällt, der Niederschlag in verdünnter Schwefel-
316 1632 1492 1674 säure und Ferroammoniumsulfat gelöst und der Überschuſs mit
316 1684 1493 1724 Kaliumpermanganat zurücktitriert. Diese Methode ist für groſse und
316 1734 1493 1774 für kleine Mengen von Mangan brauchbar, wenn nicht viel Phosphor
317 1784 535 1814 anwesend ist.
393 1830 1492 1872 Die zahlreichen Vorschläge veranlaſsten Dr. Schmitt und
317 1878 1492 1920 C. Meineke, in der Generalversammlung des Vereins analytischer
317 164 372 190 360
841 162 965 190 Chemie.
430 1997 1028 2029 Zeitschrift für analyt. Chem. XVIII, S. 1.
429 2032 1489 2066 Journ. of the Chem. Soc. 1879, Juniheft S. 365; Zeitschr. für analyt. Chem.
319 2066 581 2093 1880, XIX, S. 346.
430 2100 1024 2132 Siehe H. Wedding, Handbuch I, S. 676.
429 2134 831 2163 Chemiker-Ztg. 1883, S. 1106.
