1600 2395
300 216 1475 258 (1888), Carnot, der Wasserstoffsuperoxyd zur Oxydation benutzt,
300 265 1475 307 Leop. Schneider  (1888), der Wismuttetraoxyd, später Bleisuper-
301 314 1475 355 oxyd hierfür anwendet, R. W. Atkinson, Perillon, A. Ghilain
300 363 1360 405 (1888), K. Rubicius (1891), M. A. von Reis (1892), Deshay.
377 412 1477 449 Kolorimetrische Manganbestimmungen wurden unter anderem
300 459 1478 500 empfohlen von Brunner (1874), Volhard (1879), Götz  (1882),
301 508 1478 546 Pichard, Osmond, A. de Rossi (1891), doch haben dieselben keine
303 560 672 597 Verbreitung gefunden.
378 604 1477 644 Dagegen hat sich das kolorimetrische Verfahren für die Be-
303 652 1477 692 stimmung des Schwefels im Eisen sehr bewährt. Vordem war es
303 700 1476 740 die Eggertzsche Probe mit Silberblech (s. Bd. IV, S. 792), seit 1886
303 748 1477 785 ist es die von Wiborgh angegebene Kadmiumprobe, welche in den
304 797 1478 835 Hüttenlaboratorien vorzugsweise angewendet wird. Eine mit Kadmium-
304 842 1478 884 acetat getränkte Zeugscheibe, welche die obere Öffnung des Apparates
304 895 1479 931 verschlieſst und durch welche aller bei der Lösung entwickelter
305 943 1479 978 Schwefelwasserstoff durchstreichen muſs, färbt sich heller oder dunkler
305 992 1478 1031 gelb. Die Farbentöne lassen sich leicht unterscheiden und mit den
306 1041 1479 1080 auf einer Tafel gedruckten Normalfarben vergleichen. Eine beigefügte
305 1090 1479 1130 Tabelle dient zur prozentualen Berechnung des Gehaltes. Diese Probe
305 1140 1479 1179 ist schärfer als die von Eggertz, weil die Farben leichter zu unter-
306 1189 1480 1226 scheiden sind, das Lösen unter Kochen geschieht und vollständiger
305 1238 1480 1278 ist. Als Betriebsprobe reicht sie aus, für wissenschaftliche Unter-
305 1286 1480 1327 suchungen nicht. Hierfür sind jetzt besonders zwei Methoden in
307 1336 1480 1375 Anwendung, die beide schon älter sind: das Johnstonsche Verfahren
306 1386 1297 1418 mit Brom und das Gintlsche Verfahren mit Eisenchlorid.
383 1439 1480 1479 Bei der Johnstonschen Methode  wird der bei der Lösung des
306 1487 1481 1527 Eisens entwickelte Schwefelwasserstoff in eine Lösung von Brom in
308 1538 1482 1579 Salzsäure geleitet und dadurch vollständig zu Schwefelsäure oxydiert.
308 1588 1481 1627 Es geschieht dies unter besonderen Vorsichtsmaſsregeln in einem
309 1634 1481 1675 eigens dafür konstruierten Apparat. Die Bromlösung mit der Schwefel-
308 1682 1481 1726 säure wird zur Verjagung des Broms eingedampft und die Schwefel-
308 1733 1483 1775 säure mit Chlorbaryum heiſs ausgefällt. Dieses Verfahren wird für
309 1779 1481 1823 genaue Schwefelbestimmungen sehr empfohlen . Classen und
310 1831 1100 1872 O. Bauer oxydieren mit Wasserstoffsuperoxyd.
386 1879 1482 1921 Gintls Methode , welche 1868 veröffentlicht wurde, besteht
301 161 355 188 362
824 157 948 186 Chemie.
424 1994 1392 2028 Siehe Österreich. Zeitschr. für Berg- und Hüttenwesen 1888, S. 608.
424 2029 1108 2061 Siehe Berg- und Hüttenmänn. Ztg. 1882, S. 417.
423 2063 1050 2094 Siehe Post, Chem.-techn. Analyse I, S. 470.
423 2098 966 2128 Siehe Wedding, Handbuch I, S. 704.
423 2132 1092 2162 Siehe Zeitschr. für analyt. Chemie VII, S. 427.
