1600 2431
221 220 1347 257 Wie José de Acosta berichtet, bediente man sich in Paraguay an
144 266 1347 308 Stelle des Geldes, ähnlich wie in Mexiko der Kakaobohnen oder in Peru
144 317 1347 360 der Kokablätter, stempelförmiger Eisenstückchen . Amerigo Vespucci
144 368 1347 409 entdeckte ferner an der Mündung des La Plata einen Stamm, welcher
144 419 1348 460 eiserne Pfeilspitzen verwendete ; und weiter im Inneren des Landes
142 468 1348 508 traf der Gouverneur Jaime Rasquin im Jahre 1559 auf eine Bevölkerung
146 519 1346 564 von groſser und kräftiger Statur, die mit eisernen Messern, eisernen
127 565 1349 606 Äxten zum Fällen des Holzes und eisernen Wurfspeeren versehen war,
146 618 1296 656 auch den Griff ihrer Holzschwerter mit Eisendraht verziert hatte .
220 667 1347 706 Obgleich Christoph Columbus in seinen Tagebüchern und Briefen
143 713 1348 755 die Existenz des Eisens auf den Lucay’ischen Inseln und den Antillen
141 761 1349 804 in Abrede nimmt, scheint doch mit Guadalupe eine Ausnahme gemacht
142 815 1348 847 werden zu müssen. Fernando Columbus erwähnt nämlich in der
142 858 1351 905 Lebensbeschreibung seines Vaters, daſs bei der ersten Landung auf
142 910 1349 954 dieser Insel, am 4. November 1493, bei den Eingeborenen eine eiserne
141 958 1348 1005 Pfanne vorgefunden wurde. Er meint indessen, die Cariben, die ihre
143 1009 1352 1054 Segelfahrten bis Española ausdehnten, hätten sie dort von den Christen,
143 1060 1348 1104 oder auch aus irgend einem, an ihre Küsten angetriebenen Wrack ent-
143 1113 1349 1151 wenden können. Aber als Columbus, auf der Rückkehr nach Spanien
145 1157 1350 1205 begriffen, am 10. April 1496 in Guadalupe anlegt, um Lebensmittel rauben
146 1211 1348 1253 zu lassen, fanden die Matrosen in den Wohnungen unter anderen
145 1256 1349 1306 Dingen: groſse Papageien, Honig, Wachs und wiederum Eisen, woraus
142 1306 1348 1353 die Eingeborenen kleine Äxte besaſsen, mit denen sie ihre Sachen zer-
142 1358 1346 1405 schnitten . Hiernach erscheint die Annahme durchaus nicht ungerecht-
1289 159 1346 187 345
647 159 795 188 Amerika.
240 1441 1350 1474 Acosta, Hist. nat. y moral, lib. IV, cap. III, p. 108 (Sevilla 1590): Como en
142 1470 1349 1512 las provincias de Mexico usan de el Cacao, que es una frutilla en lugar de dinero,
144 1515 1350 1553 y con ella rescatan lo que quieren. En el Piru sirve de lo mismo la Coca. Como
143 1555 886 1592 en el Paraguay usan cuños de hierro por moneda.
242 1597 1349 1633 Squier, Oborig. Mon. of N. York p. 178: „It is true, Vespucius mentions a
147 1628 1348 1674 tribe of natives near the mouth of the La Plata, who possessed iron points to
146 1666 1348 1704 their arrows.“ Ich selbst habe die betreffende Stelle weder bei Bandini, vita i
144 1702 1346 1748 lettere di Amer. Vespucci, noch bei Navarrete, Coléccion Tomo III. aufgefunden.
243 1752 1349 1798 Verdadera Relacion de lo que sucedió al Gobernador Jaime Rasquin en el
185 1790 1349 1825 viaje que intentó para el Rio de la Plata en el año de 1559 anos, hecha por
179 1828 1348 1865 Alonso Gomez de Santoya. Colecc. de docum. inédit. del Arch. de Indias Tome IV,
146 1862 1348 1904 p. 188: Son hombres muy apersonades y de grande disposicion y espaldudos, de
147 1901 1349 1942 muchas carnes; andan desnudos y venian almagrados todos. Tomáron les un
146 1938 1349 1981 cochillo y una cuña de yerro con que cortaban leña, y un dardo con yerro. Son
146 1977 1350 2020 muy flecheros, que á cient pasos tiran á un hombre, y si le dan, aunque traya
147 2014 1349 2057 cota de malla, le hieren, si no es muy cerrada. Yo vi una rodela de casi dos
146 2048 1350 2109 dedos pasada con una flecha más de una pulgada á la otra banda, y vi un puño
163 2094 1350 2136 de una espada de hilo de yerro pasado á la otra parte, y con punta de palo negro.
245 2135 1350 2173 Fern. Colón bei Barcia, Histor. primit. Vol. I, cap. XLVI, p. 43: pero lo
147 2170 1350 2212 que mas les maravillo, fué haver hallado una Tortera de Hierro; aunque Yo ima-
