1600 2395
278 238 1454 280 Tonne. Drei Öfen auf dem Trudhoe-Eisenwerk verbrauchten sogar
278 294 571 331 nur 12 Centner .
356 341 1455 379 1876 erfand Espinasse zu Firminy einen Rührapparat. Er
277 390 1454 425 bestand aus einem senkrechten Rührer mit zwei Flügeln am unteren
278 439 1454 476 Ende, der durch das Ofengewölbe ging und das geschmolzene Roheisen
276 487 1454 523 umrührte. Wenn das Eisen dick wurde, verbrannte er leicht. Doch
276 536 1225 573 will man in Belgien gute Resultate damit erzielt haben.
355 584 1453 621 1889 erfand Ant. von Kerpely jun. einen mechanischen Rührer
276 631 1455 670 mit Dampfbetrieb (D. R. P. Nr. 49100), der in Witkowitz eingeführt
275 679 1454 714 wurde. Erwähnenswert ist noch, daſs Richardsons hohle Krücke
276 728 1454 767 noch 1884 zu Parkhead-Forge bei Glasgow zur Herstellung von
277 778 837 819 Qualitätseisen angewendet wurde.
352 827 1454 864 Wichtiger waren die sogenannten Telleröfen, bei denen das
275 876 1455 915 mühselige Umrühren durch die Drehung des Herdes sehr erleichtert
275 925 1454 963 wurde. Solche waren schon früher von Bedson und von Maudslay
275 970 1453 1012 in England angegeben worden. Bei diesen Öfen bewegte sich ein
274 1024 1052 1061 tellerförmiger Herd um seine vertikale Achse.
337 1074 1454 1111 1873 brachte Joseph von Ehrenwerth einen solchen kreis-
273 1123 1453 1162 förmigen Drehherd auf der Wiener Weltausstellung durch ein Modell
274 1173 1453 1211 zur Anschauung. An dem Herdkranz war ein Blechcylinder befestigt,
273 1223 1302 1260 der in ein mit Wasser gefülltes ringförmiges Bassin tauchte.
348 1272 1453 1310 Während Ehrenwerths Tellerofen eine praktische Bedeutung
272 1321 1454 1361 nicht erlangte, trat im folgenden Jahre (1874) A. Pernot, Fabri-
272 1371 1454 1409 kationschef von Petin & Gaudet zu St. Chammond, Rive de Gier,
272 1419 1453 1460 mit einem Tellerofen mit geneigtem Boden auf, der Erfolg hatte und
272 1470 1452 1511 Verbreitung fand . Nur der Schmelzherd, aus einem Blechboden
272 1520 1452 1560 und guſseiserner Seitenwand, deren Segmente von auſsen verbunden
270 1570 1453 1610 wurden, bestehend, bildete einen runden beweglichen Teller. Unter
272 1619 1453 1658 dem Blechboden befand sich der Bewegungsmechanismus: ein Zahn-
272 1667 1452 1707 kranz und ein vierarmiges Lagergerüst, das die stählerne Drehachse
271 1715 1453 1754 des Apparates faſste und nach auſsen auf vier Laufrädern ruhte.
273 1763 1451 1805 Die vier Kranzräder liefen auf einem Schienengeleise und gestatteten
271 1811 1453 1849 bequem die Ein- und Ausfuhr des Herdes. Dieser hatte 6 bis 7 Grad
272 1859 1453 1902 Neigung von der Feuerbrücke nach dem Fuchs, so daſs das an der
272 1911 1452 1952 ersteren oxydierte Eisen bei der Umdrehung wieder in die Schlacke
272 1958 1452 2002 niedertauchte. Die Bewegung des Drehapparates beanspruchte 2 bis
272 2006 1452 2044 3 Pferdekräfte. Ein solcher Pernotofen kostete zu St. Chammond
245 2054 1452 2096 11200 Mark. Der Herd wurde aus reichen Erzbrocken, Hammer-
466 181 1268 219 Der Puddelprozeſs oder das Flammofenfrischen.
279 185 333 212 598
383 2131 1268 2170 Siehe Journal of the Iron and Steel Inst. 1876, Nr. 1, p. 109.
383 2165 1451 2198 Siehe Aufsatz von M. A. Henry in Annales des Mines, 7. sér., t. VI, p. 65.
