1600 2452
560 138 1162 171 Chemie des Eisens 1831 bis 1850.
242 199 1478 244 oxydgas und magnetisches Eisenoxyd gebildet werden. Le Play hat
242 251 1474 292 die desoxydierende Wirkung von Kohlenoxyd auf Eisen-Sauerstoff-
244 303 1019 346 verbindungen noch genauer nachgewiesen .
320 355 1477 394 Durch Wasserdampf läſst sich Eisen in der Glühhitze nicht höher
242 407 1476 449 oxydieren als bis zu einem Eisenoxyduloxyd (nach Gay-Lussac-
240 457 447 498 Regnault).
319 508 1477 550 Despretz fand, daſs Eisen, welches lange Zeit in einem Ammo-
240 559 1476 602 niakstrome erhitzt wurde, 5 bis 11 Proz. an Gewicht zunahm, und er
239 610 1191 644 erklärte dies aus einer Stickstoffaufnahme des Eisens.
320 660 1472 705 Was die Kohlenstoffverbindungen des Eisens betrifft, so
240 711 1474 752 nahm Karsten damals verschiedene Polycarburete des Eisens an und
240 762 1475 801 wies nach, daſs beim Erstarren gröſserer Roheisenmassen eine un-
239 812 1473 852 gleiche Verteilung des gebundenen Kohlenstoffs eintritt. Das Be-
239 864 1474 905 streben der Abscheidung des Kohlenstoffs als Graphit geht scheinbar
238 914 1473 957 von innen nach auſsen, d. h. das innere Eisen, das länger heiſs bleibt,
239 964 1472 1004 scheidet mehr Graphit aus als das äuſsere, das rascher erstarrt. Beim
238 1016 1472 1054 Hartguſs tritt diese Verschiedenheit am deutlichsten hervor. Bei
238 1067 1471 1110 langsamem Erstarren können die äuſseren Schichten oft 1,75 Proz.
237 1119 1470 1156 gebundenen Kohlenstoff mehr enthalten als die Schichten in der Mitte.
316 1169 1471 1215 Berthier hatte Karstens Lehre von der Existenz eines Poly-
237 1219 1470 1264 carburets angenommen und wollte ein reines Polycarburet von
237 1270 1470 1319 der Zusammensetzung 81,7 Eisen und 18,3 Kohle gefunden haben .
236 1322 1471 1362 Die Existenz des Polycarburets gab aber Karsten selbst 1846 wieder
235 1374 1469 1420 auf. Nur das reine Spiegeleisen sah er als Viertelcarburet, Fe 4 C,
235 1426 1470 1469 und als die einzige bestimmte chemische Verbindung von Eisen mit
236 1477 1468 1524 Kohlen an (§. 316). Schafhäutl hielt den Stahl für ein Gemenge
234 1529 1384 1573 verschiedener Eisencarburete von verschiedenen Schmelzpunkten.
314 1581 1468 1619 Berzelius wies nach, daſs sich Siliciumeisen durch bloſses
235 1630 1468 1678 Glühen oder Cementieren von Eisenfeilspänen mit feingepulverter
234 1682 1467 1731 Kieselerde und Kohlenstaub herstellen lasse. Nach Karsten beträgt
234 1733 1467 1783 der Siliciumgehalt des Roheisens selten weniger als 0,4 Proz., steigt
234 1785 1466 1831 aber bis 3 Proz. und darüber. Unter fast gleichen Umständen ent-
233 1836 1466 1884 hält das bei heiſsem Winde erblasene Roheisen wenigstens 0,3 Proz.
235 1888 1466 1933 Silicium mehr als das bei kaltem Winde erzeugte. Wenn aber auch
233 1938 1464 1988 die Temperatur im Hochofen Einfluſs auf den Siliciumgehalt hat, so
232 1990 1466 2035 ist der Einfluſs der Beschickung doch viel bedeutender. Silicium teilt
232 2041 1465 2092 im allgemeinen dem Eisen keine dem Gebrauche desselben nachteilige
243 139 302 167 400
350 2170 1228 2206 Siehe Erdmann, Journal für praktische Chemie VII, 222.
347 2208 873 2242 Siehe Annales des mines 3, Ser. II.
