1600 2395
387 241 1488 279 Petroleum, natürliches Gas und Wassergas erlangten bei der
311 290 1485 328 direkten Eisengewinnung in Amerika mehrfach Anwendung und
310 339 1488 377 wurden darauf verschiedene neue Verfahrungsweisen gegründet; unter
309 388 1486 425 diesen erregte die von H. Clay Bull bei Bull & Co. 1881 eingeführte
308 436 1484 475 (D. R. P. Nr. 22993) besonderes Aufsehen. In einem Schachtofen
309 485 1484 522 von 7 m Höhe, der mit Rootsgebläse und vier Cowperapparaten
312 533 1486 570 ausgerüstet war, sollte mit Wassergas direkt Eisen und Stahl erzeugt
308 581 1485 616 werden. Der Ofen wurde mit geröstetem Erz und gebranntem Kalk
308 628 1484 665 ohne festes Brennmaterial beschickt. Die Schmelzung sollte allein
308 676 1485 709 durch Gas, welches mit hocherhitztem Wind im Ofen verbrannt wurde,
309 723 1485 761 erfolgen. Gleichzeitig hatte das Gas die Reduktion und Kohlung zu
307 772 1485 809 besorgen. Ein Versuch, welchen die Gesellschaft John Cockerill zu
310 821 1486 859 Seraing im November 1881 ausführte, fiel ungünstig aus, indem der
308 869 1485 907 Ofen, obgleich der Wind auf 1560° Fahrenheit erhitzt war, einfror.
310 919 1484 956 In Amerika hatten sich zwar mehrere Gesellschaften zur Ausbeutung
310 967 1431 1005 des Verfahrens gebildet, von einem Erfolg hörte man aber nichts.
384 1016 1484 1056 Dr. G. Duryce in New York  führte 1882 bei der Poughkeepsie
308 1065 1481 1102 Eisen- und Stahlgesellschaft ein Petroleumschmelzverfahren in einem
308 1110 1206 1153 Flammofen mit Ölbehälter und Ventilatorgebläse ein.
385 1165 1482 1202 1884 machte O. Thiéblemont zu Liverdun den Vorschlag, die
305 1213 1482 1244 Erze mit kohlenwasserstoffreichen Gasen zu reducieren und mit
306 1257 1481 1298 kohlenoxydreichen zu schmelzen. Ähnliches versuchte Arthur in
306 1310 1481 1350 Cowes. Auch der von James Henderson 1886 vorgeschlagene
306 1359 1481 1398 Stahlumwandlungsofen, in dem Erzbricketts reduciert und geschmolzen
305 1409 1481 1448 werden sollten, war mit Naturgasheizung eingerichtet. Mit Gas allein
306 1459 1483 1496 gelang indessen die Reduktion nicht, es muſsten dem Erze immer
306 1508 1238 1548 Kohle oder kohlenstoffreiche Stoffe beigemengt werden.
381 1557 1482 1599 W. F. M. Mac Carty zu Hagerstown (Maryland) konstruierte
308 1606 1481 1644 1888 einen eigentümlich kombinierten Ofen zur direkten Stahl-
306 1656 1481 1692 erzeugung. Es war ein Schachtofen, der ähnlich den Gasreinigern
305 1703 1481 1743 stufenweise geteilt war in Verbindung mit einem Konverter. Das
306 1749 1481 1792 gepulverte, mit Kohle vermischte Erz wurde oben aufgegeben, und
306 1798 1481 1842 indem es von Stufe zu Stufe fiel, begegnete es einem Strom von
292 1846 1481 1894 Wassergas und Luft, wodurch es reduciert, gekohlt und geschmolzen
306 1894 1480 1939 wurde. Das geschmolzene Eisen sammelte sich in einem Kupolofen, in
306 1942 1482 1987 welchem es durch durchgepreſste Luft entsiliciert und entkohlt wurde.
665 181 1137 218 Die direkte Eisengewinnung.
311 183 366 209 572
418 2048 1479 2085 Siehe Dinglers Polyt. Journ. 1882, II, S. 287; Berg- und Hüttenmänn. Ztg.
307 2080 1384 2117 1883, S. 185; Österreich. Zeitschr. für Berg- und Hüttenwesen 1883, Nr. 14.
417 2115 1480 2151 Siehe Berg- u. Hüttenmännische Ztg. 1882, S. 499; Kerpelys Jahrbuch etc.
307 2146 688 2176 1881/82, S. 141, Taf. VII b.
