1600 2431
159 183 1357 230 Untersuchung veranlaſst und von ihm der meteorische Ursprung be-
153 230 1357 275 stätigt. 1798 fiel ein eisenreicher Meteorstein bei Benares in Bengalen,
150 280 1357 331 den er chemisch untersuchte und hierdurch zum ersten Male den
156 333 1357 376 charakteristischen, hohen Nickelgehalt (er gab ihn, allerdings zu hoch,
153 385 1358 430 auf 35 Proz. an) des Meteoreisens nachwies. Auf Grund chemischer
158 432 1357 474 Analyse erklärte er auch das Eisen von Otumba in Brasilien, sowie das
153 481 1357 525 Pallaseisen Krasnojarsk für meteorischen Ursprungs. Diese Publika-
152 527 1357 572 tionen ermutigten nun auch den deutschen Chemiker Klaproth, der
157 580 1357 620 sich schon längere Zeit im stillen mit der Frage beschäftigt hatte, mit
155 629 1357 672 seinen Analysen hervorzutreten . Dieselben bestätigen den Nickel-
157 678 1358 718 gehalt des Meteoreisens, obgleich im Gegensatz zu Howard seine Be-
151 727 1357 767 stimmungen sämtlich zu gering ausgefallen sind. In der Eisenmasse,
157 773 1355 814 die am 26. Mai 1751 Abends 6 Uhr in der Nähe von Agram gefallen
156 826 1356 856 war und die im Wiener naturwissenschaftlichen Kabinet zum Teil
156 873 1356 912 aufbewahrt wurde, hatte er 96,5 Proz. Eisen und 3,5 Proz. Nickel er-
155 922 1356 963 mittelt . — Nachdem die französische Akademie der Wissenschaften
156 971 1356 1013 noch kurze Zeit zuvor durch Abstimmung per majora beschlossen
154 1019 1355 1062 hatte, daſs es keine Meteorsteinfälle gäbe, trat jetzt auch der berühmte
155 1069 1355 1110 französische Gelehrte und Akademiker La Place mit der Hypothese
153 1114 1354 1159 hervor, daſs die betreffenden Steine durch Eruptionen der Mondvulkane
152 1162 1355 1210 auf die Erde geschleudert würden. — Hierzu wäre aber eine anfäng-
153 1218 1355 1259 liche Wurfgeschwindigkeit von 7800 Fuſs in der Sekunde, also etwa die
152 1267 1354 1309 fünffache Anfangsgeschwindigkeit einer abgeschossenen Kanonenkugel
151 1311 1355 1359 erforderlich. Solche Eruptionen giebt es auf dem Monde nicht und ist
155 1367 1355 1409 diese Vermittelungstheorie längst verlassen. Zu gröſserer Beschämung
156 1417 1354 1458 der Akademie und wie zum Hohn auf den nicht lange zuvor gefaſsten
155 1463 1356 1509 Majoritätsbeschluſs ereignete sich am 26. April 1803 der groſse Stein-
155 1517 1355 1559 fall von l’Aigle in der Normandie, der in mindestens 12 Ortschaften
155 1570 1356 1608 von hunderten von Zeugen beobachtet wurde. Nachmittags 1 Uhr er-
151 1619 1356 1659 schien aus heiterem Himmel eine weit sichtbare Feuerkugel, gestaltete
155 1670 1355 1708 sich zu einer kleinen Wolke, die 5 bis 6 Minuten ein schreckliches
156 1718 1356 1758 Getöse, wie Kanonendonner und Gewehrfeuer erzeugte und aus der
157 1770 1354 1808 2000 bis 3000 zischende Steine, von denen der gröſste, der aufgehoben
154 1819 1355 1858 wurde, 17½ Pfund wog, auf einer elliptischen Fläche von 2½ Lieues
156 1867 849 1909 Länge und 1 Lieue Breite niederfielen .
171 1917 1355 1958 Nach dem Fall von l’Aigle verstummten alle Zweifler und sind
1320 128 1354 154 21
669 127 849 164 Einleitung.
256 2013 1190 2040 Abhandl. der Berliner Akad. d. Wissenschaften, 3. Januar 1863.
256 2052 1355 2082 Neuere Analysen von Werle und Kolger geben 8,18 und 11,84 Proz.
156 2088 340 2121 Nickelgehalt.
256 2127 989 2154 Siehe Gilberts Annalen 15,74 und 16,44 und 70.
