1600 2452
258 215 1491 261 finden sich beschrieben und abgebildet im Atlas du Mineur et du
259 277 683 318 Metallurgiste de 1839 .
340 318 1495 369 Die Engländer dagegen, welche mit Vorliebe sehr groſse Gebläse
260 370 1494 421 bauten, mit denen sie eine Anzahl von Hochöfen gleichzeitig be-
261 421 1495 473 dienten, zogen die Wattschen Gebläsemaschinen mit Balancier und
261 473 1497 523 aufrechtstehendem Cylinder, Kondensation, aber ohne Schwungrad,
262 525 1497 570 ähnlich den Cornwall-Wasserhaltungsmaschinen, vor. Hierbei befand
263 579 1496 621 sich die Triebkraft an der dem Gebläsecylinder entgegengesetzten
265 638 626 672 Seite des Balanciers.
345 678 1500 721 Man baute Maschinen der Art von riesigen Dimensionen in Eng-
265 729 1499 778 land. Wohl die gröſste zu jener Zeit befand sich auf dem englischen
266 780 1501 825 Eisenwerke Newmains; sie bediente zehn Hochöfen. Der Gebläse-
268 830 1502 883 cylinder hatte 3,05 m Durchmesser und wog 36 Tonnen. Die Kurbel-
268 880 1504 933 stange hatte 3,6 m Hubhöhe, das Schwungrad 9 m Durchmesser. Der
269 931 1504 980 Balancier wog 31 Tonnen, das Schwungrad 75 Tonnen. Die Maschine
269 982 1505 1029 war von Murdock, Aitkens & Komp. in Glasgow gebaut. Statt
271 1033 1505 1078 der alten Wattschen Niederdruckdampfmaschinen bediente man sich
271 1085 1507 1132 mehr und mehr der sogenannten Cornwallschen Maschinen mit
272 1137 1508 1187 hoher Expansion und Kataraktsteuerung. Ein sehr gutes Beispiel eines
274 1187 1507 1239 englischen Balanciergebläses ist das in den 40er Jahren in England
274 1223 1509 1287 erbaute Hochofengebläse der Laurahütte, Fig. 139 , welches von dem
275 1290 1510 1334 Mechaniker Grosse zu Gwineas bei Camborne in Cornwall geliefert
275 1341 1509 1387 worden war. Der Gebläsecylinder hatte 85 engl. Zoll Durchmesser und
277 1393 1510 1441 9 Fuſs Hub. Die Dampfmaschine von 3 Fuſs 9 Zoll Durchmesser und
277 1446 1512 1492 9 Fuſs Hub leistete bei ⅓ Cylinderfüllung 100 Pferdekräfte. Diese
277 1498 1513 1550 groſsen Gebläsemaschinen bezog man auch in Frankreich meist aus
279 1548 1513 1601 England, wie z. B. um 1830 das Gebläse für Decazeville der Gesell-
279 1600 1515 1651 schaft von Aveyron mit 7 Fuſs Cylinderdurchmesser und 8 Fuſs Hub,
280 1653 1436 1698 ferner die 1837 zu Creusot, Lavoult und Terrenoire befindlichen.
360 1704 1516 1748 In den 40er Jahren kamen die Evansschen Gebläse auf, bei welchen
283 1757 1516 1809 Dampfcylinder und Gebläsecylinder übereinander standen, so daſs deren
282 1810 1518 1859 Kolbenstangen in eine Linie fielen und miteinander verbunden waren.
283 1860 1519 1911 Die Wirkung war also eine direkte. Dennoch arbeitete die Maschine
284 1912 1519 1958 mit einem Balancier, der mit den Kolbenstangen verbunden war und
285 1962 1524 2012 zur Geradeführung diente. Der Balancier bewegte sich nämlich auf
287 2014 1521 2063 einem Support, der als Hebel wirkte und dessen unteres Ende sich
436 155 1308 201 Winderzeugung und Windführung 1831 bis 1850.
256 168 315 196 488
402 2119 1521 2158 Hieraus in dem Repertorium der Eisengewerbskunde von K. Hartmann
290 2164 545 2192 von 1841, Tab. I.
405 2194 1523 2230 Hartmann, Handbuch über den Bau etc. von Dampfmaschinen, II, 60;
288 2239 937 2271 Rühlmann, Maschinenlehre, IV, Fig. 531.
