<?xml version="1.0" encoding="UTF-8"?>
<PcGts xmlns="http://schema.primaresearch.org/PAGE/gts/pagecontent/2019-07-15" xmlns:xsi="http://www.w3.org/2001/XMLSchema-instance" xsi:schemaLocation="http://schema.primaresearch.org/PAGE/gts/pagecontent/2019-07-15 http://schema.primaresearch.org/PAGE/gts/pagecontent/2019-07-15/pagecontent.xsd">
<Metadata>
<Creator>regJS2PAGE.py</Creator>
<Created>2021-02-16T10:46:42.883939</Created>
<LastChange>2021-02-16T10:46:42.883939</LastChange>
</Metadata>
<Page imageFilename="tmp/beck_eisen04_1899_0422.png" imageWidth="1600" imageHeight="2452">
<TextRegion id="block_0" custom="structure {type:body;}">
<Coords points="239,227 239,268 239,278 239,320 239,330 239,369 240,382 240,420 239,434 239,469 239,485 239,525 240,537 240,577 241,588 241,627 240,638 240,676 240,689 240,728 241,740 241,772 241,791 321,791 321,825 321,841 241,841 241,880 241,891 241,930 243,942 243,980 243,993 322,993 322,1032 322,1044 242,1044 242,1076 242,1095 242,1137 243,1147 243,1185 243,1196 243,1236 245,1248 245,1292 245,1300 324,1300 324,1331 324,1351 243,1351 243,1390 245,1405 245,1443 245,1453 327,1453 327,1492 327,1506 243,1506 243,1546 247,1559 247,1600 247,1608 326,1608 326,1646 326,1659 244,1659 244,1701 246,1711 246,1753 244,1763 244,1806 244,1815 244,1855 244,1867 244,1908 245,1918 245,1961 245,1970 245,2011 1157,2011 1157,1970 1481,1970 1481,1961 1481,1918 1480,1908 1480,1867 1481,1855 1481,1815 1481,1806 1481,1763 1480,1753 1480,1711 1480,1701 1480,1659 1481,1646 1481,1608 366,1608 366,1600 366,1559 1480,1559 1480,1546 1480,1506 1478,1492 1478,1453 576,1453 576,1443 576,1405 1479,1405 1479,1390 1479,1351 1477,1331 1477,1300 1478,1292 1478,1248 1478,1236 1478,1196 1477,1185 1477,1147 1477,1137 1477,1095 1475,1076 1475,1044 1475,1032 1475,993 974,993 974,980 974,942 1477,942 1477,930 1477,891 1477,880 1477,841 1473,825 1473,791 1158,791 1158,772 1158,740 1474,740 1474,728 1474,689 1474,676 1474,638 1473,627 1473,588 1473,577 1473,537 1472,525 1472,485 1473,469 1473,434 1471,420 1471,382 1473,369 1473,330 1471,320 1471,278 1471,268 1471,227 239,227"/>
<TextLine id="line_0">
<Coords points="239,230 445,230 470,230 580,230 608,229 799,229 824,228 1129,228 1172,228 1206,228 1234,228 1299,228 1325,227 1471,227 1471,256 1325,256 1299,257 1234,257 1206,256 1172,256 1129,266 824,266 799,259 608,259 580,259 470,259 445,268 239,268 239,230"/>
<Baseline points="239,268 445,268 470,259 580,259 608,259 799,259 824,266 1129,266 1172,256 1206,256 1234,257 1299,257 1325,256 1471,256"/>
<TextEquiv><Unicode>angeführten Werke ausführlich zusammengestellt. In drei Tabellen</Unicode></TextEquiv>
</TextLine>

<TextLine id="line_1">
<Coords points="239,281 307,281 336,281 384,281 412,281 566,281 592,290 648,290 679,279 1001,279 1030,279 1210,279 1239,278 1302,278 1332,288 1409,288 1438,278 1471,278 1471,307 1438,307 1409,308 1332,308 1302,308 1239,308 1210,317 1030,317 1001,310 679,310 648,310 592,310 566,320 412,320 384,311 336,311 307,310 239,310 239,281"/>
<Baseline points="239,310 307,310 336,311 384,311 412,320 566,320 592,310 648,310 679,310 1001,310 1030,317 1210,317 1239,308 1302,308 1332,308 1409,308 1438,307 1471,307"/>
<TextEquiv><Unicode>sind die Analysen von Hochofenschlacken vorgeführt und zwar in</Unicode></TextEquiv>
</TextLine>

<TextLine id="line_2">
<Coords points="239,333 294,333 315,336 416,336 443,333 491,333 511,343 569,343 594,332 776,332 802,332 914,332 936,332 1016,332 1037,331 1270,331 1292,330 1473,330 1473,369 1292,369 1270,361 1037,361 1016,362 936,362 914,362 802,362 776,369 594,369 569,363 511,363 491,363 443,363 416,363 315,363 294,364 239,364 239,333"/>
<Baseline points="239,364 294,364 315,363 416,363 443,363 491,363 511,363 569,363 594,369 776,369 802,362 914,362 936,362 1016,362 1037,361 1270,361 1292,369 1473,369"/>
<TextEquiv><Unicode>der ersten die von Schlacken, welche beim Verschmelzen oxydischer</Unicode></TextEquiv>
</TextLine>

<TextLine id="line_3">
<Coords points="240,385 315,385 342,385 374,385 396,385 671,385 699,384 729,384 759,384 813,384 840,384 964,384 992,383 1039,383 1066,393 1125,393 1147,382 1330,382 1359,382 1471,382 1471,412 1359,412 1330,419 1147,419 1125,413 1066,413 1039,413 992,413 964,414 840,414 813,414 759,414 729,414 699,414 671,420 396,420 374,414 342,414 315,415 240,415 240,385"/>
<Baseline points="240,415 315,415 342,414 374,414 396,420 671,420 699,414 729,414 759,414 813,414 840,414 964,414 992,413 1039,413 1066,413 1125,413 1147,419 1330,419 1359,412 1471,412"/>
<TextEquiv><Unicode>Erze in Holzkohlenöfen, in der zweiten die von Schlacken, welche</Unicode></TextEquiv>
</TextLine>

<TextLine id="line_4">
<Coords points="239,437 320,437 340,436 572,436 601,436 821,436 845,435 921,435 949,436 1006,436 1035,434 1236,434 1266,434 1328,434 1357,434 1388,434 1419,434 1473,434 1473,462 1419,462 1388,462 1357,462 1328,463 1266,463 1236,469 1035,469 1006,464 949,464 921,464 845,464 821,465 601,465 572,466 340,466 320,466 239,466 239,437"/>
<Baseline points="239,466 320,466 340,466 572,466 601,465 821,465 845,464 921,464 949,464 1006,464 1035,469 1236,469 1266,463 1328,463 1357,462 1388,462 1419,462 1473,462"/>
<TextEquiv><Unicode>beim Verschmelzen kohlensaurer Erze mit Holzkohlen, und in der</Unicode></TextEquiv>
</TextLine>

<TextLine id="line_5">
<Coords points="239,488 369,488 396,488 445,488 471,498 526,498 553,487 787,487 815,487 947,487 975,486 1050,486 1096,486 1172,486 1198,486 1319,486 1347,485 1472,485 1472,515 1347,515 1319,515 1198,515 1172,515 1096,515 1050,516 975,516 947,525 815,525 787,517 553,517 526,517 471,517 445,518 396,518 369,525 239,525 239,488"/>
<Baseline points="239,525 369,525 396,518 445,518 471,517 526,517 553,517 787,517 815,525 947,525 975,516 1050,516 1096,515 1172,515 1198,515 1319,515 1347,515 1472,515"/>
<TextEquiv><Unicode>dritten, die aus Kokshochöfen gefallen sind. Eine weitere Tabelle</Unicode></TextEquiv>
</TextLine>

<TextLine id="line_6">
<Coords points="240,540 320,540 340,539 389,539 410,539 719,539 742,548 801,548 823,538 993,538 1015,547 1070,547 1092,537 1320,537 1342,537 1473,537 1473,566 1342,566 1320,566 1092,566 1070,566 1015,566 993,567 823,567 801,568 742,568 719,576 410,576 389,568 340,568 320,577 240,577 240,540"/>
<Baseline points="240,577 320,577 340,568 389,568 410,576 719,576 742,568 801,568 823,567 993,567 1015,566 1070,566 1092,566 1320,566 1342,566 1473,566"/>
<TextEquiv><Unicode>zeigt die Zusammensetzung von Schlacken aus catalonischen Herden.</Unicode></TextEquiv>
</TextLine>

<TextLine id="line_7">
<Coords points="241,590 374,590 396,590 474,590 500,589 568,589 590,589 714,589 742,599 800,599 821,588 1093,588 1114,598 1172,598 1194,588 1473,588 1473,625 1194,625 1172,617 1114,617 1093,618 821,618 800,619 742,619 714,619 590,619 568,619 500,619 474,627 396,627 374,620 241,620 241,590"/>
<Baseline points="241,620 374,620 396,627 474,627 500,619 568,619 590,619 714,619 742,619 800,619 821,618 1093,618 1114,617 1172,617 1194,625 1473,625"/>
<TextEquiv><Unicode>Hierauf folgt eine Tabelle von Frischschlacken von manganhaltigem</Unicode></TextEquiv>
</TextLine>

<TextLine id="line_8">
<Coords points="240,641 405,641 433,640 500,640 528,640 640,640 666,650 725,650 746,639 1016,639 1043,649 1102,649 1129,638 1366,638 1394,638 1474,638 1474,667 1394,667 1366,676 1129,676 1102,668 1043,668 1016,669 746,669 725,670 666,670 640,670 528,670 500,669 433,669 405,676 240,676 240,641"/>
<Baseline points="240,676 405,676 433,669 500,669 528,670 640,670 666,670 725,670 746,669 1016,669 1043,668 1102,668 1129,676 1366,676 1394,667 1474,667"/>
<TextEquiv><Unicode>Roheisen, eine andere von Frischschlacken von gewöhnlichem Roh-</Unicode></TextEquiv>
</TextLine>

<TextLine id="line_9">
<Coords points="240,692 332,692 374,691 504,691 526,691 602,691 629,692 696,692 718,691 842,691 872,700 929,700 957,690 1126,690 1155,690 1217,690 1243,689 1388,689 1416,699 1474,699 1474,718 1416,718 1388,718 1243,718 1217,718 1155,718 1126,719 957,719 929,719 872,719 842,720 718,720 696,720 629,720 602,728 526,728 504,720 374,720 332,721 240,721 240,692"/>
<Baseline points="240,721 332,721 374,720 504,720 526,728 602,728 629,720 696,720 718,720 842,720 872,719 929,719 957,719 1126,719 1155,718 1217,718 1243,718 1388,718 1416,718 1474,718"/>
<TextEquiv><Unicode>eisen. Hierauf folgt eine Tabelle von Schlacken und Abfällen von</Unicode></TextEquiv>
</TextLine>

<TextLine id="line_10">
<Coords points="241,741 372,741 394,741 457,741 478,741 852,741 874,741 930,741 951,740 1158,740 1158,770 951,770 930,770 874,770 852,772 478,772 457,770 394,770 372,771 241,771 241,741"/>
<Baseline points="241,771 372,771 394,770 457,770 478,772 852,772 874,770 930,770 951,770 1158,770"/>
<TextEquiv><Unicode>Puddel- und Schweiſsofenbetrieben mit Steinkohlen.</Unicode></TextEquiv>
</TextLine>

<TextLine id="line_11">
<Coords points="321,792 489,792 515,793 688,793 708,793 740,793 762,791 936,791 961,791 1063,791 1087,791 1119,791 1142,791 1208,791 1233,791 1395,791 1416,800 1473,800 1473,818 1416,818 1395,819 1233,819 1208,819 1142,819 1119,819 1087,819 1063,825 961,825 936,820 762,820 740,820 708,820 688,822 515,822 489,821 321,821 321,792"/>
<Baseline points="321,821 489,821 515,822 688,822 708,820 740,820 762,820 936,820 961,825 1063,825 1087,819 1119,819 1142,819 1208,819 1233,819 1395,819 1416,818 1473,818"/>
<TextEquiv><Unicode>Berthier beschreibt in demselben Werk, in dem Abschnitt von</Unicode></TextEquiv>
</TextLine>

<TextLine id="line_12">
<Coords points="241,843 300,843 321,842 461,842 488,842 536,842 558,843 740,843 762,842 861,842 883,841 1073,841 1096,841 1379,841 1401,841 1477,841 1477,869 1401,869 1379,870 1096,870 1073,871 883,871 861,871 762,871 740,880 558,880 536,871 488,871 461,878 321,878 300,871 241,871 241,843"/>
<Baseline points="241,871 300,871 321,878 461,878 488,871 536,871 558,880 740,880 762,871 861,871 883,871 1073,871 1096,870 1379,870 1401,869 1477,869"/>
<TextEquiv><Unicode>den Flüssen, die Ergebnisse seiner zahlreichen Schmelzversuche über</Unicode></TextEquiv>
</TextLine>

<TextLine id="line_13">
<Coords points="241,893 290,893 312,893 681,893 702,893 814,893 835,892 1022,892 1040,891 1213,891 1235,892 1310,892 1329,891 1383,891 1401,891 1477,891 1477,920 1401,920 1383,919 1329,919 1310,920 1235,920 1213,920 1040,920 1022,921 835,921 814,921 702,921 681,930 312,930 290,922 241,922 241,893"/>
<Baseline points="241,922 290,922 312,930 681,930 702,921 814,921 835,921 1022,921 1040,920 1213,920 1235,920 1310,920 1329,919 1383,919 1401,920 1477,920"/>
<TextEquiv><Unicode>die Schlackenbildung, welche mancherlei Aufschluſs über das Ver-</Unicode></TextEquiv>
</TextLine>

<TextLine id="line_14">
<Coords points="243,944 347,944 370,944 424,944 445,944 605,944 626,945 668,945 689,943 847,943 869,942 974,942 974,980 869,980 847,972 689,972 668,972 626,972 605,973 445,973 424,973 370,973 347,973 243,973 243,944"/>
<Baseline points="243,973 347,973 370,973 424,973 445,973 605,973 626,972 668,972 689,972 847,972 869,980 974,980"/>
<TextEquiv><Unicode>halten der Eisenerze im Hochofen geben.</Unicode></TextEquiv>
</TextLine>

<TextLine id="line_15">
<Coords points="322,995 384,995 405,994 509,994 526,994 702,994 726,994 843,994 864,993 936,993 958,993 1024,993 1045,996 1136,996 1157,993 1216,993 1237,993 1475,993 1475,1030 1237,1030 1216,1023 1157,1023 1136,1023 1045,1023 1024,1023 958,1023 936,1029 864,1029 843,1032 726,1032 702,1024 526,1024 509,1024 405,1024 384,1024 322,1024 322,995"/>
<Baseline points="322,1024 384,1024 405,1024 509,1024 526,1024 702,1024 726,1032 843,1032 864,1029 936,1029 958,1023 1024,1023 1045,1023 1136,1023 1157,1023 1216,1023 1237,1030 1475,1030"/>
<TextEquiv><Unicode>Aus diesen Versuchen ergiebt sich, daſs unter den Verbindungen</Unicode></TextEquiv>
</TextLine>

<TextLine id="line_16">
<Coords points="242,1047 298,1047 317,1046 493,1046 515,1047 572,1047 592,1046 687,1046 714,1046 777,1046 799,1045 958,1045 980,1045 1028,1045 1050,1044 1307,1044 1328,1044 1475,1044 1475,1073 1328,1073 1307,1074 1050,1074 1028,1075 980,1075 958,1074 799,1074 777,1074 714,1074 687,1076 592,1076 572,1075 515,1075 493,1076 317,1076 298,1076 242,1076 242,1047"/>
<Baseline points="242,1076 298,1076 317,1076 493,1076 515,1075 572,1075 592,1076 687,1076 714,1074 777,1074 799,1074 958,1074 980,1075 1028,1075 1050,1074 1307,1074 1328,1073 1475,1073"/>
<TextEquiv><Unicode>der Kieselerde mit Kalk- und Thonerde die schmelzbarsten zwischen</Unicode></TextEquiv>
</TextLine>

<TextLine id="line_17">
<Coords points="242,1098 302,1098 322,1098 461,1098 482,1097 528,1097 544,1097 628,1097 649,1098 712,1098 733,1097 778,1097 799,1097 940,1097 961,1096 1061,1096 1082,1096 1146,1096 1167,1096 1233,1096 1255,1096 1303,1096 1325,1095 1477,1095 1477,1133 1325,1133 1303,1125 1255,1125 1233,1125 1167,1125 1146,1125 1082,1125 1061,1134 961,1134 940,1136 799,1136 778,1136 733,1136 712,1127 649,1127 628,1137 544,1137 528,1137 482,1137 461,1128 322,1128 302,1128 242,1128 242,1098"/>
<Baseline points="242,1128 302,1128 322,1128 461,1128 482,1137 528,1137 544,1137 628,1137 649,1127 712,1127 733,1136 778,1136 799,1136 940,1136 961,1134 1061,1134 1082,1125 1146,1125 1167,1125 1233,1125 1255,1125 1303,1125 1325,1133 1477,1133"/>
<TextEquiv><Unicode>den Grenzen (C, A) S2 und (C, A) S½  liegen und daſs die Gemenge</Unicode></TextEquiv>
</TextLine>

<TextLine id="line_18">
<Coords points="243,1149 333,1149 350,1159 401,1159 419,1158 452,1158 470,1148 692,1148 709,1148 785,1148 803,1149 835,1149 852,1148 938,1148 956,1147 1020,1147 1039,1148 1088,1148 1106,1148 1191,1148 1213,1147 1267,1147 1284,1147 1477,1147 1477,1175 1284,1175 1267,1176 1213,1176 1191,1176 1106,1176 1088,1176 1039,1176 1020,1176 956,1176 938,1176 852,1176 835,1185 803,1185 785,1184 709,1184 692,1178 470,1178 452,1178 419,1178 401,1177 350,1177 333,1178 243,1178 243,1149"/>
<Baseline points="243,1178 333,1178 350,1177 401,1177 419,1178 452,1178 470,1178 692,1178 709,1184 785,1184 803,1185 835,1185 852,1176 938,1176 956,1176 1020,1176 1039,1176 1088,1176 1106,1176 1191,1176 1213,1176 1267,1176 1284,1175 1477,1175"/>
<TextEquiv><Unicode>dabei um so schmelzbarer sind, je mehr sich die Basis der Zusammen-</Unicode></TextEquiv>
</TextLine>

<TextLine id="line_19">
<Coords points="243,1202 369,1202 387,1199 454,1199 474,1199 592,1199 626,1199 682,1199 700,1198 872,1198 894,1198 1012,1198 1034,1198 1099,1198 1121,1208 1157,1208 1179,1198 1237,1198 1256,1197 1405,1197 1423,1196 1478,1196 1478,1225 1423,1225 1405,1226 1256,1226 1237,1226 1179,1226 1157,1227 1121,1227 1099,1227 1034,1227 1012,1227 894,1227 872,1228 700,1228 682,1228 626,1228 592,1228 474,1228 454,1228 387,1228 369,1236 243,1236 243,1202"/>
<Baseline points="243,1236 369,1236 387,1228 454,1228 474,1228 592,1228 626,1228 682,1228 700,1228 872,1228 894,1227 1012,1227 1034,1227 1099,1227 1121,1227 1157,1227 1179,1226 1237,1226 1256,1226 1405,1226 1423,1225 1478,1225"/>
<TextEquiv><Unicode>setzung C2A nähert. Die Bittererde verhält sich zu den Silikaten der</Unicode></TextEquiv>
</TextLine>

<TextLine id="line_20">
<Coords points="245,1250 405,1250 424,1249 480,1249 502,1249 557,1249 567,1249 673,1249 699,1259 758,1259 779,1249 847,1249 867,1248 933,1248 955,1248 1125,1248 1146,1248 1205,1248 1227,1248 1478,1248 1478,1286 1227,1286 1205,1279 1146,1279 1125,1279 955,1279 933,1278 867,1278 847,1278 779,1278 758,1278 699,1278 673,1292 567,1292 557,1279 502,1279 480,1279 424,1279 405,1279 245,1279 245,1250"/>
<Baseline points="245,1279 405,1279 424,1279 480,1279 502,1279 557,1279 567,1292 673,1292 699,1278 758,1278 779,1278 847,1278 867,1278 933,1278 955,1279 1125,1279 1146,1279 1205,1279 1227,1286 1478,1286"/>
<TextEquiv><Unicode>Thonerde wie der Kalk, nur sind ihre Schlacken viel strengflüssiger.</Unicode></TextEquiv>
</TextLine>

<TextLine id="line_21">
<Coords points="324,1300 499,1300 527,1311 563,1311 583,1301 701,1301 730,1300 785,1300 806,1300 954,1300 976,1300 1046,1300 1066,1300 1301,1300 1323,1300 1477,1300 1477,1329 1323,1329 1301,1330 1066,1330 1046,1329 976,1329 954,1329 806,1329 785,1330 730,1330 701,1330 583,1330 563,1330 527,1330 499,1331 324,1331 324,1300"/>
<Baseline points="324,1331 499,1331 527,1330 563,1330 583,1330 701,1330 730,1330 785,1330 806,1329 954,1329 976,1329 1046,1329 1066,1330 1301,1330 1323,1329 1477,1329"/>
<TextEquiv><Unicode>Sefström zu Fahlun hat ebenfalls sehr verdienstliche Versuche</Unicode></TextEquiv>
</TextLine>

<TextLine id="line_22">
<Coords points="243,1353 319,1353 347,1353 396,1353 423,1352 682,1352 709,1352 763,1352 790,1351 917,1351 945,1351 999,1351 1024,1351 1189,1351 1218,1351 1389,1351 1416,1351 1479,1351 1479,1380 1416,1380 1389,1380 1218,1380 1189,1387 1024,1387 999,1380 945,1380 917,1381 790,1381 763,1381 709,1381 682,1382 423,1382 396,1390 347,1390 319,1383 243,1383 243,1353"/>
<Baseline points="243,1383 319,1383 347,1390 396,1390 423,1382 682,1382 709,1381 763,1381 790,1381 917,1381 945,1380 999,1380 1024,1387 1189,1387 1218,1380 1389,1380 1416,1380 1479,1380"/>
<TextEquiv><Unicode>über die Schmelzbarkeit der Silikate der Kalkerde, Bittererde und</Unicode></TextEquiv>
</TextLine>

<TextLine id="line_23">
<Coords points="245,1405 405,1405 427,1405 576,1405 576,1443 427,1443 405,1435 245,1435 245,1405"/>
<Baseline points="245,1435 405,1435 427,1443 576,1443"/>
<TextEquiv><Unicode>Thonerde gemacht.</Unicode></TextEquiv>
</TextLine>

<TextLine id="line_24">
<Coords points="327,1459 403,1459 430,1456 485,1456 509,1456 666,1456 694,1455 963,1455 990,1455 1021,1455 1047,1455 1150,1455 1179,1454 1245,1454 1272,1453 1478,1453 1478,1483 1272,1483 1245,1484 1179,1484 1150,1485 1047,1485 1021,1483 990,1483 963,1492 694,1492 666,1486 509,1486 485,1486 430,1486 403,1488 327,1488 327,1459"/>
<Baseline points="327,1488 403,1488 430,1486 485,1486 509,1486 666,1486 694,1492 963,1492 990,1483 1021,1483 1047,1485 1150,1485 1179,1484 1245,1484 1272,1483 1478,1483"/>
<TextEquiv><Unicode>1848 hat Professor Rammelsberg in Berlin eine vortreffliche</Unicode></TextEquiv>
</TextLine>

<TextLine id="line_25">
<Coords points="243,1509 364,1509 398,1508 541,1508 568,1518 620,1518 642,1508 792,1508 821,1507 875,1507 895,1506 1294,1506 1320,1506 1480,1506 1480,1535 1320,1535 1294,1542 895,1542 875,1536 821,1536 792,1537 642,1537 620,1537 568,1537 541,1546 398,1546 364,1538 243,1538 243,1509"/>
<Baseline points="243,1538 364,1538 398,1546 541,1546 568,1537 620,1537 642,1537 792,1537 821,1536 875,1536 895,1542 1294,1542 1320,1535 1480,1535"/>
<TextEquiv><Unicode>Arbeit: Beiträge zur Kenntnis der Eisenhochofenschlacke, veröffent-</Unicode></TextEquiv>
</TextLine>

<TextLine id="line_26">
<Coords points="247,1559 324,1559 333,1560 366,1560 366,1600 333,1600 324,1589 247,1589 247,1559"/>
<Baseline points="247,1589 324,1589 333,1600 366,1600"/>
<TextEquiv><Unicode>licht .</Unicode></TextEquiv>
</TextLine>

<TextLine id="line_27">
<Coords points="326,1611 506,1611 528,1611 582,1611 603,1611 681,1611 702,1610 878,1610 899,1610 975,1610 996,1609 1201,1609 1223,1608 1271,1608 1293,1608 1481,1608 1481,1646 1293,1646 1271,1638 1223,1638 1201,1646 996,1646 975,1639 899,1639 878,1640 702,1640 681,1641 603,1641 582,1641 528,1641 506,1641 326,1641 326,1611"/>
<Baseline points="326,1641 506,1641 528,1641 582,1641 603,1641 681,1641 702,1640 878,1640 899,1639 975,1639 996,1646 1201,1646 1223,1638 1271,1638 1293,1646 1481,1646"/>
<TextEquiv><Unicode>Sefström hat auch wesentlich dazu beigetragen, die Eisenprobe</Unicode></TextEquiv>
</TextLine>

<TextLine id="line_28">
<Coords points="244,1663 299,1663 324,1663 500,1663 530,1663 624,1663 654,1672 690,1672 719,1662 905,1662 955,1660 1027,1660 1057,1660 1242,1660 1275,1659 1403,1659 1435,1659 1480,1659 1480,1689 1435,1689 1403,1690 1275,1690 1242,1697 1057,1697 1027,1691 955,1691 905,1693 719,1693 690,1692 654,1692 624,1701 530,1701 500,1693 324,1693 299,1692 244,1692 244,1663"/>
<Baseline points="244,1692 299,1692 324,1693 500,1693 530,1701 624,1701 654,1692 690,1692 719,1693 905,1693 955,1691 1027,1691 1057,1697 1242,1697 1275,1690 1403,1690 1435,1689 1480,1689"/>
<TextEquiv><Unicode>auf trockenem Wege zu verbessern. Sein Verfahren, welches als</Unicode></TextEquiv>
</TextLine>

<TextLine id="line_29">
<Coords points="246,1714 465,1714 483,1715 688,1715 708,1714 913,1714 930,1713 1004,1713 1016,1714 1047,1714 1067,1722 1129,1722 1146,1712 1294,1712 1317,1712 1372,1712 1390,1711 1480,1711 1480,1741 1390,1741 1372,1741 1317,1741 1294,1742 1146,1742 1129,1742 1067,1742 1047,1752 1016,1752 1004,1743 930,1743 913,1752 708,1752 688,1753 483,1753 465,1752 246,1752 246,1714"/>
<Baseline points="246,1752 465,1752 483,1753 688,1753 708,1752 913,1752 930,1743 1004,1743 1016,1752 1047,1752 1067,1742 1129,1742 1146,1742 1294,1742 1317,1741 1372,1741 1390,1741 1480,1741"/>
<TextEquiv><Unicode>„schwedische Eisenprobe“ Verbreitung fand , war zunächst auf einen</Unicode></TextEquiv>
</TextLine>

<TextLine id="line_30">
<Coords points="244,1766 523,1766 544,1767 756,1767 785,1767 874,1767 896,1764 1243,1764 1266,1764 1319,1764 1345,1763 1390,1763 1415,1763 1481,1763 1481,1793 1415,1793 1390,1793 1345,1793 1319,1794 1266,1794 1243,1801 896,1801 874,1796 785,1796 756,1802 544,1802 523,1806 244,1806 244,1766"/>
<Baseline points="244,1806 523,1806 544,1802 756,1802 785,1796 874,1796 896,1801 1243,1801 1266,1794 1319,1794 1345,1793 1390,1793 1415,1793 1481,1793"/>
<TextEquiv><Unicode>zweckmäſsigeren Probierofen, einen Gebläseschmelzofen, der als Sef-</Unicode></TextEquiv>
</TextLine>

<TextLine id="line_31">
<Coords points="244,1818 419,1818 442,1819 516,1819 538,1819 617,1819 640,1818 779,1818 801,1818 985,1818 1008,1818 1040,1818 1064,1817 1145,1817 1174,1816 1391,1816 1419,1815 1481,1815 1481,1844 1419,1844 1391,1846 1174,1846 1145,1846 1064,1846 1040,1846 1008,1846 985,1855 801,1855 779,1855 640,1855 617,1849 538,1849 516,1849 442,1849 419,1855 244,1855 244,1818"/>
<Baseline points="244,1855 419,1855 442,1849 516,1849 538,1849 617,1849 640,1855 779,1855 801,1855 985,1855 1008,1846 1040,1846 1064,1846 1145,1846 1174,1846 1391,1846 1419,1844 1481,1844"/>
<TextEquiv><Unicode>strömofen, oder auch kurzweg „Sefström“ in allen Laboratorien und</Unicode></TextEquiv>
</TextLine>

<TextLine id="line_32">
<Coords points="244,1868 527,1868 548,1870 688,1870 709,1869 796,1869 817,1869 995,1869 1037,1868 1107,1868 1129,1867 1248,1867 1275,1867 1404,1867 1426,1867 1480,1867 1480,1896 1426,1896 1404,1897 1275,1897 1248,1906 1129,1906 1107,1897 1037,1897 995,1906 817,1906 796,1905 709,1905 688,1908 548,1908 527,1900 244,1900 244,1868"/>
<Baseline points="244,1900 527,1900 548,1908 688,1908 709,1905 796,1905 817,1906 995,1906 1037,1897 1107,1897 1129,1906 1248,1906 1275,1897 1404,1897 1426,1896 1480,1896"/>
<TextEquiv><Unicode>Probieranstalten Eingang fand, begründet. Sein Vorzug beruhte auf</Unicode></TextEquiv>
</TextLine>

<TextLine id="line_33">
<Coords points="245,1919 300,1919 320,1920 464,1920 480,1921 751,1921 785,1920 840,1920 859,1919 1060,1919 1081,1919 1134,1919 1157,1920 1254,1920 1279,1919 1406,1919 1428,1918 1481,1918 1481,1947 1428,1947 1406,1956 1279,1956 1254,1948 1157,1948 1134,1948 1081,1948 1060,1956 859,1956 840,1948 785,1948 751,1961 480,1961 464,1950 320,1950 300,1948 245,1948 245,1919"/>
<Baseline points="245,1948 300,1948 320,1950 464,1950 480,1961 751,1961 785,1948 840,1948 859,1956 1060,1956 1081,1948 1134,1948 1157,1948 1254,1948 1279,1956 1406,1956 1428,1947 1481,1947"/>
<TextEquiv><Unicode>der besseren Windverteilung. Die Schmelzung der Probe erfolgte da-</Unicode></TextEquiv>
</TextLine>

<TextLine id="line_34">
<Coords points="245,1971 293,1971 314,1970 346,1970 370,1970 615,1970 636,1972 748,1972 771,1971 803,1971 824,1970 1026,1970 1048,1970 1157,1970 1157,2000 1048,2000 1026,2009 824,2009 803,2000 771,2000 748,2002 636,2002 615,2011 370,2011 346,1999 314,1999 293,2001 245,2001 245,1971"/>
<Baseline points="245,2001 293,2001 314,1999 346,1999 370,2011 615,2011 636,2002 748,2002 771,2000 803,2000 824,2009 1026,2009 1048,2000 1157,2000"/>
<TextEquiv><Unicode>bei in Kohlentiegeln, welche in Thontiegeln saſsen.</Unicode></TextEquiv>
</TextLine>

</TextRegion>
<TextRegion id="block_1" custom="structure {type:header;}">
<Coords points="558,166 558,196 1157,196 1157,166 558,166"/>
<TextLine id="line_35">
<Coords points="558,167 679,167 700,167 753,167 775,166 882,166 906,168 980,168 1003,166 1049,166 1073,168 1157,168 1157,195 1073,195 1049,195 1003,195 980,195 906,195 882,196 775,196 753,196 700,196 679,196 558,196 558,167"/>
<Baseline points="558,196 679,196 700,196 753,196 775,196 882,196 906,195 980,195 1003,195 1049,195 1073,195 1157,195"/>
<TextEquiv><Unicode>Chemie des Eisens 1831 bis 1850.</Unicode></TextEquiv>
</TextLine>

</TextRegion>
<TextRegion id="block_2" custom="structure {type:pageNum;}">
<Coords points="242,170 242,197 299,197 299,170 242,170"/>
<TextLine id="line_36">
<Coords points="242,170 299,170 299,197 242,197 242,170"/>
<Baseline points="242,197 299,197"/>
<TextEquiv><Unicode>406</Unicode></TextEquiv>
</TextLine>

</TextRegion>
<TextRegion id="block_3" custom="structure {type:note;}">
<Coords points="366,2090 366,2120 373,2129 373,2158 364,2165 364,2198 364,2203 247,2203 247,2233 246,2242 246,2273 895,2273 895,2242 1485,2242 1485,2233 1485,2203 1485,2198 1485,2165 1216,2165 1216,2158 1216,2129 1047,2129 1047,2120 1047,2090 366,2090"/>
<TextLine id="line_37">
<Coords points="366,2090 384,2090 401,2098 433,2098 449,2092 526,2092 544,2093 567,2093 583,2101 615,2101 631,2094 774,2094 793,2094 808,2094 828,2101 859,2101 877,2092 1047,2092 1047,2115 877,2115 859,2112 828,2112 808,2116 793,2116 774,2120 631,2120 615,2113 583,2113 567,2116 544,2116 526,2119 449,2119 433,2110 401,2110 384,2114 366,2114 366,2090"/>
<Baseline points="366,2114 384,2114 401,2110 433,2110 449,2119 526,2119 544,2116 567,2116 583,2113 615,2113 631,2120 774,2120 793,2116 808,2116 828,2112 859,2112 877,2115 1047,2115"/>
<TextEquiv><Unicode>C = Kalk, A = Thonerde, S = Kieselsäure.</Unicode></TextEquiv>
</TextLine>

<TextLine id="line_38">
<Coords points="373,2129 448,2129 464,2129 605,2129 622,2132 713,2132 730,2132 748,2132 766,2132 851,2132 869,2138 894,2138 911,2131 986,2131 1004,2130 1092,2130 1110,2130 1144,2130 1163,2131 1216,2131 1216,2151 1163,2151 1144,2157 1110,2157 1092,2153 1004,2153 986,2153 911,2153 894,2153 869,2153 851,2154 766,2154 748,2154 730,2154 713,2155 622,2155 605,2158 464,2158 448,2152 373,2152 373,2129"/>
<Baseline points="373,2152 448,2152 464,2158 605,2158 622,2155 713,2155 730,2154 748,2154 766,2154 851,2154 869,2153 894,2153 911,2153 986,2153 1004,2153 1092,2153 1110,2157 1144,2157 1163,2151 1216,2151"/>
<TextEquiv><Unicode>Siehe Erdmann, Journ. f. techn. u. ökon. Chem. II, 394.</Unicode></TextEquiv>
</TextLine>

<TextLine id="line_39">
<Coords points="364,2167 439,2167 456,2166 651,2166 667,2170 794,2170 820,2171 856,2171 874,2169 1011,2169 1034,2168 1087,2168 1110,2168 1138,2168 1157,2167 1298,2167 1326,2165 1367,2165 1390,2166 1485,2166 1485,2188 1390,2188 1367,2188 1326,2188 1298,2193 1157,2193 1138,2190 1110,2190 1087,2191 1034,2191 1011,2198 874,2198 856,2191 820,2191 794,2196 667,2196 651,2192 456,2192 439,2190 364,2190 364,2167"/>
<Baseline points="364,2190 439,2190 456,2192 651,2192 667,2196 794,2196 820,2191 856,2191 874,2198 1011,2198 1034,2191 1087,2191 1110,2190 1138,2190 1157,2193 1298,2193 1326,2188 1367,2188 1390,2188 1485,2188"/>
<TextEquiv><Unicode>Siehe Jernkontorets Annaler, 17. Jahrgang und P. Tunner, die schwe-</Unicode></TextEquiv>
</TextLine>

<TextLine id="line_40">
<Coords points="247,2206 335,2206 352,2205 512,2205 535,2211 585,2211 602,2206 646,2206 663,2207 815,2207 836,2207 872,2207 890,2206 1024,2206 1042,2206 1084,2206 1101,2205 1150,2205 1167,2203 1390,2203 1409,2204 1485,2204 1485,2233 1409,2233 1390,2227 1167,2227 1150,2227 1101,2227 1084,2228 1042,2228 1024,2229 890,2229 872,2229 836,2229 815,2229 663,2229 646,2228 602,2228 585,2227 535,2227 512,2233 352,2233 335,2229 247,2229 247,2206"/>
<Baseline points="247,2229 335,2229 352,2233 512,2233 535,2227 585,2227 602,2228 646,2228 663,2229 815,2229 836,2229 872,2229 890,2229 1024,2229 1042,2228 1084,2228 1101,2227 1150,2227 1167,2227 1390,2227 1409,2233 1485,2233"/>
<TextEquiv><Unicode>dische Eisenprobe von Dr. Sefström im Jahrbuch für den innerösterreich. Berg-</Unicode></TextEquiv>
</TextLine>

<TextLine id="line_41">
<Coords points="246,2244 301,2244 317,2243 505,2243 525,2243 546,2243 564,2242 707,2242 728,2245 795,2245 814,2244 839,2244 857,2245 895,2245 895,2266 857,2266 839,2267 814,2267 795,2271 728,2271 707,2273 564,2273 546,2264 525,2264 505,2268 317,2268 301,2268 246,2268 246,2244"/>
<Baseline points="246,2268 301,2268 317,2268 505,2268 525,2264 546,2264 564,2273 707,2273 728,2271 795,2271 814,2267 839,2267 857,2266 895,2266"/>
<TextEquiv><Unicode>und Hüttenmann, 2. Jahrgang, 1842, S. 96.</Unicode></TextEquiv>
</TextLine>

</TextRegion>
</Page>
</PcGts>