1600 2395
106 197 1280 243 trotzdem sind die erzielten Resultate sehr beachtenswert und läſst
107 253 1278 299 sich hoffen, daſs dasselbe mit der Zeit auch für die Praxis ein wert-
108 304 628 341 volles Hülfsmittel werden wird.
179 363 1279 404 Um die mikroskopische Untersuchung des Kleingefüges des Eisens
108 404 1279 453 haben sich auſser Sorby in hervorragender Weise A. Martens,
107 453 1278 501 H. Wedding, F. Osmond, F. L. Garrison und H. M. Howe ver-
107 502 1278 550 dient gemacht. Unter der groſsen Zahl, die sonst noch auf diesem
106 550 1280 598 Gebiete gearbeitet haben, nennen wir Kerpely, Roberts-Austen,
106 597 1278 645 Dolliak, Arnold, S. Stein, Kuppelwieser, Ledebur, v. Jüptner,
106 645 757 691 Kreuzpointner, A. Sauveur u. s. w.
180 708 1277 741 Der Holländer van Ruth arbeitete schon 1871 bis 1873 ein
107 750 1279 798 Verfahren, um genaue Abdrücke des Kleingefüges des Eisens dadurch
106 797 1279 846 herzustellen, daſs er eine geglättete Schnittfläche mit Salzsäure
106 848 1279 896 ätzte und diese dann abdruckte, aus. Dieses Verfahren verfolgte
77 897 1278 944 A. von Kerpely weiter. 1878 machte er  ein von ihm erfundenes
106 943 1278 992 Verfahren von Selbstdrucken geätzter Bruchflächen bekannt. Derselbe
98 986 1278 1043 hatte schon vorher (1876 und 1877) Mikrophotographieen  von un-
103 1048 1280 1091 geätzten Bruchflächen mittels eines Hartnackschen Mikroskops mit
80 1093 1279 1142 1500 facher Vergröſserung und eigens eingerichteter Camera obscura
101 1137 1279 1189 hergestellt. Kerpely empfahl ferner die Herstellung von Warm-
104 1186 1279 1237 bruchproben, wofür er sich, um die gleichen Temperaturen und Anlauf-
104 1237 1278 1286 farben zu erhalten, eines Bleibades bediente . Er gab an, aus
106 1287 1277 1340 diesen Proben die Güte eines Stahles beurteilen zu können. Trotz-
106 1335 958 1384 dem hat dies Verfahren keinen Anklang gefunden.
178 1401 1278 1442 In Deutschland nahm A. Martens , angeregt durch den Hinweis
104 1442 1279 1492 des Hüttenmeisters Schott, in seiner „Kunstgieſserei“ 1873 die
104 1496 1279 1541 mikroskopische Untersuchung des Kleingefüges des Eisens auf. Er
104 1549 1279 1590 veröffentlichte 1878 die Ergebnisse seiner auf Grund der Sorbyschen
105 1589 1306 1644 Vorschläge (1865) angestellten mikroskopischen Untersuchungen ge-
105 1640 681 1687 ätzter ebener Schliffe von Eisen .
181 1696 1278 1741 A. Martens benutzte ebenfalls bei seinen Untersuchungen die
105 1736 1280 1786 bei niedriger Temperatur hervorgerufenen Anlauffarben als ein Mittel
1224 157 1277 183 377
449 154 923 191 Physik des Eisens seit 1871.
214 1852 1279 1887 A. Ritter von Kerpely, Über Eisenbahnschienen, mit 18 Naturselbst-
105 1877 481 1920 drucktafeln. Leipzig 1878.
214 1922 1279 1955 Zusammengestellt in der Preisschrift über die ungarischen Eisenhütten-
104 1951 449 1983 erzeugnisse. Wien 1878.
214 1992 902 2023 Siehe Berg- und Hüttenmänn. Ztg. 1878, S. 405.
214 2025 1279 2057 Vorsteher der Kgl. mechanisch-technischen Versuchsanstalt in der techni-
105 2050 632 2092 schen Hochschule zu Charlottenburg.
214 2093 1282 2125 Siehe Zeitschr. d. Vereins deutscher Ingenieure 1878, S. 13, 205 und 481;
120 2118 591 2158 1879, S. 22 und 482; 1880, S. 398.
