1600 2452
143 217 1376 259 Kohlenausbringen von 26 Proz. Ein ganz ähnliches Verfahren hatte
143 272 636 310 man zu Neusohl in Ungarn.
224 324 1377 368 Auch Pfort zu Veckerhagen  suchte die Meilerverkohlung im
144 377 1377 416 Reinhardswalde dadurch zu verbessern, daſs er den Meiler am Fuſse
145 428 1377 471 möglichst schloſs, die Haube mehr offen lieſs und die Entzündung
144 480 1377 520 von oben durch den Quandel bewirkte. Die Ergebnisse waren günstig.
225 535 1377 576 Der Amerikaner Bull hat das Ausbringen wesentlich dadurch
144 588 1376 628 vergröſsert, daſs er beim Aufsetzen des Meilers die Zwischenräume
144 639 1277 672 mit Kohlenstaub ausfüllte und sie dadurch unschädlich machte.
225 695 1378 733 Die Holzverkohlungsöfen, welche man hauptsächlich da an-
142 745 1378 784 wendete, wo man die Destillationsprodukte des Holzes mitgewinnen
143 796 1378 834 wollte, hatten teils die Form der Meiler, teils die der Haufen. Wo
143 846 1378 886 die Teergewinnung den Hauptzweck bildete, wendete man Retorten-
145 896 1378 934 öfen an, die hierbei erzielten leichten Kohlen waren aber für den
145 946 1378 987 Hüttenbetrieb wenig geeignet. Statt der kostspieligen Retorten wen-
145 998 1378 1031 dete man zuerst bei Blansko in Mähren bereits Ende der 20er Jahre
146 1049 1378 1089 Röhrenöfen an, d. h. Kammern, durch welche guſseiserne Heizröhren
143 1102 1378 1139 geführt wurden. Dieselben waren von Reichenbach konstruiert und
129 1148 1379 1192 bewährten sich gut, doch hat auch diese Art Öfen mehr ein Interesse
144 1202 1118 1244 für den Holzessigfabrikanten, als für den Hüttenmann.
225 1260 1380 1298 Bei dem lebhaften Bestreben, die Produktionskosten des Eisens
144 1312 1379 1351 namentlich durch Brennmaterialersparung zu verringern, wendete man
146 1363 1379 1401 natürlich in dieser Zeit auch dem Torf und seiner Verwendung in
144 1412 1110 1454 der Eisenindustrie wieder gröſsere Aufmerksamkeit zu.
226 1466 1379 1511 Über die chemische Zusammensetzung und die Bildung desselben
147 1518 1380 1561 hat namentlich Mulder durch eingehende Versuche Aufschluſs ge-
145 1572 1380 1614 geben . Regnaults Analysen  stimmen mit denselben überein.
147 1620 1380 1666 Die mittlere Zusammensetzung von sechs holländischen und drei fran-
145 1676 1384 1717 zösischen Torfarten betrug 60,63 Tle. Kohlenstoff, 6,04 Tle. Wasserstoff
145 1727 1379 1771 und 33,32 Tle. Sauerstoff. Dies entspricht nach Scheerer einer Zu-
145 1784 1380 1823 sammensetzung von 60 Tln. Kohlenstoff, 2 Tln. Wasserstoff und 38 Tln.
147 1828 1380 1874 Wasser, während die entsprechende Holzmasse 50 Tle. Kohlenstoff und
146 1882 1384 1926 50 Tle. Wasser enthält. Regnault fand auch Stickstoff, bei dem Torf
146 1935 921 1978 von Vulcaire bei Abbeville sogar 2,21 Proz.
228 1990 1379 2034 Scheerers Angabe gilt für die Zusammensetzung der reinen
146 2036 1379 2077 Torfsubstanz. Danach wäre reiner Torf ein besseres Brennmaterial
403 156 1118 188 Brennstoff und Hochofen 1831 bis 1850.
1318 158 1373 184 471
266 2160 1142 2195 Siehe Studien des Göttinger Vereins, 4. Bd., Heft 1, S. 59.
265 2197 1293 2232 Siehe Erdmann, Journal f. prakt. Chem. XVI, 246, 495; XXI, 211.
266 2234 612 2267 Ebendaselbst XIII, 160.
