1600 2452
128 190 1360 244 spat mit einem Zusatz von Natron und Borax an und setzte, um der
128 244 1360 297 Glasur die Eigenschaft des besseren Deckens mitzuteilen, etwas Zinn-
128 296 1359 351 oxyd zu . In England machte man damals sehr leichtes verzinntes
128 346 1360 401 Guſsgeschirr. Der Formsand, den man dabei anwendete, war mit
126 397 1361 451 etwas Steinkohlenpulver vermischt. Die gegossenen Gefäſse wurden
131 447 1361 501 in einem Ofen, der einem Glasofen ähnlich war, getempert. Die-
126 499 1361 554 jenigen, welche unrund aus der Form kamen, wurden in einem Flamm-
130 549 1361 598 ofen stärker erhitzt und hierauf eine ringförmige Schablone, welche
130 601 1362 655 genau die verlangte Form hatte, mit einigen Hammerschlägen in die-
130 652 1363 707 selben getrieben. Die Töpfe wurden dann auſsen mit einer Feile,
130 703 1363 754 innen mit Meiſseln poliert, indem man sie mittels einer Holzbüchse
131 752 1364 804 auf eine Drehscheibe spannte. Dann brachte man das Zinn in den
132 803 1363 858 Topf, rieb die Wände mit Salmiak, schwenkte um und goſs das
132 862 884 908 überflüssige Zinn in einen anderen Topf .
211 904 1365 958 Die Herstellung von schmiedbarem Guſs war schon in der
132 956 1366 1013 vorhergehenden Periode ein selbständiger und wichtiger Industrie-
134 1006 1366 1064 zweig geworden. In Frankreich gelang es 1818 Baradelle und
136 1058 1367 1112 Déodor, die Fabrikation des schmiedbaren Gusses einzuführen, wofür
137 1111 1366 1164 sie am 23. Septbr. 1818 den von der Gesellschaft zur Beförderung
137 1163 1367 1213 der nationalen Industrie ausgesetzten Preis von 3000 Franken er-
135 1215 1366 1270 hielten . Sie waren die ersten, denen es seit Reaumur gelungen
136 1272 1046 1319 war, diesen Industriezweig im groſsen zu betreiben.
213 1320 1368 1364 In Deutschland hatte dieses Verfahren noch keinen Eingang ge-
134 1368 1369 1416 funden und was man davon wuſste, beruhte auf der berühmten Schrift
135 1421 1368 1471 Reaumurs. Karsten behauptete noch, ein Gemenge von Knochen-
136 1472 1369 1525 asche mit Kohlenpulver sei das beste Aduzierungsmittel, dagegen
137 1523 1370 1578 seien Blutsteinpulver oder rotes Eisenoxyd und Kreide zu stark
136 1577 1369 1624 wirkende Mittel. Das beste Guſseisen zum Adouzieren sei das aus
137 1629 1370 1678 alten Stahl- und Stabeisenabgängen mit Kohlen im Tiegel ge-
137 1694 662 1731 schmolzene weiſse Roheisen .
215 1732 1371 1784 Kastner unterzog 1823 den Prozeſs der Darstellung schmied-
136 1786 1372 1832 baren Gusses einer wissenschaftlichen Untersuchung , wobei er zu
137 1837 1372 1891 folgenden Resultaten kam: 1. Schwefel oder schwefelsaure Salze ent-
138 1889 1372 1941 haltendes Eisenoxyd ist als Glühmittel unbrauchbar. 2. Der benutzte
1299 129 1356 157 247
439 135 1026 177 Die Eisengieſserei 1816 bis 1830.
259 1991 763 2023 Siehe Karsten, a. a. O., §. 1092.
260 2029 857 2068 Coste et Perdonnet, a. a. O., S. 212.
259 2057 1371 2099 Siehe Bericht von Gillet de Laumont in den Annales des mines 1819,
139 2109 258 2139 IV, 159.
258 2137 1037 2181 Siehe Karsten, Eisenhüttenkunde, 2. Aufl., §. 154.
259 2167 1372 2211 Siehe Neues Kunst- und Gewerbeblatt 1823, 9. Jahrg., S. 124, und Wed-
140 2223 643 2255 ding, Eisenhüttenkunde III, 461.
