1600 2474
182 182 1456 237 Schopp- und Wasserseite 5 Fuſs 4 bis 5 Zoll (1,685 bis 1,688 m),
181 237 1457 290 zwischen Brust- und Schuſsseite 5 Fuſs 2 bis 3 Zoll (1,633 bis 1,660 m);
182 295 1458 333 hier war also der letztere Durchmesser der kleinere. Dasselbe war
182 349 1459 393 am „Eingang“ der Fall, wo der Abstand zwischen Schopp- und Wasser-
182 399 1458 447 seite 2 Fuſs 6 Zoll (0,79 m), zwischen Brust- und Schuſsseite nur
183 455 1489 502 2 Fuſs 2 bis 3 Zoll (0,685 bis 0,711 m)  betrug. Der Bodenquer-
183 502 1459 552 schnitt war demnach gegen den Querschnitt des Bauches und des
183 552 1480 607 Eingangs verdreht. Dazu kam nun noch die Hintersäſsigkeit, wodurch
184 619 1238 651 die Mittellinie um etwa 10 Zoll von der Lotlinie abwich.
268 663 1460 710 Beim Aufstampfen des Krenns lieſs man in der Mitte desselben
184 711 1461 763 eine dachförmige Öffnung für die Form frei. In diese Öffnung wurde
184 766 1462 818 dann die Form, oder wie man in Steiermark sagte, die „Ferne“ ein-
185 823 1462 869 gesetzt. Sie bestand aus einer von grauem Lehm mittels des hölzernen
186 871 1463 924 Formnagels ausgehöhlten, 18 Zoll langen Röhre, welche nach der
186 920 1463 976 Beschaffenheit der Schmelzung gläge, eben oder scharf, d. h. nach
186 976 1464 1029 unten geneigt, horizontal oder oben gerichtet, eingeschlagen wurde.
188 1024 1464 1082 Die ebene Lage war die normale, bei der „glägen“ verbrannte zu viel
187 1085 1465 1129 Eisen, bei der „scharfen“ zu viel Kohlen. Das Gebläse eines solchen
188 1127 1465 1188 Hochofens bestand aus zwei kleinen hölzernen Bälgen, die den Wind
189 1188 1465 1246 ununterbrochen und gleichförmig in den Ofen führen muſsten, wobei
190 1247 1466 1295 darauf zu achten war, daſs die Balgdüsen gut in die Lehmform ein-
190 1296 1466 1345 paſsten, um möglichst wenig Windverlust durch seitliches Entweichen
191 1354 398 1385 zu erleiden.
275 1394 1466 1452 Der Betrieb eines Floſsofens war kurz folgender: Zunächst wurde
192 1442 1467 1505 der fertig zugestellte Ofen durch Holzflamme gut getrocknet und
191 1506 1467 1555 hierauf mit Kohlen gefüllt, und zwar bis zum Kranz, d. h. bis zum
192 1557 1468 1611 oberen Rand des auf der Gicht aufgemauerten Fülltrichters e f c g. Der
193 1605 1468 1662 Ofen bis zum Eingang faſste 30, bis zum Kranz 40 Faſs Kohlen .
192 1657 1469 1717 Hierauf wurden durch die Form einige glühende Kohlen eingelegt
193 1715 1469 1779 und das Gebläse langsam angelassen, damit die Hitze im Anfang nur
193 1773 1469 1825 ganz allmählich um sich griff; man nannte dies die „Glimmung“.
195 1827 1469 1879 War der Kranz bis zum Eingang leer geworden, so wurden noch ein-
193 1874 1438 1930 oder mehreremal frische Kohlen und auf diese dann zuerst ½ Kübel
195 1930 1470 1985 Stein aufgegeben. Nachdem dieser Satz niedergegangen war, gab man
197 1981 1471 2035 ½ Kübel Erz mit 8 bis 10 Faſs Kohlen, nachher aber wurde bei jeder
182 132 243 161 344
282 130 1380 163 Der Eisenhüttenbetrieb um die Mitte des 18. Jahrhunderts.
320 2101 1457 2145 Siehe Schreber, a. a. O., S. 16, woselbst das Maſs der Abstände der vier
195 2139 1472 2180 Seiten von der Lotlinie von Fuſs zu Fuſs der Höhe in einer Tabelle zusammen-
195 2194 362 2224 gestellt ist.
321 2229 905 2256 Ein Faſs Kohlen = 5 österr. Metzen.
323 2269 1056 2302 1 Kübel Erz wog netto 3 Ctr. 23 Pfd. (180 kg).
