1600 2452
204 187 1358 236 P. Barlow machte im Auftrage der London-Birmingham-Eisen-
124 238 1360 296 bahngesellschaft wichtige Festigkeitsversuche zur Ermittelung der
125 289 1360 341 besten Form der Eisenbahnschienen, deren Befestigung, Unter-
126 341 1360 401 lagen u. s. w. Er veröffentlichte seinen Bericht 1835. Damals waren
127 404 1361 466 die Schienen mit Doppelköpfen in ￼-Form sehr beliebt, weil man
128 466 1362 519 sie umdrehen konnte, wenn die eine Seite abgelaufen war. Barlow
128 521 1362 569 verwarf diese Form und dieses Princip gänzlich und meinte, man
130 569 1364 622 solle sich lieber Mühe geben, den Schienenkopf so gut zu machen,
130 634 638 676 daſs kein Umlegen nötig sei.
211 687 1365 736 William Fairbairn führte seine Festigkeitsversuche im Auf-
132 739 1366 796 trage von Robert Stephenson aus, als dieser sich mit der Kon-
133 791 1367 837 struktion der Menai-Brücke beschäftigte. Danach widerstand graues
136 840 1368 896 englisches Roheisen einem Drucke von 35 bis 40 Tonnen und einer
135 889 1369 947 Zugkraft von 3 bis 7 Tonnen auf den Quadratzoll und Puddel-
136 941 1368 989 Schmiedeeisen einem Drucke von 12 bis 13 Tonnen und einer Zug-
134 991 1370 1041 kraft von 16 bis 18 Tonnen auf den Quadratzoll. Für das Roh-
136 1042 1369 1093 eisen hat Fairbairn, ebenso wie in Österreich von Mietis , den
136 1095 1370 1143 Elasticitätsmodulus zwischen 1100000 und 1700000 schwankend ge-
138 1163 263 1194 funden.
219 1211 1372 1262 Robert Stephenson stellte 1850 selbst eine Reihe von ver-
139 1259 1373 1315 gleichenden Versuchen über die Festigkeit des mit heiſsem und mit
139 1314 1374 1363 kaltem Winde erzeugten Roheisens an, zur Prüfung der geeignetsten
139 1366 1184 1414 Roheisenarten für die High-Level-Brücke zu Edingburgh .
220 1425 1375 1474 Aus diesen und anderen Versuchen ging hervor, daſs der Elasti-
143 1477 1376 1525 citätsmodulus des Roheisens etwa ½ bis ⅔ der Gröſse des Elasti-
143 1528 1378 1576 citätsmodulus des Stabeisens beträgt und die absolute Festigkeit der
144 1580 1378 1628 stärkeren Roheisensorten zu der des Stabeisens etwa im Verhältnis
143 1648 437 1689 von 1 : 2¾ steht.
224 1697 1378 1751 Von groſser Wichtigkeit für die Eisenhüttenkunde waren mehrere
145 1751 1379 1795 bedeutende Arbeiten über die Wärme. Hohe Wärmegrade zu messen
146 1800 1381 1852 ist eine schwierige Aufgabe, die bis heute noch nicht ganz gelöst
146 1852 1381 1907 ist. Daniells  verbessertes Register-Pyrometer (s. S. 217) war das
147 1903 1382 1950 beste Meſsinstrument für hohe Temperaturen. Er bestimmte damit
148 1966 474 2008 die Schmelzpunkte
1299 125 1356 153 395
442 130 1034 178 Physik des Eisens 1831 bis 1850.
270 2082 1383 2127 von Mietis, Beiträge zur Kenntnis des Guſs- und Stabeisens und des
151 2131 455 2159 Stahles. Wien 1829.
270 2166 1113 2202 Siehe Berg- und Hüttenmännische Zeitung 1850, S. 677.
270 2208 819 2235 Siehe Philos. Transact. 1830, II, 257.
