1600 2395
322 226 1499 266 schüttelnde Bewegung versetzte, wodurch die Krystallisation verhindert
322 275 1498 314 werden sollte. Whetley wendete den Centrifugalguſs zur Anfertigung
322 326 726 363 von Stahlradreifen an .
398 380 1499 421 Naylor, Vickers & Co. in Sheffield hatten 1867 die imposanteste
323 428 1497 468 englische Ausstellung in Guſsstahlartikeln, worunter sich auch Glocken,
321 476 1498 515 Kanonen, Radkränze u. s. w. befanden. Die Cyklopwerke von Cammel
322 525 1499 557 & Co. in Sheffield führten Rundstahl mit einem Kern von Schmiede-
322 573 1448 611 eisen für Gewindbohrer vor, deren Anfertigung sie geheim hielten.
400 628 1499 665 Die Verwendung des Guſsstahls für die Feuerwaffen, insbesondere
322 676 1498 714 für Geschütze, ist in diesem Jahrzehnt von der gröſsten geschicht-
322 723 1499 760 lichen Bedeutung geworden. In keinem Zeitabschnitt hat sich die
322 769 1501 812 Überlegenheit des Materials bei der Bewaffnung so geltend gemacht,
323 821 1499 861 wie in diesem kriegerischen Jahrzehnt, und durchweg fiel der Sieg
323 869 1499 909 der besseren Bewaffnung infolge der fortgeschrittenen Technik und
323 919 1500 959 des besseren Materials zu. Auf die Bedeutung der Panzerschiffe
323 968 1499 1006 im Seekriege und auf den sensationellen Kampf zwischen Monitor und
324 1016 1500 1055 Merrimac im amerikanischen Bürgerkriege haben wir schon hin-
322 1066 470 1103 gewiesen.
399 1123 1501 1162 Bei den Handfeuerwaffen kamen Stahlröhren in immer allge-
324 1172 1502 1203 meineren Gebrauch. Dieselben wurden meistens in der Weise her-
323 1221 1500 1259 gestellt, daſs ein gegossener Ring von weichem Guſsstahl allmählich
324 1271 1501 1309 durch immer enger werdende Zuglöcher durchgezogen wurde, wobei
324 1320 1500 1358 das sich erhitzende Metall öfter in kaltem Wasser  gelöscht wurde.
323 1370 1502 1409 Anfang der sechziger Jahre beschäftigte sich auch Krupp mit der
324 1419 1501 1458 Herstellung von Stahlläufen für Handfeuerwaffen und hatte solche
323 1469 1500 1508 auch 1862 in London ausgestellt, doch lieſs er diese Fabrikation bald
323 1519 1502 1558 wieder fallen. Dieselbe wurde von A. Berger in Witten aufgenommen.
324 1567 1503 1605 Er lieferte die rohen Stahlläufe für die preuſsische Armee, die aber
325 1617 1502 1656 erst auf den groſsen staatlichen Waffenfabriken Spandau, Erfurt,
324 1664 1301 1704 Sömmerda u. s. w. bearbeitet und fertig gemacht wurden.
400 1720 1502 1760 In groſsartigem Maſsstabe nahmen die Werke von John Cockerill
323 1765 1500 1815 in Seraing seit 1867 die Fabrikation von Gewehrläufen aus Bessemer-
324 1816 1501 1860 stahl auf , welche dann in der Königlichen Waffenfabrik zu Lüttich,
323 1865 1502 1910 und in Privatfabriken zu Gewehren fertig gemacht wurden. Auf der
324 1914 1500 1956 Pariser Weltausstellung 1867 hatten Petin und Gaudet & Co. zu Rive
325 1962 1500 2000 de Gier ebenfalls bereits Muster solcher Läufe aus Bessemerstahl
322 169 379 196 220
551 165 1275 202 Fortschritte in der Verwendung des Stahls
437 2072 1501 2111 Siehe London. Journ. 1866, March, p. 150; Kerpely a. a. O. 1861, S. 233.
438 2105 995 2138 Siehe Dinglers Journal 1863, Märzheft.
438 2140 1339 2176 Vergl. A. Greiner in Berg- u. Hüttenmänn. Ztg. 1869, S. 337.
