1600 2474
622 138 1388 196 Zuweilen geschah das Zerkleinern der Erze unter einem groſsen
136 189 1389 267 Hammer mit platter Bahn, der durch Wasser bewegt wurde. Die
140 241 1391 322 Anwendung des Bock- oder Pochhammers, der in seiner Konstruk-
140 294 1392 369 tion dem Stabeisenhammer ähnlich war und nur durch die flache
141 347 1396 421 Hammerbahn und den plattenartigen Amboſs abwich, fand im Norden,
142 399 1397 474 namentlich in Schweden, mehr Eingang, während in Mitteleuropa die
146 476 961 534 Stempelpochwerke gebräuchlicher waren. Agricola beschreibt
147 504 1403 577 nur die letzteren bei der Erzzerkleinerung; dieselben waren seiner Zeit
149 557 1403 636 im Erzgebirge bereits in allgemeiner Anwendung, während sie in den
151 610 1406 689 übrigen europäischen Ländern erst später Eingang fanden. So bediente
152 662 1408 732 man sich in Frankreich noch ausschlieſslich der Mörser und Siebe zur
155 712 1409 786 Zerkleinerung der Erze und erst im Jahre 1579 soll das erste Poch-
156 789 719 839 werk aufgestellt worden sein .
239 827 1120 885 In Deutschland waren dagegen die Trockenpochwerke schon
160 864 1416 937 im 15. Jahrhundert in Anwendung. Sie gehörten zu denjenigen Arbeits-
163 916 1418 992 maschinen, welche, wie die groſsen Schmiedehämmer, infolge der Be-
164 968 1420 1049 nutzung des Wassers als bewegende Kraft erfunden wurden. Wahr-
168 1021 1421 1098 scheinlich pochte man zuerst nur mit einem Stempel, später dann
168 1072 1424 1146 mit drei oder noch gewöhnlicher mit vier. Auch das Naſspoch-
170 1125 1426 1203 werk, durch welches erst eine rationelle Aufbereitung der fein ein-
173 1176 1428 1260 gesprengten Erze ermöglicht wurde, ist in Deutschland erfunden
174 1228 1430 1315 worden, und geschah dies bereits in den ersten Jahren des 16. Jahr-
174 1325 334 1356 hunderts.
259 1334 1434 1408 Der sächsische Edelmann Sigismund von Maltiz lieſs im Jahre
181 1389 1437 1462 1505 oder 1507 die ersten Naſspochwerke zum Pochen der Zinnerze
183 1437 1439 1519 erbauen . Agricola schreibt: Maltiz habe das Naſspochwerk
185 1491 1441 1568 erfunden, und im Jahre 1512 die ersten zu Dippoldiswalde und Alten-
184 1541 1442 1627 berg erbaut . In Joachimsthal baute einige Jahre später Paul
188 1597 1446 1672 Grommestetter, aus Schwarz gebürtig, daher Schwarzer genannt,
191 1647 1447 1725 das erste Naſspochwerk zur Aufbereitung der Silbererze. 1521 wurde
191 1702 1450 1778 dann ebendaselbst ein groſses Pochwerk, um über den Plan zu waschen,
194 1755 1451 1838 angelegt, welches groſse Ersparnisse brachte. 1525 baute Hans
196 1805 1453 1881 Pörtner das erste Naſspochwerk zu Schlackenwalde. Auſserhalb
252 81 1260 149 Eisen, Eisenerze, Probieren der Erze und Aufbereitung.
1346 76 1384 105 87
305 1910 1456 1979 Siehe Poppe, Geschichte der Künste und Wissenschaften, Bd. II, S. 381.
306 1948 1458 2015 Siehe Beckmann, Beiträge zur Geschichte der Erfindungen, Bd. V, S. 103.
309 1986 1461 2059 Agricola, De re metallica, Lib. VIII. Cum anno M.D.XII Georgius
206 2029 1462 2093 illustris Saxonum Dux in Misena jus omnium tumulorum e fodinis egestorum
206 2060 1463 2130 dedisset nobili et prudenti viro Sigismundo Malthicio, patri Joannis Episcopi
206 2102 1465 2168 Miseni et Henrici: Is Dippoldisvaldi et Aldebergi, quibus in locis fodiuntur
206 2136 1466 2212 lapilli nigri, ex quibus plumbum candidum conficitur, rejectis pilis siccis, cribris
209 2175 1467 2250 amplis, mola, invenit machinam, quae venas udas pilis praeferratis tunderet.
