1600 2452
302 197 1535 254 vorhergehenden Winter einen Kessel von 26 Pferdekräften mit Erfolg
301 248 801 297 auf diese Weise betrieben .
381 302 1532 351 Oft schon hatte man versucht, die Steinkohle in rohem Zustande
298 352 1532 411 im Hochofen zu verwenden, stets aber mit schlechtem Erfolge.
297 403 1530 454 Die genauere Kenntnis der Kohlenarten führte aber auch hier zu
296 456 1530 506 besseren Resultaten. Die kohlenstoffreiche, nicht backende Anthracit-
295 506 1528 562 kohle erwies sich allein für die direkte Anwendung geeignet, und dies
294 558 1527 609 geschah zuerst mit Erfolg auf dem groſsartigen Hüttenwerke Dowlais
293 608 1526 657 in Süd-Wales, dessen neun Hochöfen von 18 Fuſs Kohlensackweite
292 658 1525 708 hauptsächlich auf die Ausnutzung dieses Verfahrens hin erbaut worden
291 710 1524 767 waren. Die Provinz Glamorganshire, in welcher dieses Werk lag, war
290 759 1523 811 auch ganz besonders für diesen Betrieb geeignet, denn während die
291 808 1522 860 Steinkohle in der Mitte der Grafschaft sehr bituminös war und sich
289 862 1522 917 gut verkoken lieſs, ging die Fettkohle in der weiteren Erstreckung
287 910 1519 962 der Flötze in Anthracit über, den man vordem nicht verwenden
286 962 1519 1019 konnte. Man chargierte jetzt mit Erfolg auf 127 kg Koks und 76 kg
284 1015 1517 1073 rohe Steinkohle 203 bis 254 kg geröstetes Erz und 51 bis 68 kg Kalk-
285 1067 1517 1122 stein. Zu 1000 kg Roheisen brauchte man 2800 kg Koks und 1700 kg
284 1116 1087 1165 Steinkohle, zusammen 4500 kg Brennmaterial.
363 1168 1514 1220 In Frankreich hatte Robin, Direktor der Eisenhütte von Vizille,
282 1217 1513 1271 ebenfalls versucht, mit Anthracit von Lamure Eisenerze im Hochofen
279 1269 1512 1324 zu schmelzen , und es gelang ihm, wenigstens den Nachweis zu
279 1319 1511 1376 führen, daſs man mit diesem Anthracit allein, wenn auch sehr schwer,
278 1371 1510 1427 Eisenerze verschmelzen kann, wobei 7 Tle. Anthracit 3 Tle. Koks
277 1428 1509 1485 ersetzten. Dieses Resultat war in ökonomischer Beziehung freilich
275 1476 1508 1535 sehr ungünstig. Das erhaltene Roheisen, namentlich das graue Gieſserei-
275 1528 1507 1583 roheisen, war angeblich von guter Qualität. Die Versuche Robins,
273 1578 1506 1636 Anthracitkohlen im Puddelofen zu verwenden, welche er 1828 eben-
274 1629 1506 1698 falls zu Vizille anstellte, hatten keine günstige Erfolge, namentlich
271 1683 930 1739 war das erhaltene Eisen schlechter .
351 1730 1502 1791 Über den Brennwert der Brennmaterialien, d. h. über die relativen
270 1784 1503 1844 Wärmemengen, welche bei der Verbrennung derselben entwickelt
267 1837 1501 1893 werden, hatten schon Lavoisier, Crawford, Rumford und Dalton
268 1887 1501 1946 Untersuchungen angestellt, deren Ergebnisse aber sehr abwichen. Sehr
267 1941 1498 1996 sorgfältige Versuche hat hierüber der Amerikaner Marcus Bull 1826
265 1992 907 2050 im Franklin Journal veröffentlicht .
306 136 365 166 230
600 139 1249 181 Die Brennmaterialien 1816 bis 1830.
376 2098 1495 2151 Siehe London Journ. of Arts and Sciences, Oct. 1824, p. 194; Dingler, XIV, 23.
384 2137 1066 2183 Siehe Coste et Perdonnet, a. a. O., p. 175.
382 2175 1287 2225 Siehe Annales des mines, II. Ser., T. VI, Paris 1829, p. 109.
371 2213 1494 2263 Siehe auch E. Peclet, Über die Wärme, übers. von Hartmann, 1830, I, 124.
