1600 2452
75 190 1317 260 lichkeit geheim hielt, können wir nur wenig darüber berichten ; das
88 242 1316 305 Wichtigste haben wir bereits mitgeteilt. Die Engländer bedienten sich
106 303 1315 362 der Graphittiegel; das Schmelzen geschah in Windöfen. Vander-
109 356 1314 405 broecks  Bericht über englischen Guſsstahl kann sich nur auf einen
86 408 1312 455 ganz geringen Guſsstahl beziehen, welcher durch Zusammenschmelzen
72 449 1312 514 von weiſsem und grauem Roheisen mit Blechabschnitzeln, altem Eisen,
84 498 1312 567 Hammerschlag und Stahlabfällen in groſsen Tiegeln, welche 100 kg
10 550 1311 613 Einsatz faſsten, erzeugt wurde. Vier dieser Tiegel wurden in einen
75 600 912 661 Flammofen, ähnlich einem Glasofen, eingesetzt.
157 660 1308 713 Von hohem geschichtlichen Interesse ist dagegen Vandenbroecks
81 707 1308 760 weiterer Bericht, wonach man in England um 1812 Stahl in Flamm-
46 752 1307 811 öfen mit tiegelförmig vertieften Herden durch Zusammenschmelzen
69 810 1306 868 von Roheisen, Schmiedeeisenschrot und Hammerschlag herstellte.
37 850 1305 916 Die Mischung wurde auf die Feuerbrücke gelegt, schmolz und sam-
77 910 1304 966 melte sich das flüssige Metall unter einer Schlackendecke im Herde.
77 953 1304 1023 Es trat ein Aufwallen und Kochen ein, wobei Kohlenoxydgas mit
75 1009 1302 1072 violetter Flamme entwich. Sobald das Kochen aufgehört hatte, brachte
75 1064 1301 1125 man ein Stück grünes Holz in die Masse und rührte das flüssige Metall
55 1113 1300 1170 um, um die Absonderung zur Schlacke zu befördern. Wenn das
73 1157 1300 1227 Roheisen anfing zu frischen, schöpfte der Arbeiter eine Probe, die er
72 1219 1298 1283 in eine Probeform ausgoſs und unter dem Hammer untersuchte. Zeigte
45 1264 1297 1325 sich der Stahl in seinem Korn als zu weich, so wurden Brocken von
91 1321 1296 1385 hochcementiertem Brennstahl eingeworfen, um Kohlenstoff zuzuführen;
40 1373 1296 1429 war er zu hart, so setzte man Blechabschnitzel oder altes Eisen zu.
70 1416 1295 1480 Alsdann wurde die Schlacke abgezogen, der Guſsstahl in die Formen
0 1466 741 1534 laufen lassen und dann geschmiedet .
141 1530 1295 1585 Der unter dem Namen Marshall — auf dem Kontinent oft fälsch-
63 1568 1293 1644 lich Martial — bezeichnete vorzügliche englische Guſsstahl zeigte noch
85 1633 1292 1697 deutlich die Nähte der cylindrischen Form, in welcher er gegossen
65 1682 818 1735 war; er war demnach nicht überschmiedet.
137 1737 1290 1795 Das am 13. November 1800 von David Mushet erworbene
64 1785 1290 1850 umfangreiche Patent (Nr. 2447) für Guſsstahlbereitung enthält in
18 1835 1288 1905 seinem ersten Teil nichts anderes als die Beschreibung des Verfahrens,
61 1876 1288 1957 Schmiedeeisen mit Zusatz von abgewogenen Mengen von Kohle, Graphit
98 1947 1287 2004 oder sonstigen Kohlensubstanzen in Tiegeln zu schmelzen, wie es Clouet
1259 159 1317 187 135
436 143 959 185 Stahlbereitung 1801 bis 1815.
170 2064 1284 2115 Ein kurzer Bericht von Thomas G. Smith aus Philadelphia findet sich
37 2101 547 2150 Journal des mines, t. XIII, p. 59.
165 2140 1145 2187 Inspecteur des travaux de l’école pratique des mines de la Sarre.
165 2178 1282 2229 Siehe Hassenfratz, Sidérotechnie; Gruner, Annales des mines, VI. Serie,
77 2204 754 2262 T. XII; Wedding, Eisenhüttenkunde, III, 535.
