1600 2344
308 260 1466 289 Dialektik. Andererseits finden sich die tollsten Auswüchse fanatischer
308 307 1465 344 Ascetik und Bussübung . Der grösste Theil der Bonzen war in
308 352 1465 392 frivolen Unglauben, in rohe Unwissenheit und Sinnlichkeit versunken,
308 399 1465 433 die Missionare schildern sie als verderbtes Gesindel, maasslos hab-
307 444 1464 486 gierig und allen Lastern ergeben. Ueber ihre Ueppigkeit, ihren
307 491 1465 532 unbeugsamen hochfahrenden Sinn klagen auch die japanischen
308 537 1465 580 Schriften; die Eifersucht der Secten artete oft in blutige Fehden
308 584 1465 627 aus, deren Ursachen in dieser Zeit nur Habgier und Ehrgeiz waren.
308 632 1467 671 Das Volk erhielten die Bonzen in Aberglauben und Unwissenheit;
308 680 1467 721 sie lehrten einfach, es sei vergebenes Bemühen und ganz unmöglich
308 728 1466 768 im bürgerlichen und im Familien-Leben die strengen Tugend-
308 773 1466 813 vorschriften der Religion zu befolgen ; nur sie selbst könnten das,
310 820 1467 861 da sie der Welt entsagt und sich dem geistlichen Leben ganz ge-
310 867 1467 900 widmet hätten; durch das Uebermaass ihrer Vollkommenheit nähmen
309 914 1467 948 sie aber auch die Sünden der Weltkinder auf sich, so fern diese
309 962 1468 1002 nur durch reichliche Gaben für sie sorgten und sie von der irdischen
309 1010 1467 1049 Noth befreiten. Auch für die Seelen der Abgeschiedenen, die im
309 1056 1468 1095 Fegefeuer schmachten, musste gesteuert werden. Nur durch Geld-
309 1103 1468 1144 spenden ist das Heil zu erlangen; den Armen, die nichts geben
310 1148 1424 1188 können, ist das Himmelreich unbedingt verschlossen, den Frauen
309 1195 1471 1233 ungleich schwerer zugänglich als den Männern, »da sie von Natur
310 1237 1468 1279 mit allen Sünden behaftet sind«; ihre Gaben müssen daher, so
310 1289 1469 1327 sie Erlösung hoffen wollen, ungleich reicher sein. Man erkennt die
310 1335 1119 1373 schlaue Berechnung auf das weibliche Gemüth.
430 1382 1470 1425 Diese sehr bequeme Lehre fand natürlich grossen Anhang
310 1429 1469 1471 unter den vermögenden Ständen. Die unzähligen milden Stiftungen,
628 190 1143 214 Wirksamkeit und Lehren der Bonzen.
309 176 349 207 50
415 1523 1471 1557 Es gab Bonzen, die Jahrzehnte lang in einer Stellung verharrend über irgend
312 1562 1470 1598 ein Dogma nachzudenken vorgaben, um dann feierlich kanonisirt und bei lebendigem
311 1604 1471 1637 Leibe in Kapellen verehrt zu werden. Die von ihnen aufgestellten religiösen und
312 1644 1471 1676 Weisheits-Sätze sind meist entweder gesuchte Paradoxen oder gradezu unlösbare
312 1683 1471 1716 Widersinnigkeiten, deren Tiefe nicht zu ergründen, weil bodenlos ist. So erscheinen
312 1723 952 1755 sie wenigstens der europäischen Fassungskraft.
418 1762 1471 1796 Die allen japanischen Secten gemeinsamen fünf Haupt-Gebote sind nach der
314 1803 1471 1839 Darstellung der Missionare: 1. Nicht tödten, 2. Nicht stehlen, 3. Nicht ehebrechen,
313 1844 1015 1878 4. Nicht lügen, 5. Nichts Berauschendes geniessen.
422 1886 1472 1924 »Quin et mulieres quinque mandata transgressas servari posse negant, cum
314 1927 1472 1960 quaevis mulier plus criminum habeat, eorum arbitratu, quam omnes in universo mundi
314 1968 1473 2003 ambitu viri; ..... Dehine rursus dieere incipiunt, aliqualem damnationis evadendae
315 2008 1476 2046 spem mulieribus reliquam fore, si ampliores quam viri eleemosynas erogarint.« Brief
316 2047 1428 2086 des Franz Xaver in Hamnardus de Gammere Epistolae Japonicae. Lovanii 1569.
