1600 2344
285 245 1444 285 seit 1642 verboten — brachte so grossen Gewinn, dass der
286 291 1443 329 Handel noch immer sehr vortheilhaft blieb. Gegen das Jahr 1668
284 337 1443 376 hatte der Werth der ausgeführten Gold-Kobangs jährlich zehn
284 385 1442 424 Tonnen Goldes betragen; die ostindische Compagnie gewann am
285 431 1442 470 Golde allein über eine halbe Million Gulden jährlich. Das Kupfer,
283 477 1444 517 welches den Hauptbestandtheil der Rückladung ausmachte, trug
282 523 1443 561 beim Verkauf in Java 70 bis 95 Procent Gewinn. Nach Einführung
284 570 1443 610 des Taxations-Handels waren die Vortheile etwas geringer; die
284 619 1444 659 Holländer gewannen auch damals noch an der Einfuhr allein gegen
284 666 1443 702 55 Procent, mussten aber die Zahl ihrer Schiffe immer mehr be-
284 713 1445 752 schränken, da sie nicht mehr hinreichende Rückfracht an Stabkupfer
283 761 1444 799 von der Regierung erhalten konnten. Statt der früheren neun
283 808 1444 845 kamen seit 1680 nur noch vier Schiffe jährlich. Ein in chinesischen
284 855 1445 893 Schriftzeichen abgefasster Brief vom General-Director des indischen
264 901 1445 939 Handels zu Batavia, welchen der Handelsvorsteher von 1682 in
284 948 1446 984 Yeddo überreichte, wirkte dort vortheilhaft, aber die Zucht unter
284 996 1445 1037 den japanischen Beamten war grade um diese Zeit — unter dem
283 1044 1443 1084 Regimente des ausschweifenden und leichtfertigen Tsuna-yosi —
284 1092 1445 1129 sehr gelockert, und die Statthalter von Naṅgasaki wussten den
284 1138 1447 1170 Befehl des Siogun, die Holländer in ihren alten Freiheiten wieder
283 1184 1447 1221 herzustellen, zu umgehen. Der Vortheil, den die Beamten aller
285 1231 1445 1271 Classen aus dem Taxations-Handel zogen, muss ganz enorm ge-
283 1279 466 1307 wesen sein.
403 1324 1446 1364 Neben dem Handel der Compagnie, der sich auf gewisse
284 1371 1447 1411 Artikel der Einfuhr und für die Ausfuhr auf Stabkupfer und Kampher
283 1419 1448 1452 beschränkte, durften die Factoreibeamten noch einen Handel mit
285 1465 1445 1504 anderen Waaren im Werthe von 140,000 Gulden jährlich treiben,
285 1511 1448 1552 an dessen Ertrage sie alle nach dem Maasse ihrer Stellung Antheil
284 1559 1448 1598 hatten. Der Taxation war dieser »Gepermitteerde Handel« nicht
284 1607 1448 1646 unterworfen, dagegen erhob die japanische Regierung eine Steuer
284 1653 1447 1692 von 35 Procent des Kaufpreises der eingeführten Waaren, welche
284 1700 1447 1742 in die Tasche ihrer Beamten floss. In Folge dieser hohen Abgabe
286 1747 1447 1781 aber entwickelte sich ein lebhafter Schleichhandel, welcher den
286 1795 1447 1833 Holländern ungeheueren Gewinn, vielen Japanern aber den Tod
285 1841 1447 1884 brachte. Im Jahre 1685 wurden des holländischen Handels wegen
497 174 1227 206 Der Taxations-Handel. Der Gepermitteerde Handel.
288 165 349 196 146
400 1916 1449 1950 Nach Lauts »Japan etc.« seit 1642; nach Meylan (Geschiedkundig Overzigt
285 1956 1448 1988 van den Handel der Europezen op Japan) wurde die Silberausfuhr erst 1671 verboten.
400 1997 1451 2032 Der jährliche Gewinn des Ottona (Gassenmeisters) von Desima soll sich auf
288 2038 862 2067 12,000 Gulden holländisch belaufen haben.
