<?xml version="1.0" encoding="UTF-8"?>
<PcGts xmlns="http://schema.primaresearch.org/PAGE/gts/pagecontent/2019-07-15" xmlns:xsi="http://www.w3.org/2001/XMLSchema-instance" xsi:schemaLocation="http://schema.primaresearch.org/PAGE/gts/pagecontent/2019-07-15 http://schema.primaresearch.org/PAGE/gts/pagecontent/2019-07-15/pagecontent.xsd">
<Metadata>
<Creator>regJS2PAGE.py</Creator>
<Created>2021-02-16T11:08:09.194070</Created>
<LastChange>2021-02-16T11:08:09.194070</LastChange>
</Metadata>
<Page imageFilename="tmp/berg_ostasien01_1864_0110.png" imageWidth="1600" imageHeight="2344">
<TextRegion id="block_0" custom="structure {type:body;}">
<Coords points="344,250 344,293 345,298 345,340 345,345 345,386 345,391 345,433 345,437 345,474 343,483 343,520 345,528 345,569 344,576 344,620 345,619 345,662 346,672 346,710 345,719 345,759 346,765 346,794 346,812 465,812 465,850 465,858 346,858 346,898 348,906 348,944 347,954 347,988 346,1003 346,1042 347,1050 347,1086 346,1097 346,1137 346,1143 346,1183 347,1189 347,1228 346,1237 346,1277 347,1285 347,1326 347,1333 347,1373 348,1380 348,1418 347,1426 347,1457 347,1471 347,1510 348,1518 348,1557 348,1565 348,1604 350,1611 350,1653 350,1658 350,1698 351,1704 351,1738 351,1750 351,1784 1505,1784 1505,1750 1504,1738 1504,1704 1503,1698 1503,1658 1502,1653 1502,1611 1501,1604 1501,1565 1501,1557 1501,1518 1502,1510 1502,1471 1503,1457 1503,1426 1503,1418 1503,1380 1502,1373 1502,1333 1501,1326 1501,1285 1501,1277 1501,1237 1501,1228 1501,1189 1500,1183 1500,1143 1501,1137 1501,1097 1500,1086 1500,1050 1501,1042 1501,1003 1499,988 1499,954 1499,944 1499,906 1500,898 1500,858 1498,850 1498,812 586,812 586,794 586,765 1499,765 1499,759 1499,719 1499,710 1499,672 1499,662 1499,619 1497,620 1497,576 1496,569 1496,528 1498,520 1498,483 1496,474 1496,437 1496,433 1496,391 1497,386 1497,345 1496,340 1496,298 1496,293 1496,250 344,250"/>
<TextLine id="line_0">
<Coords points="344,250 516,250 529,252 567,252 580,252 679,252 694,253 811,253 824,263 858,263 872,254 984,254 992,256 1038,256 1064,255 1381,255 1395,257 1496,257 1496,284 1395,284 1381,293 1064,293 1038,292 992,292 984,282 872,282 858,280 824,280 811,281 694,281 679,280 580,280 567,279 529,279 516,279 344,279 344,250"/>
<Baseline points="344,279 516,279 529,279 567,279 580,280 679,280 694,281 811,281 824,280 858,280 872,282 984,282 992,292 1038,292 1064,293 1381,293 1395,284 1496,284"/>
<TextEquiv><Unicode>Erlaubniss im Lande Handel zu treiben . Unglücklicherweise wurde</Unicode></TextEquiv>
</TextLine>

<TextLine id="line_1">
<Coords points="345,298 422,298 447,298 475,298 500,299 669,299 692,300 782,300 806,309 896,309 915,300 1065,300 1092,302 1226,302 1251,301 1344,301 1368,302 1422,302 1441,303 1496,303 1496,331 1441,331 1422,330 1368,330 1344,329 1251,329 1226,340 1092,340 1065,337 915,337 896,326 806,326 782,327 692,327 669,327 500,327 475,325 447,325 422,325 345,325 345,298"/>
<Baseline points="345,325 422,325 447,325 475,325 500,327 669,327 692,327 782,327 806,326 896,326 915,337 1065,337 1092,340 1226,340 1251,329 1344,329 1368,330 1422,330 1441,331 1496,331"/>
<TextEquiv><Unicode>noch in demselben Jahre neuer Argwohn geweckt durch das Er-</Unicode></TextEquiv>
</TextLine>

<TextLine id="line_2">
<Coords points="345,345 483,345 515,347 593,347 626,345 804,345 832,345 1069,345 1103,349 1231,349 1260,348 1497,348 1497,386 1260,386 1231,376 1103,376 1069,383 832,383 804,382 626,382 593,374 515,374 483,373 345,373 345,345"/>
<Baseline points="345,373 483,373 515,374 593,374 626,382 804,382 832,383 1069,383 1103,376 1231,376 1260,386 1497,386"/>
<TextEquiv><Unicode>scheinen eines spanischen Kriegsschiffes, welches Vermessungen</Unicode></TextEquiv>
</TextLine>

<TextLine id="line_3">
<Coords points="345,401 381,401 402,392 453,392 467,392 664,392 676,391 772,391 791,392 942,392 974,393 1028,393 1041,394 1205,394 1219,398 1325,398 1338,404 1370,404 1384,395 1496,395 1496,423 1384,423 1370,422 1338,422 1325,433 1219,433 1205,424 1041,424 1028,420 974,420 942,419 791,419 772,418 676,418 664,429 467,429 453,420 402,420 381,419 345,419 345,401"/>
<Baseline points="345,419 381,419 402,420 453,420 467,429 664,429 676,418 772,418 791,419 942,419 974,420 1028,420 1041,424 1205,424 1219,433 1325,433 1338,422 1370,422 1384,423 1496,423"/>
<TextEquiv><Unicode>an der japanischen Küste vornahm. Die Holländer mögen es damals</Unicode></TextEquiv>
</TextLine>

<TextLine id="line_4">
<Coords points="345,448 381,448 394,439 674,439 686,437 766,437 778,437 938,437 957,439 1040,439 1058,441 1156,441 1168,443 1267,443 1283,442 1393,442 1413,452 1496,452 1496,469 1413,469 1393,473 1283,473 1267,470 1168,470 1156,469 1058,469 1040,466 957,466 938,466 778,466 766,464 686,464 674,474 394,474 381,465 345,465 345,448"/>
<Baseline points="345,465 381,465 394,474 674,474 686,464 766,464 778,466 938,466 957,466 1040,466 1058,469 1156,469 1168,470 1267,470 1283,473 1393,473 1413,469 1496,469"/>
<TextEquiv><Unicode>an Verdächtigungen ihrer Erbfeinde nicht haben fehlen lassen, wozu</Unicode></TextEquiv>
</TextLine>

<TextLine id="line_5">
<Coords points="343,485 432,485 444,485 518,485 531,483 587,483 600,483 858,483 871,485 979,485 998,485 1075,485 1089,487 1130,487 1144,488 1261,488 1274,488 1322,488 1335,488 1498,488 1498,515 1335,515 1322,515 1274,515 1261,515 1144,515 1130,513 1089,513 1075,512 998,512 979,520 871,520 858,520 600,520 587,510 531,510 518,511 444,511 432,512 343,512 343,485"/>
<Baseline points="343,512 432,512 444,511 518,511 531,510 587,510 600,520 858,520 871,520 979,520 998,512 1075,512 1089,513 1130,513 1144,515 1261,515 1274,515 1322,515 1335,515 1498,515"/>
<TextEquiv><Unicode>ihnen Jene alle Veranlassungen gaben; denn sie stellten die Holländer</Unicode></TextEquiv>
</TextLine>

<TextLine id="line_6">
<Coords points="345,531 388,531 409,528 646,528 659,528 862,528 881,530 960,530 979,530 1093,530 1112,533 1173,533 1193,535 1235,535 1250,534 1414,534 1436,534 1496,534 1496,568 1436,568 1414,563 1250,563 1235,562 1193,562 1173,561 1112,561 1093,569 979,569 960,557 881,557 862,557 659,557 646,557 409,557 388,558 345,558 345,531"/>
<Baseline points="345,558 388,558 409,557 646,557 659,557 862,557 881,557 960,557 979,569 1093,569 1112,561 1173,561 1193,562 1235,562 1250,563 1414,563 1436,568 1496,568"/>
<TextEquiv><Unicode>als aufrührerische Unterthanen ihres Königs und als Seeräuber dar,</Unicode></TextEquiv>
</TextLine>

<TextLine id="line_7">
<Coords points="344,577 406,577 424,577 532,577 550,576 617,576 630,576 726,576 744,577 925,577 943,587 991,587 1010,577 1073,577 1086,579 1279,579 1292,593 1327,593 1340,581 1497,581 1497,610 1340,610 1327,610 1292,610 1279,620 1086,620 1073,605 1010,605 991,604 943,604 925,604 744,604 726,604 630,604 617,603 550,603 532,604 424,604 406,605 344,605 344,577"/>
<Baseline points="344,605 406,605 424,604 532,604 550,603 617,603 630,604 726,604 744,604 925,604 943,604 991,604 1010,605 1073,605 1086,620 1279,620 1292,610 1327,610 1340,610 1497,610"/>
<TextEquiv><Unicode>und liessen kein Mittel unversucht um ihre Ausweisung zu bewirken.</Unicode></TextEquiv>
</TextLine>

<TextLine id="line_8">
<Coords points="345,625 416,625 439,624 518,624 541,624 628,624 653,624 798,624 829,624 898,624 923,624 969,624 994,619 1270,619 1286,629 1499,629 1499,658 1286,658 1270,662 994,662 969,652 923,652 898,652 829,652 798,656 653,656 628,652 541,652 518,652 439,652 416,653 345,653 345,625"/>
<Baseline points="345,653 416,653 439,652 518,652 541,652 628,652 653,656 798,656 829,652 898,652 923,652 969,652 994,662 1270,662 1286,658 1499,658"/>
<TextEquiv><Unicode>Man kann kaum zweifeln, dass die protestantischen Niederländer</Unicode></TextEquiv>
</TextLine>

<TextLine id="line_9">
<Coords points="346,672 422,672 442,672 488,672 507,672 693,672 711,672 1008,672 1033,673 1076,673 1095,674 1256,674 1274,677 1322,677 1341,678 1395,678 1414,678 1499,678 1499,705 1414,705 1395,706 1341,706 1322,705 1274,705 1256,703 1095,703 1076,701 1033,701 1008,710 711,710 693,700 507,700 488,700 442,700 422,700 346,700 346,672"/>
<Baseline points="346,700 422,700 442,700 488,700 507,700 693,700 711,710 1008,710 1033,701 1076,701 1095,703 1256,703 1274,705 1322,705 1341,706 1395,706 1414,705 1499,705"/>
<TextEquiv><Unicode>auch die katholische Missionsthätigkeit als unheilvoll für das Land</Unicode></TextEquiv>
</TextLine>

<TextLine id="line_10">
<Coords points="345,719 406,719 425,720 488,720 509,719 647,719 665,719 872,719 890,719 1126,719 1146,721 1199,721 1220,722 1267,722 1285,724 1314,724 1334,725 1387,725 1404,725 1499,725 1499,753 1404,753 1387,753 1334,753 1314,751 1285,751 1267,759 1220,759 1199,749 1146,749 1126,757 890,757 872,746 665,746 647,747 509,747 488,747 425,747 406,747 345,747 345,719"/>
<Baseline points="345,747 406,747 425,747 488,747 509,747 647,747 665,746 872,746 890,757 1126,757 1146,749 1199,749 1220,759 1267,759 1285,751 1314,751 1334,753 1387,753 1404,753 1499,753"/>
<TextEquiv><Unicode>und eine Invasion vorbereitend verdächtigten; das lag in der Natur</Unicode></TextEquiv>
</TextLine>

<TextLine id="line_11">
<Coords points="346,766 399,766 417,765 586,765 586,794 417,794 399,794 346,794 346,766"/>
<Baseline points="346,794 399,794 417,794 586,794"/>
<TextEquiv><Unicode>der Umstände.</Unicode></TextEquiv>
</TextLine>

<TextLine id="line_12">
<Coords points="465,812 520,812 538,812 740,812 764,822 858,822 884,813 930,813 951,813 1088,813 1106,814 1228,814 1247,825 1307,825 1325,818 1498,818 1498,849 1325,849 1307,842 1247,842 1228,841 1106,841 1088,841 951,841 930,840 884,840 858,850 764,850 740,849 538,849 520,839 465,839 465,812"/>
<Baseline points="465,839 520,839 538,849 740,849 764,850 858,850 884,840 930,840 951,841 1088,841 1106,841 1228,841 1247,842 1307,842 1325,849 1498,849"/>
<TextEquiv><Unicode>Die Maassregeln gegen die Christen wurden nun verschärft,</Unicode></TextEquiv>
</TextLine>

<TextLine id="line_13">
<Coords points="346,859 393,859 416,858 613,858 643,858 690,858 719,859 782,859 804,859 902,859 931,860 1037,860 1061,860 1157,860 1186,861 1303,861 1330,863 1382,863 1410,874 1500,874 1500,891 1410,891 1382,889 1330,889 1303,898 1186,898 1157,892 1061,892 1037,897 931,897 902,887 804,887 782,886 719,886 690,886 643,886 613,896 416,896 393,886 346,886 346,859"/>
<Baseline points="346,886 393,886 416,896 613,896 643,886 690,886 719,886 782,886 804,887 902,887 931,897 1037,897 1061,892 1157,892 1186,898 1303,898 1330,889 1382,889 1410,891 1500,891"/>
<TextEquiv><Unicode>die Verfolgung, die eine Weile geruht hatte, begann mit neuer</Unicode></TextEquiv>
</TextLine>

<TextLine id="line_14">
<Coords points="348,906 521,906 549,906 663,906 681,907 789,907 811,908 972,908 1001,907 1139,907 1168,908 1263,908 1290,909 1499,909 1499,939 1290,939 1263,935 1168,935 1139,935 1001,935 972,936 811,936 789,935 681,935 663,934 549,934 521,944 348,944 348,906"/>
<Baseline points="348,944 521,944 549,934 663,934 681,935 789,935 811,936 972,936 1001,935 1139,935 1168,935 1263,935 1290,939 1499,939"/>
<TextEquiv><Unicode>Heftigkeit; Jyeyas selbst verbannte vierzehn seiner vornehmsten</Unicode></TextEquiv>
</TextLine>

<TextLine id="line_15">
<Coords points="347,954 562,954 586,955 699,955 725,955 781,955 802,955 936,955 960,956 1042,956 1061,956 1257,956 1275,956 1404,956 1443,958 1499,958 1499,986 1443,986 1404,985 1275,985 1257,984 1061,984 1042,984 960,984 936,984 802,984 781,984 725,984 699,984 586,984 562,988 347,988 347,954"/>
<Baseline points="347,988 562,988 586,984 699,984 725,984 781,984 802,984 936,984 960,984 1042,984 1061,984 1257,984 1275,985 1404,985 1443,986 1499,986"/>
<TextEquiv><Unicode>Hofbeamten, welche den Glauben nicht abschwören wollten. Be-</Unicode></TextEquiv>
</TextLine>

<TextLine id="line_16">
<Coords points="346,1004 493,1004 511,1003 638,1003 663,1007 776,1007 801,1004 872,1004 896,1004 1028,1004 1052,1004 1106,1004 1126,1004 1273,1004 1293,1004 1345,1004 1365,1004 1501,1004 1501,1033 1365,1033 1345,1032 1293,1032 1273,1042 1126,1042 1106,1032 1052,1032 1028,1032 896,1032 872,1032 801,1032 776,1041 663,1041 638,1031 511,1031 493,1031 346,1031 346,1004"/>
<Baseline points="346,1031 493,1031 511,1031 638,1031 663,1041 776,1041 801,1032 872,1032 896,1032 1028,1032 1052,1032 1106,1032 1126,1042 1273,1042 1293,1032 1345,1032 1365,1033 1501,1033"/>
<TextEquiv><Unicode>sonderen Anstoss erregte bald nachher das Betragen der Christen</Unicode></TextEquiv>
</TextLine>

<TextLine id="line_17">
<Coords points="347,1060 405,1060 428,1051 546,1051 575,1050 688,1050 714,1051 797,1051 821,1051 1015,1051 1036,1052 1236,1052 1265,1052 1318,1052 1342,1053 1418,1053 1444,1053 1500,1053 1500,1081 1444,1081 1418,1080 1342,1080 1318,1080 1265,1080 1236,1085 1036,1085 1015,1080 821,1080 797,1079 714,1079 688,1078 575,1078 546,1086 428,1086 405,1079 347,1079 347,1060"/>
<Baseline points="347,1079 405,1079 428,1086 546,1086 575,1078 688,1078 714,1079 797,1079 821,1080 1015,1080 1036,1085 1236,1085 1265,1080 1318,1080 1342,1080 1418,1080 1444,1081 1500,1081"/>
<TextEquiv><Unicode>von Miako, welche einen überführten Verbrecher, der nach den</Unicode></TextEquiv>
</TextLine>

<TextLine id="line_18">
<Coords points="346,1097 600,1097 620,1097 676,1097 690,1097 757,1097 776,1098 909,1098 927,1099 1022,1099 1043,1100 1072,1100 1091,1099 1267,1099 1281,1100 1361,1100 1374,1100 1501,1100 1501,1137 1374,1137 1361,1137 1281,1137 1267,1127 1091,1127 1072,1126 1043,1126 1022,1131 927,1131 909,1126 776,1126 757,1125 690,1125 676,1124 620,1124 600,1133 346,1133 346,1097"/>
<Baseline points="346,1133 600,1133 620,1124 676,1124 690,1125 757,1125 776,1126 909,1126 927,1131 1022,1131 1043,1126 1072,1126 1091,1127 1267,1127 1281,1137 1361,1137 1374,1137 1501,1137"/>
<TextEquiv><Unicode>Landesgesetzen den Tod verdient hatte, in feierlichem Zuge klagend</Unicode></TextEquiv>
</TextLine>

<TextLine id="line_19">
<Coords points="346,1143 408,1143 426,1143 560,1143 580,1153 630,1153 649,1144 828,1144 847,1145 1004,1145 1022,1145 1084,1145 1103,1155 1137,1155 1157,1146 1315,1146 1339,1156 1402,1156 1422,1147 1500,1147 1500,1174 1422,1174 1402,1173 1339,1173 1315,1183 1157,1183 1137,1172 1103,1172 1084,1172 1022,1172 1004,1180 847,1180 828,1172 649,1172 630,1170 580,1170 560,1170 426,1170 408,1170 346,1170 346,1143"/>
<Baseline points="346,1170 408,1170 426,1170 560,1170 580,1170 630,1170 649,1172 828,1172 847,1180 1004,1180 1022,1172 1084,1172 1103,1172 1137,1172 1157,1183 1315,1183 1339,1173 1402,1173 1422,1174 1500,1174"/>
<TextEquiv><Unicode>und tröstend zur Richtstätte geleiteten und so gleichsam zum Mär-</Unicode></TextEquiv>
</TextLine>

<TextLine id="line_20">
<Coords points="347,1194 428,1194 452,1189 639,1189 665,1191 774,1191 800,1191 847,1191 867,1191 1157,1191 1182,1192 1235,1192 1254,1193 1420,1193 1442,1202 1501,1202 1501,1220 1442,1220 1420,1220 1254,1220 1235,1220 1182,1220 1157,1219 867,1219 847,1218 800,1218 774,1219 665,1219 639,1227 452,1227 428,1228 347,1228 347,1194"/>
<Baseline points="347,1228 428,1228 452,1227 639,1227 665,1219 774,1219 800,1218 847,1218 867,1219 1157,1219 1182,1220 1235,1220 1254,1220 1420,1220 1442,1220 1501,1220"/>
<TextEquiv><Unicode>tyrer stempelten; ebenso die Widersetzlichkeit der Bewohner von</Unicode></TextEquiv>
</TextLine>

<TextLine id="line_21">
<Coords points="346,1237 537,1237 563,1237 610,1237 629,1238 658,1238 678,1238 862,1238 880,1238 1105,1238 1124,1239 1182,1239 1200,1240 1360,1240 1380,1240 1501,1240 1501,1272 1380,1272 1360,1269 1200,1269 1182,1267 1124,1267 1105,1277 880,1277 862,1266 678,1266 658,1266 629,1266 610,1265 563,1265 537,1270 346,1270 346,1237"/>
<Baseline points="346,1270 537,1270 563,1265 610,1265 629,1266 658,1266 678,1266 862,1266 880,1277 1105,1277 1124,1267 1182,1267 1200,1269 1360,1269 1380,1272 1501,1272"/>
<TextEquiv><Unicode>Naṅgasaki, die in öffentlicher Versammlung den Beschluss fassten,</Unicode></TextEquiv>
</TextLine>

<TextLine id="line_22">
<Coords points="347,1285 411,1285 436,1285 501,1285 527,1285 649,1285 674,1296 724,1296 748,1286 975,1286 1000,1286 1053,1286 1074,1287 1224,1287 1247,1288 1330,1288 1353,1298 1389,1298 1413,1288 1501,1288 1501,1326 1413,1326 1389,1315 1353,1315 1330,1315 1247,1315 1224,1315 1074,1315 1053,1313 1000,1313 975,1323 748,1323 724,1314 674,1314 649,1314 527,1314 501,1313 436,1313 411,1313 347,1313 347,1285"/>
<Baseline points="347,1313 411,1313 436,1313 501,1313 527,1314 649,1314 674,1314 724,1314 748,1323 975,1323 1000,1313 1053,1313 1074,1315 1224,1315 1247,1315 1330,1315 1353,1315 1389,1315 1413,1326 1501,1326"/>
<TextEquiv><Unicode>sich dem Befehle zur Abschwörung des Glaubens nicht zu fügen</Unicode></TextEquiv>
</TextLine>

<TextLine id="line_23">
<Coords points="347,1333 408,1333 419,1333 465,1333 475,1333 670,1333 681,1334 734,1334 744,1333 957,1333 969,1333 1148,1333 1162,1335 1282,1335 1293,1346 1327,1346 1339,1335 1448,1335 1456,1336 1502,1336 1502,1373 1456,1373 1448,1363 1339,1363 1327,1363 1293,1363 1282,1363 1162,1363 1148,1361 969,1361 957,1371 744,1371 734,1362 681,1362 670,1372 475,1372 465,1361 419,1361 408,1360 347,1360 347,1333"/>
<Baseline points="347,1360 408,1360 419,1361 465,1361 475,1372 670,1372 681,1362 734,1362 744,1371 957,1371 969,1361 1148,1361 1162,1363 1282,1363 1293,1363 1327,1363 1339,1363 1448,1363 1456,1373 1502,1373"/>
<TextEquiv><Unicode>und die Vertreibung der europäischen Geistlichen niemals zu dulden .</Unicode></TextEquiv>
</TextLine>

<TextLine id="line_24">
<Coords points="348,1380 404,1380 423,1380 541,1380 561,1380 715,1380 740,1391 835,1391 860,1381 907,1381 928,1380 1082,1380 1106,1390 1168,1390 1192,1382 1221,1382 1239,1382 1334,1382 1353,1383 1503,1383 1503,1409 1353,1409 1334,1418 1239,1418 1221,1408 1192,1408 1168,1407 1106,1407 1082,1417 928,1417 907,1408 860,1408 835,1418 740,1418 715,1408 561,1408 541,1407 423,1407 404,1407 348,1407 348,1380"/>
<Baseline points="348,1407 404,1407 423,1407 541,1407 561,1408 715,1408 740,1418 835,1418 860,1408 907,1408 928,1417 1082,1417 1106,1407 1168,1407 1192,1408 1221,1408 1239,1418 1334,1418 1353,1409 1503,1409"/>
<TextEquiv><Unicode>Ein solches Auftreten gegen die Obrigkeit war in Japan unerhört.</Unicode></TextEquiv>
</TextLine>

<TextLine id="line_25">
<Coords points="347,1427 461,1427 482,1426 583,1426 602,1427 640,1427 653,1427 743,1427 759,1428 829,1428 850,1428 895,1428 914,1436 1005,1436 1018,1426 1119,1426 1139,1427 1168,1427 1183,1428 1324,1428 1338,1429 1385,1429 1399,1429 1503,1429 1503,1456 1399,1456 1385,1456 1338,1456 1324,1455 1183,1455 1168,1453 1139,1453 1119,1457 1018,1457 1005,1454 914,1454 895,1454 850,1454 829,1455 759,1455 743,1455 653,1455 640,1453 602,1453 583,1453 482,1453 461,1454 347,1454 347,1427"/>
<Baseline points="347,1454 461,1454 482,1453 583,1453 602,1453 640,1453 653,1455 743,1455 759,1455 829,1455 850,1454 895,1454 914,1454 1005,1454 1018,1457 1119,1457 1139,1453 1168,1453 1183,1455 1324,1455 1338,1456 1385,1456 1399,1456 1503,1456"/>
<TextEquiv><Unicode>Jyeyas erliess im Jahre 1613 ein neues Edict, in welchem die christ-</Unicode></TextEquiv>
</TextLine>

<TextLine id="line_26">
<Coords points="347,1472 424,1472 438,1472 572,1472 586,1472 633,1472 645,1473 832,1473 852,1473 961,1473 979,1471 1040,1471 1059,1471 1112,1471 1123,1471 1177,1471 1192,1472 1345,1472 1359,1475 1502,1475 1502,1501 1359,1501 1345,1510 1192,1510 1177,1498 1123,1498 1112,1498 1059,1498 1040,1499 979,1499 961,1500 852,1500 832,1501 645,1501 633,1500 586,1500 572,1510 438,1510 424,1499 347,1499 347,1472"/>
<Baseline points="347,1499 424,1499 438,1510 572,1510 586,1500 633,1500 645,1501 832,1501 852,1500 961,1500 979,1499 1040,1499 1059,1498 1112,1498 1123,1498 1177,1498 1192,1510 1345,1510 1359,1501 1502,1501"/>
<TextEquiv><Unicode>liche Religion für verderblich erklärt und auf das Strengste verboten</Unicode></TextEquiv>
</TextLine>

<TextLine id="line_27">
<Coords points="348,1518 462,1518 485,1519 531,1519 552,1519 681,1519 700,1520 807,1520 827,1519 1060,1519 1079,1518 1141,1518 1160,1518 1216,1518 1236,1518 1417,1518 1436,1530 1501,1530 1501,1548 1436,1548 1417,1547 1236,1547 1216,1546 1160,1546 1141,1545 1079,1545 1060,1557 827,1557 807,1548 700,1548 681,1548 552,1548 531,1547 485,1547 462,1551 348,1551 348,1518"/>
<Baseline points="348,1551 462,1551 485,1547 531,1547 552,1548 681,1548 700,1548 807,1548 827,1557 1060,1557 1079,1545 1141,1545 1160,1546 1216,1546 1236,1547 1417,1547 1436,1548 1501,1548"/>
<TextEquiv><Unicode>wurde; die Kirchen sollten niedergerissen und alle Geistlichen ver-</Unicode></TextEquiv>
</TextLine>

<TextLine id="line_28">
<Coords points="348,1565 461,1565 480,1566 606,1566 629,1584 659,1584 681,1568 786,1568 798,1567 904,1567 918,1566 1002,1566 1020,1576 1080,1576 1094,1565 1170,1565 1183,1565 1307,1565 1321,1567 1501,1567 1501,1604 1321,1604 1307,1593 1183,1593 1170,1593 1094,1593 1080,1593 1020,1593 1002,1594 918,1594 904,1596 798,1596 786,1596 681,1596 659,1588 629,1588 606,1595 480,1595 461,1593 348,1593 348,1565"/>
<Baseline points="348,1593 461,1593 480,1595 606,1595 629,1588 659,1588 681,1596 786,1596 798,1596 904,1596 918,1594 1002,1594 1020,1593 1080,1593 1094,1593 1170,1593 1183,1593 1307,1593 1321,1604 1501,1604"/>
<TextEquiv><Unicode>trieben werden. — Dieser Befehl ward nun allen Ernstes ausgeführt.</Unicode></TextEquiv>
</TextLine>

<TextLine id="line_29">
<Coords points="350,1611 403,1611 431,1612 598,1612 626,1615 750,1615 782,1617 845,1617 874,1614 1101,1614 1124,1613 1309,1613 1341,1614 1412,1614 1444,1617 1502,1617 1502,1644 1444,1644 1412,1642 1341,1642 1309,1651 1124,1651 1101,1653 874,1653 845,1644 782,1644 750,1643 626,1643 598,1652 431,1652 403,1639 350,1639 350,1611"/>
<Baseline points="350,1639 403,1639 431,1652 598,1652 626,1643 750,1643 782,1644 845,1644 874,1653 1101,1653 1124,1651 1309,1651 1341,1642 1412,1642 1444,1644 1502,1644"/>
<TextEquiv><Unicode>Die Regierung richtete eine systematische Verfolgung aller ein-</Unicode></TextEquiv>
</TextLine>

<TextLine id="line_30">
<Coords points="350,1658 517,1658 536,1660 670,1660 690,1663 748,1663 768,1662 949,1662 969,1660 1162,1660 1180,1660 1355,1660 1372,1667 1503,1667 1503,1691 1372,1691 1355,1689 1180,1689 1162,1698 969,1698 949,1691 768,1691 748,1695 690,1695 670,1689 536,1689 517,1695 350,1695 350,1658"/>
<Baseline points="350,1695 517,1695 536,1689 670,1689 690,1695 748,1695 768,1691 949,1691 969,1698 1162,1698 1180,1689 1355,1689 1372,1691 1503,1691"/>
<TextEquiv><Unicode>geborenen Christen ein; sämmtliche europäische Missionare mussten</Unicode></TextEquiv>
</TextLine>

<TextLine id="line_31">
<Coords points="351,1704 415,1704 438,1705 468,1705 486,1705 661,1705 687,1711 877,1711 902,1710 964,1710 990,1719 1035,1719 1055,1709 1098,1709 1121,1708 1251,1708 1272,1708 1341,1708 1369,1711 1421,1711 1442,1711 1504,1711 1504,1738 1442,1738 1421,1738 1369,1738 1341,1736 1272,1736 1251,1735 1121,1735 1098,1736 1055,1736 1035,1736 990,1736 964,1737 902,1737 877,1738 687,1738 661,1736 486,1736 468,1732 438,1732 415,1732 351,1732 351,1704"/>
<Baseline points="351,1732 415,1732 438,1732 468,1732 486,1736 661,1736 687,1738 877,1738 902,1737 964,1737 990,1736 1035,1736 1055,1736 1098,1736 1121,1735 1251,1735 1272,1736 1341,1736 1369,1738 1421,1738 1442,1738 1504,1738"/>
<TextEquiv><Unicode>sich in Naṅgasaki versammeln und am 25. October 1614 auf drei</Unicode></TextEquiv>
</TextLine>

<TextLine id="line_32">
<Coords points="351,1750 531,1750 552,1753 727,1753 766,1756 808,1756 827,1766 927,1766 946,1756 982,1756 1002,1754 1162,1754 1182,1762 1235,1762 1255,1754 1312,1754 1332,1756 1432,1756 1452,1757 1505,1757 1505,1784 1452,1784 1432,1784 1332,1784 1312,1782 1255,1782 1235,1781 1182,1781 1162,1782 1002,1782 982,1784 946,1784 927,1784 827,1784 808,1783 766,1783 727,1783 552,1783 531,1779 351,1779 351,1750"/>
<Baseline points="351,1779 531,1779 552,1783 727,1783 766,1783 808,1783 827,1784 927,1784 946,1784 982,1784 1002,1782 1162,1782 1182,1781 1235,1781 1255,1782 1312,1782 1332,1784 1432,1784 1452,1784 1505,1784"/>
<TextEquiv><Unicode>Dschunken einschiffen. Es waren 22 Geistliche aus den Orden der</Unicode></TextEquiv>
</TextLine>

</TextRegion>
<TextRegion id="block_1" custom="structure {type:header;}">
<Coords points="518,179 518,213 1323,213 1323,179 518,179"/>
<TextLine id="line_33">
<Coords points="518,179 584,179 601,188 646,188 664,181 727,181 761,182 916,182 932,182 973,182 989,183 1157,183 1174,183 1323,183 1323,207 1174,207 1157,213 989,213 973,205 932,205 916,212 761,212 727,204 664,204 646,203 601,203 584,202 518,202 518,179"/>
<Baseline points="518,202 584,202 601,203 646,203 664,204 727,204 761,212 916,212 932,205 973,205 989,213 1157,213 1174,207 1323,207"/>
<TextEquiv><Unicode>Edict von 1613. Ausweisung der europäischen Geistlichen.</Unicode></TextEquiv>
</TextLine>

</TextRegion>
<TextRegion id="block_2" custom="structure {type:pageNum;}">
<Coords points="344,167 344,197 385,197 385,167 344,167"/>
<TextLine id="line_34">
<Coords points="344,167 385,167 385,197 344,197 344,167"/>
<Baseline points="344,197 385,197"/>
<TextEquiv><Unicode>80</Unicode></TextEquiv>
</TextLine>

</TextRegion>
<TextRegion id="block_3" custom="structure {type:note;}">
<Coords points="286,1431 286,1448 332,1448 332,1431 286,1431"/>
<TextLine id="line_35">
<Coords points="286,1431 332,1431 332,1448 286,1448 286,1431"/>
<Baseline points="286,1448 332,1448"/>
<TextEquiv><Unicode>1613.</Unicode></TextEquiv>
</TextLine>

</TextRegion>
<TextRegion id="block_4" custom="structure {type:note;}">
<Coords points="455,1839 455,1877 455,1881 349,1881 349,1913 350,1923 350,1959 350,1963 350,2000 349,2002 349,2041 349,2045 456,2045 456,2074 1267,2074 1267,2045 1432,2045 1432,2041 1432,2002 1505,2002 1505,2000 1505,1963 1505,1959 1505,1923 1504,1913 1504,1881 1504,1877 1504,1839 455,1839"/>
<TextLine id="line_36">
<Coords points="455,1839 522,1839 540,1840 648,1840 669,1843 710,1843 729,1844 835,1844 856,1846 911,1846 930,1845 1025,1845 1046,1843 1118,1843 1137,1842 1186,1842 1201,1843 1372,1843 1390,1846 1427,1846 1444,1845 1504,1845 1504,1869 1444,1869 1427,1869 1390,1869 1372,1877 1201,1877 1186,1866 1137,1866 1118,1867 1046,1867 1025,1869 930,1869 911,1869 856,1869 835,1869 729,1869 710,1866 669,1866 648,1873 540,1873 522,1863 455,1863 455,1839"/>
<Baseline points="455,1863 522,1863 540,1873 648,1873 669,1866 710,1866 729,1869 835,1869 856,1869 911,1869 930,1869 1025,1869 1046,1867 1118,1867 1137,1866 1186,1866 1201,1877 1372,1877 1390,1869 1427,1869 1444,1869 1504,1869"/>
<TextEquiv><Unicode>Nach Aussage der Jesuiten liess Jyeyas durch ihre Vermittelung die Por-</Unicode></TextEquiv>
</TextLine>

<TextLine id="line_37">
<Coords points="349,1881 455,1881 478,1881 499,1881 522,1881 605,1881 626,1884 785,1884 807,1896 847,1896 862,1887 987,1887 1008,1884 1147,1884 1179,1885 1219,1885 1239,1886 1347,1886 1364,1887 1401,1887 1417,1887 1504,1887 1504,1911 1417,1911 1401,1911 1364,1911 1347,1911 1239,1911 1219,1908 1179,1908 1147,1909 1008,1909 987,1911 862,1911 847,1911 807,1911 785,1909 626,1909 605,1905 522,1905 499,1904 478,1904 455,1913 349,1913 349,1881"/>
<Baseline points="349,1913 455,1913 478,1904 499,1904 522,1905 605,1905 626,1909 785,1909 807,1911 847,1911 862,1911 987,1911 1008,1909 1147,1909 1179,1908 1219,1908 1239,1911 1347,1911 1364,1911 1401,1911 1417,1911 1504,1911"/>
<TextEquiv><Unicode>tugiesen in Macao ausdrücklich zur Rückkehr auffordern. Sie schieben die Schuld</Unicode></TextEquiv>
</TextLine>

<TextLine id="line_38">
<Coords points="350,1923 391,1923 410,1931 485,1931 506,1923 540,1923 560,1924 698,1924 715,1926 876,1926 898,1928 940,1928 957,1928 993,1928 1010,1926 1215,1926 1237,1928 1279,1928 1295,1928 1436,1928 1457,1928 1505,1928 1505,1951 1457,1951 1436,1956 1295,1956 1279,1951 1237,1951 1215,1957 1010,1957 993,1950 957,1950 940,1951 898,1951 876,1959 715,1959 698,1954 560,1954 540,1946 506,1946 485,1954 410,1954 391,1946 350,1946 350,1923"/>
<Baseline points="350,1946 391,1946 410,1954 485,1954 506,1946 540,1946 560,1954 698,1954 715,1959 876,1959 898,1951 940,1951 957,1950 993,1950 1010,1957 1215,1957 1237,1951 1279,1951 1295,1956 1436,1956 1457,1951 1505,1951"/>
<TextEquiv><Unicode>der gegen sie ergriffenen Maassregeln auf die Verleumdungen der Holländer, und</Unicode></TextEquiv>
</TextLine>

<TextLine id="line_39">
<Coords points="350,1963 455,1963 478,1964 515,1964 542,1964 644,1964 665,1965 912,1965 938,1969 980,1969 1001,1967 1120,1967 1146,1975 1187,1975 1212,1969 1265,1969 1286,1969 1427,1969 1451,1969 1505,1969 1505,1992 1451,1992 1427,1997 1286,1997 1265,1993 1212,1993 1187,1991 1146,1991 1120,1990 1001,1990 980,1992 938,1992 912,2000 665,2000 644,1988 542,1988 515,1988 478,1988 455,1987 350,1987 350,1963"/>
<Baseline points="350,1987 455,1987 478,1988 515,1988 542,1988 644,1988 665,2000 912,2000 938,1992 980,1992 1001,1990 1120,1990 1146,1991 1187,1991 1212,1993 1265,1993 1286,1997 1427,1997 1451,1992 1505,1992"/>
<TextEquiv><Unicode>erklären die schnelle Wiederanknüpfung des Verkehrs aus dem Umstande, dass</Unicode></TextEquiv>
</TextLine>

<TextLine id="line_40">
<Coords points="349,2002 443,2002 460,2006 500,2006 516,2006 561,2006 577,2014 622,2014 638,2006 712,2006 729,2008 889,2008 906,2010 1002,2010 1003,2008 1088,2008 1104,2009 1223,2009 1239,2017 1347,2017 1363,2011 1432,2011 1432,2031 1363,2031 1347,2041 1239,2041 1223,2033 1104,2033 1088,2031 1003,2031 1002,2033 906,2033 889,2038 729,2038 712,2029 638,2029 622,2028 577,2028 561,2029 516,2029 500,2028 460,2028 443,2027 349,2027 349,2002"/>
<Baseline points="349,2027 443,2027 460,2028 500,2028 516,2029 561,2029 577,2028 622,2028 638,2029 712,2029 729,2038 889,2038 906,2033 1002,2033 1003,2031 1088,2031 1104,2033 1223,2033 1239,2041 1347,2041 1363,2031 1432,2031"/>
<TextEquiv><Unicode>Jyeyas mit den von Jenen eingeführten Waaren nicht zufrieden gewesen wäre.</Unicode></TextEquiv>
</TextLine>

<TextLine id="line_41">
<Coords points="456,2045 512,2045 527,2046 580,2046 596,2046 756,2046 772,2049 860,2049 876,2050 913,2050 929,2049 1034,2049 1051,2049 1123,2049 1141,2050 1267,2050 1267,2073 1141,2073 1123,2072 1051,2072 1034,2072 929,2072 913,2073 876,2073 860,2072 772,2072 756,2074 596,2074 580,2068 527,2068 512,2068 456,2068 456,2045"/>
<Baseline points="456,2068 512,2068 527,2068 580,2068 596,2074 756,2074 772,2072 860,2072 876,2073 913,2073 929,2072 1034,2072 1051,2072 1123,2072 1141,2073 1267,2073"/>
<TextEquiv><Unicode>Dies sind Thatsachen, welche die Jesuiten selbst berichten.</Unicode></TextEquiv>
</TextLine>

</TextRegion>
</Page>
</PcGts>