1600 2344
583 163 946 188 Der Ueberfall Chwostow’s.
183 233 1344 274 die Behörden jede Bezahlung für die während des langen Aufent-
183 279 1343 321 haltes gelieferten Lebensbedürfnisse zurück, und versahen die Fre-
182 326 1343 368 gatte bei der Abfahrt noch reichlich mit allen Vorräthen, welche
182 376 704 405 ihr Land zu bieten vermochte.
303 419 1344 460 Der Aufenthalt der Nadejda in Japan hatte über sechs Monate
181 466 1343 508 gedauert, sie segelte zunächst nach Kamtschatka. Von da reiste Re-
183 513 1344 550 sanoff auf einem von dem Flottenlieutenant Chwostow befehligten
184 560 1345 600 Schiffe der russischen Pelzcompagnie nach Amerika und wieder
184 609 1345 644 zurück nach Ochotsk, dann nach dem Inneren von Sibirien, wo er
183 656 1345 687 auf der Heimreise starb. Chwostow aber überfiel mit zwei Schiffen
184 703 1345 743 der Pelzcompagnie die japanischen Dörfer auf den südlichen Kurilen,
184 750 1347 790 liess sie plündern und niederbrennen und schleppte einige Einwohner
184 797 1346 827 mit fort. Er hinterliess mehrere Schreiben in französischer und
183 844 1345 883 russischer Sprache, welche, in sehr hochfahrendem Ton ver-
183 890 1345 930 fasst, den japanischen Handel im Norden so lange zu stören drohten,
183 936 1346 979 bis die Regierung des Siogun sich zum Handelsverkehr mit Russ-
183 984 1346 1025 land bereit zeigen würde. Diese gelinde Maassregel solle ihnen
184 1031 1346 1074 zeigen, dass die nördlichen Theile des japanischen Reiches ganz
185 1079 1348 1117 der Willkühr ihres mächtigen Nachbarn Preis gegeben seien, und
185 1126 1346 1163 dass diese Länder ihnen leicht einmal verloren gehen könnten,
184 1172 1345 1211 wenn die Regierung auf ihrer eigensinnigen Weigerung beharre. —
195 1220 1346 1259 Es unterliegt selbst nach den russischen Berichten keinem Zweifel,
185 1267 1347 1306 dass dieser Raubzug von Resanoff veranlasst worden ist, die kaiserlich
184 1315 1346 1355 russische Regierung aber missbilligte das Verfahren Chwostow’s,
185 1363 1071 1400 welchen ein früher Tod der Verantwortung entzog.
305 1407 1348 1446 Der russische Ueberfall geschah 1807. Im Frühjahr 1808
186 1454 1349 1493 sandte die Regierung von Yeddo den Fürsten von Yetsisen mit
186 1500 1348 1540 etwa tausend Mann nach Cap Soga, der Nordspitze von Yeso, und
187 1549 1347 1588 liess den Befehl an die Küstenbehörden ergehen, alle russischen
188 1596 1349 1636 Schiffe feindselig zu behandeln. Als daher die von der Regierung
186 1644 1349 1682 des Czaren zur näheren Erforschung jener Meere abgeschickte
186 1692 1349 1724 Corvette Diana im Sommer 1811 bei den Kurilen erschien und, um
186 1738 1349 1777 Lebensmittel zu erlangen, in Verkehr mit den dortigen Japanern
187 1785 1350 1824 zu treten suchte, lockte der Commandant einer Festung auf Kunašir
187 1832 1351 1873 den Befehlshaber Capitän Golownin an das Land und nahm ihn nebst
1280 150 1341 182 159
186 1909 1349 1943 von Seiten des Siogun zu überreichen hatten. Die Zurückweisung dieser Geschenke
186 1948 1348 1985 durch die Russen hätte die japanischen Beamten nach Doeff’s Darstellung das Leben
186 1996 302 2025 gekostet.
304 2033 1166 2058 Man brachte sie den Holländern auf Desima zum Uebersetzen.
