1600 2344
609 166 1050 207 Anmerkungen zum ind. Archipel.
256 150 320 185 360
359 232 1003 272 Vergl. Georg v. Martens Italien Bd. II. S. 370.
359 272 1404 324 Vergl. einige Angaben darüber von mir in den Malakozoologischen Blättern
255 311 1406 363 Bd. XI. 1864, Literatur S. 7—11 und in v. d. Decken’s Reisen in Ostafrika, dritter
254 346 579 384 Band, 1869, S. 61—66.
362 395 1403 446 Rumph amboinsche rariteitkamer II. pag. 146 (deutsche Ausgabe S. 137,
255 433 1402 480 138). Auf dem Markte in Amboina fand ich wiederholt Psammotea violacea Lam.
252 473 401 504 feilgeboten.
354 515 1403 567 Rumph ebenda I. pag. 43; Kölliker anatomisch-systematische Beschreibung
250 553 688 585 der Alcyonarien I. S. 202—205.
310 594 1401 646 Ueber das Nesseln der Plumularien vergl. oben bei Singapore, Anmerkung 5,
250 633 1400 682 S. 242 und 243. Die von mir gesammelten Arten dieser Gattung sind beschrieben
249 673 1400 725 von Dr. Kirchenpauer in seiner Abhandlung über die Plumularidae, Abhandlungen
249 712 1042 754 des naturwissenschaftlichen Vereins in Hamburg III. 1872.
353 753 1400 796 Diese Foraminiferen haben sich zahlreich an den von mir an verschiedenen
248 789 1399 842 Orten des indischen Archipels gesammelten Sargassen beim Einlegen derselben ge-
249 827 1027 867 funden; man trifft sie aber auch ausgewaschen im Sande.
352 868 1399 918 Vergl. Rumph herbarium Amboinense — Bd. VI. — wo die auffälligeren Ko-
247 905 1398 954 rallenarten des indischen Archipels und verschiedene Schwämme desselben nach da-
246 945 891 985 maliger Weise beschrieben und abgebildet sind.
351 987 1399 1042 Pentacrinus Arndti S. Schultze im Bericht der Naturforscher-Versammlung
246 1026 1396 1079 zu Carlsruhe 1858. Meines Wissens ist nichts Näheres darüber bekannt geworden.
304 1067 1396 1118 Auch das Bruchstück eines Doldenpolypen, Crinillum Siedenburgi v. d. Hoeven,
244 1107 1397 1161 verwandt mit den grossen Umbellularien des Nordens, ist von Lieutenant Siedenburg
243 1145 1396 1198 in dem Bankasee aus einer Tiefe von 2700 Faden im Jahre 1858 aufgefischt worden.
244 1185 1395 1240 Siehe in den Verslagen en Mededelingen der königl. Akademie der Wetenschapen
245 1225 1128 1270 1861 S. 286, mit Abbildung, und Kölliker Alcyonarien I. S. 380.
301 1266 1395 1316 Ferner besitzt das Leidner Museum auch eigenthümliche Glasschwämme, welche
240 1305 1394 1354 bei Ceram aus grosser Tiefe heraufgebracht wurden: Hyalothauma Herklots und
243 1345 1395 1394 Marshall Archives néerlandaises des seiences exactes III. 1868, übereinstimmend mit
241 1384 1393 1436 der von Semper bei den Philippinen gefundenen Semperella Gray (Hyalonema Schultzei
242 1423 357 1454 Semper).
345 1464 1392 1514 Die Echinodermen des indischen Archipels habe in Troschel’s Archiv für
240 1502 1390 1555 Naturgeschichte Bd. XXXI. 1865 S. 345—360 ausführlicher behandelt. Bd. XXXII.
242 1542 1134 1588 1866 S. 57—88 und 133—189, Bd. XXXIII. 1867 S. 106—119.
341 1586 1390 1638 Vergl. den botanischen Theil dieses Werkes, Tange, S. 109, 110. Eine
236 1625 1390 1684 lebensvolle Schilderung der Korallenriffe und ihres Thierlebens hat Dr. Klunzinger
235 1666 1388 1722 in den Verhandlungen der kaiserl. königl. zoologisch-botanischen Gesellschaft 1870,
236 1705 1387 1756 S. 389—394, und in der Zeitschrift der Gesellschaft für Erdkunde in Berlin Bd. VII.
236 1745 1388 1800 1872, S. 20—56, gegeben. Sie betrifft allerdings zunächst das Rothe Meer, aber
234 1784 1386 1835 bei der grossen Uebereinstimmung der Thierwelt passt sie auch in den meisten Einzel-
234 1823 937 1874 heiten auf die Korallenriffe des indischen Archipels.
337 1867 1383 1923 Rumph amboinsche rariteitkamer. II. S. 59. (Deutsche Ausgabe S. 6.)
234 1902 360 1930 Taf. 17.
293 1945 1095 1991 Owen memoir on the pearly Nautilus. London 1832. 4to.
292 1984 1314 2034 Valenciennes nouvelles recherches sur le Nautile flambé. Paris 1839. 4to.
