1600 2344
208 245 1363 285 1683 mit 200 DchunkenDschunken und 10,000 Mann stark nach Naṅgasaki,
206 292 1363 335 ebenso in dem folgenden Jahre; 1685 aber beschränkte die japa-
205 339 1363 380 nische Regierung den Verkehr auf 70 Dschunken jährlich, wie es
205 385 1362 428 heisst wegen der christenfreundlichen Gesinnung des chinesischen
206 432 1362 471 Kaisers Kanghi. Wenige Jahre darauf schloss man die Chinesen,
206 478 1363 512 die bisher in voller Freiheit mit den Bewohnern von Naṅgasaki
205 526 1362 564 verkehrt hatten, in einen mit Palisaden und Bambuszäunen um-
205 573 1365 610 gebenen Raum ein und unterwarf sie ähnlichen, wenn auch nicht
206 620 1365 662 so scharfen Beschränkungen wie die Holländer auf Desima. Auch
204 668 1365 713 ihre Tempel — sie hatten deren drei in Naṅgasaki — beaufsichtigte
206 715 1365 759 die Regierung seitdem mit Strenge; ihre Dschunken wurden genau
205 763 1364 804 untersucht, und die eingeführten Bücher — weil in China christ-
205 809 1365 853 liche Missionare ansässig waren — von den Beamten sorgfältig
206 855 1365 895 durchgesehen. Der Handel stand seit der Zeit unter der Controlle
206 903 1364 943 der Regierung, welche von den Käufern der chinesischen Waaren
206 952 1366 985 eine Steuer von 60 Procent erhob, aus der die Einwohner
204 1000 1364 1040 und Beamten von Naṅgasaki für den durch die Aufhebung des
206 1048 1365 1087 freien Handels erlittenen Verlust entschädigt wurden. Später floss
207 1094 1366 1132 diese Steuer in die Kasse der sogenannten »Geldkammer«, einer
207 1140 1365 1181 Handelsgesellschaft, an welche die japanische Regierung den chine-
206 1188 1366 1228 sischen und den holländischen Handel verpachtete; sie musste
207 1236 1365 1275 dafür eine jährliche Entschädigung an die Einwohner von Naṅgasaki
206 1284 1365 1321 zahlen. Von chinesischer Seite scheint der Handel durch eine
207 1332 1366 1370 Gesellschaft von Kaufleuten getrieben worden zu sein, welche ihren
207 1379 1367 1408 Sitz in der Provinz Tše-kiang hatte. Die Geschäfte der Geldkammer
207 1426 1365 1463 mit dieser chinesischen Compagnie beschränkten sich auf gewisse
207 1472 1366 1509 Hauptartikel, welche ihr Monopol waren; alle übrigen Waaren
206 1519 1370 1550 durften die mit den Dschunken herüberkommenden Kaufleute auf
207 1567 1366 1605 eigene Hand an die Japaner verhandeln. Man erlaubte ihnen bei
206 1615 1366 1652 Tage ohne Begleiter und Aufseher in den Strassen von Naṅgasaki
206 1661 1367 1699 umherzugehen, zu kaufen und zu verkaufen, während die Holländer
1302 167 1361 199 137
569 176 1006 207 Stellung der Chinesen in Japan.
324 1760 1367 1796 »In dem berührten letzteren Jahre (1684)«, sagt Kämpfer, »fand sich sogar
206 1802 1367 1835 ein tartarischer Mandarin in vollem Staate, ein Haupt über sechs Jonken, ein; er
206 1843 1366 1877 musste sich aber mit denselben bald wegbegeben, weil man ihm wissen liess, dass
207 1885 1328 1920 in Japan keine anderen Häupter und Mandarinen als eingeborne geduldet wären.«
323 1925 1365 1956 Nach Kämpfer wurden die Chinesen zur Zeit seines Aufenthaltes in Naṅ-
208 1966 1365 2000 gasaki sehr schlecht behandelt und gelegentlich von ihren japanischen Aufsehern
208 2007 532 2040 mit Stockprügel tractirt.
322 2047 1366 2079 Nach Siebold betrug diese Entschädigung jährlich 84,400 holländische Gulden.
