1600 2344
626 179 1069 214 Anmerkungen zum ind. Archipel.
274 168 337 200 348
273 246 1425 287 Panther nur eine Farbenspielart des gewöhnlichen, nicht eine eigene Art (Felis melas
272 287 1425 327 Peron) ist, wie auch vom afrikanischen, sowie vom Jaguar und Kuguar schwarze
272 327 1425 368 Individuen vorkommen, vergl. meine Bemerkungen im »zoologischen Garten« 1864
272 369 1426 408 S. 279. Raffles, Transact. Linn. soc. XIII. 1821 pag. 250 führt allerdings rimau-
271 409 1426 448 kumbang als spezielle Namen für den »schwarzen Tiger« an, aber er unterscheidet
271 450 1427 488 in dieser Abhandlung überhaupt nicht den Panther vom Tiger und scheint daher
270 490 1426 527 den malaiischen Namen des Panthers auf die schwarze Abart allein bezogen zu haben;
269 531 1425 568 wenigstens deutet der oben angegebene Sinn des Wortes entschieden auf ein ge-
268 570 459 594 flecktes Thier.
364 611 1425 647 Der scheinbar einheimische Name, welchen Pteromys petaurista Pall. aus
269 649 1425 686 Hinterindien seit Buffon in den zoologischen Büchern führt, taguan, stammt von
269 689 1425 723 den philippinischen Inseln — allgemeine Historie der Reisen Bd. XI. S. 428, Pallas
268 729 1424 760 miscellanea zool. pag. 55 — und ist höchst wahrscheinlich nur eine Variation von
268 769 1424 803 caguang, wie Pater G. J. Camel den philippinischen Namen eines fliegenden Säuge-
269 806 1424 842 thiers schreibt, das vielmehr Galeopithecus Philippinus sein dürfte, vgl. oben S. 194.
373 846 1425 879 Die erste Nachricht über Hasen auf Java, welche ich aufzufinden vermocht,
268 882 1425 920 ist in Major Thorn’s history of the conquest of Java, London 1815, pag. 218, und
269 924 1424 960 lautet: hares and rabbits are pretty common, and deer and antilopes also plentiful;
270 964 1423 996 es ist hier im Allgemeinen von Java die Rede, aber doch wohl zunächst an die Um-
269 1004 1424 1041 gegend von Batavia gedacht; von Kaninchen auf Java habe ich nie etwas gesehen
266 1044 1425 1081 oder gehört. Doch sagt der alte Valentyn in seiner Beschreibung von Batavia, oud
265 1085 1424 1121 en nieuw Oost Indie, Bd. IV. pag. 255 (1724—1726, neue Ausgabe durch Keyzer, 8vo.,
266 1124 1424 1160 1858, Bd. III. S. 540), unmittelbar nach der Aufzählung der zahmen und einiger wilden
265 1164 1424 1198 Vögel: »es gibt auch Kaninchen, doch nicht im Ueberfluss«; und bald darauf nennt
265 1206 1423 1238 er eine ziemliche Anzahl wilder Säugethiere, aber nicht den Hasen. Was Thorn sich
265 1246 1423 1281 unter seiner Antilope gedacht, ist zweifelhaft, vielleicht den Kidjang, Cervus (Prox)
265 1285 1423 1321 muntjac, als dem Hirsche ähnliches, zarteres Thier. Eine Antilope kommt auf Java
264 1325 1423 1360 nicht vor. In den Vocabularien der malaiischen Sprache werden wohl auch Namen
264 1364 1423 1401 für Hasen oder Kaninchen genannt, kawelu und kelintji, klintji, ersteres kann aber
264 1404 1422 1442 vielleicht auch ein ganz anderes Thier sein und das letztere ist nach Roorda v. Ey-
265 1443 1422 1481 singa erst aus dem holländischen konyntje entstanden. Derselbe Lepus nigricellis
264 1482 1422 1517 findet sich auch auf der Insel Réunion (Bourbon) nach Maillard, hier ohne Zweifel
267 1522 408 1554 eingeführt.
373 1564 1421 1601 Wenn in früheren oder auch neueren, aber nicht speziell zoologischen Schriften
264 1605 1422 1644 ein Faulthier, holländisch luyaard, von den Sunda-Inseln oder auch Ceylon genannt
263 1646 1419 1681 wird, so ist damit immer der Faulaffe, Stenops, gemeint; ebenso unter dem Namen
263 1687 1420 1721 Flusspferd, Hippopotamus, nicht das rein afrikanische Thier dieses Namens, sondern
249 1721 523 1760 der indische Tapir.
368 1767 1420 1803 Näheres hierüber in P. J. Veth’s Borneo’s Wester-afdeling, Zaltbommel 1854,
262 1805 1420 1844 I. S. XII; dass Elephanten früher von chinesischen Kolonisten eingeführt worden
262 1845 1420 1884 seien, klingt unwahrscheinlich, da der Elephant in China nirgends, unseres Wissens,
261 1887 1418 1923 vorkommt und namentlich nirgends zahm gehalten wird, ausser etwa früher am kaiser-
261 1925 1419 1961 lichen Hof zu Peking als Paradestück, auch nicht in andern chinesischen Kolonieen.
263 1965 1419 2003 Wohl aber könnte man fragen, ob jenes Elfenbein etwa von fossilen Thieren, wie
260 2004 1418 2045 das sibirische, stamme. Resident Schwaner, der längere Zeit auf der Ostküste Borneo’s
