1600 2394
583 190 1192 227 Der Opiumhandel vom sittlichen Standpunkt.
304 269 1472 321 Elliot bot auch der chinesischen Obrigkeit seine Mitwirkung zu
302 318 1473 362 völliger Ausrottung des Schleichhandels im Flusse an; da wurde
302 366 1472 412 ihm zum ersten Male das wichtige Zugeständniss eines directen
303 415 1472 460 Verkehrs mit den Mandarinen ohne Vermittelung der Hoṅ-Kaufleute
300 463 1472 505 gemacht. — Die gemeinsamen Maassregeln bewirkten nun zwar in
301 510 1473 556 den nächsten Monaten einen Stillstand im Opiumhandel; der
301 558 1353 596 heraufbeschworene Sturm war aber nicht mehr abzuwenden.
421 605 1471 646 Die chinesische Gesetzgebung steht durchaus auf sittlichem
300 652 1470 690 Boden: das Opiumverbot sollte das Volk vor einem verzehren-
300 698 1470 743 den Gift bewahren, zu dessen Gebrauch es neigte. Freilich wird
298 746 1470 784 auch in China Opium bereitet, der Genuss ist dort wahrscheinlich
298 793 1469 837 nicht auszurotten; ohne Frage beförderte und steigerte ihn aber die
299 839 1469 884 Einfuhr erheblich, die chinesische Regierung war formell und
298 877 1470 927 sittlich berechtigt, demselben entgegenzutreten. Die Frechheit der
299 931 1469 977 Schmuggler beschimpfte sie offen vor den Augen des Volkes, sie
298 979 1468 1021 musste sich in ihrer Ehre tief gekränkt fühlen. Sie wurde zudem
297 1026 1469 1068 beunruhigt durch die steigende Ausfuhr baaren Silbers; denn der
297 1073 1467 1116 Werth des eingeführten Opium überwog damals bedeutend den
296 1119 1467 1172 der ganzen Ausfuhr, während heutigen Tages letztere die gesammte
295 1168 1466 1220 Einfuhr weit hinter sich lässt. — Der Hof von Pe-kiṅ zog die
296 1215 1466 1264 Lage in ernste Erwägung und liess sich Vorschläge machen, wie
296 1262 1464 1306 dem Uebel zu steuern sei. Es gab aber nach chinesischer An-
295 1309 1464 1354 schauung nur einen Weg. Der Sohn des Himmels vertritt ohne
293 1357 1464 1402 Rücksicht auf Zweckmässigkeit und Vortheil die himmlischen Ge-
294 1405 1464 1449 bote; der Gebrauch des Opium ist unsittlich und durfte deshalb
291 1454 1463 1497 nicht geduldet werden. So abscheulich oft die Mandarinen han-
291 1503 1463 1549 deln, die kaiserliche Regierung wird sich principiell immer auf den
291 1551 1463 1596 Standpunkt der reinsten Sittlichkeit stellen, und muss es, weil sie
306 175 346 208 66
466 1652 1462 1697 1837 und 1838 betrug die Opium-Einfuhr 34,000 Kisten zu 80 Pfund,
287 1686 1400 1727 im Werthe von 25,000,000 Dollars, die zum grössten Theil baar bezahlt wurden.
464 1739 1460 1788 Ein Mandarin Hae-natse betrachtete, der chinesischen Auffassung ent-
288 1776 1462 1825 gegen, die Sache vom practischen und nationalökonomischen Standpunkt. Er schlug
288 1813 1460 1860 vor, die Opium-Einfuhr gegen eine Abgabe von 7 Dollars für die Kiste zu erlauben,
287 1850 1460 1894 während die Kosten des Schleichhandels etwa 40 Dollars betrugen. Die vermehrte
288 1887 1459 1930 Strenge des Gesetzes schrob nach seiner Ansicht nur den Betrag des Lohnes in die
287 1924 1459 1966 Höhe, welchen die Beamten sich für ihre Connivenz zahlen liessen. »Die durch den
287 1961 1460 2003 Schleichhandel zur Gewohnheit werdende Gesetzlosigkeit erziehe eine Bande frecher
286 1999 1458 2040 Schurken, welche jedem Ansehn der Behörden trotzten und der schlimmsten Ver-
286 2036 1458 2079 brechen fähig seien.« Der Urheber dieser Vorschläge wurde wegen der Unsittlich-
285 2074 984 2107 keit seiner Anschauungen in die Tartarei verbannt.
