1600 2344
459 183 1061 213 Die ersten Holländer in Japan. W. Adams.
304 255 1335 292 Da man sich durchaus nicht verständigen konnte, so liess
184 299 1336 339 der Fürst Portugiesen aus Naṅgasaki herbeirufen, welche die
186 346 1336 386 Holländer sogleich für Seeräuber erklärten . Ihre Lage wurde
183 394 1335 427 noch verschlimmert durch zwei Verräther aus ihrer Mitte, die sich
183 441 1335 479 auf Kosten der Uebrigen zu bereichern dachten; der Fürst von
183 488 1335 527 Buṅgo setzte die ganze Mannschaft gefangen. Nur Einer, der
183 534 1338 573 Steuermann William Adams, ein Engländer von Geburt, wurde auf
183 581 1333 621 Befehl des Jyeyas nach Suruṅga geschickt und dort zahlreichen
182 629 1334 670 Verhören unterworfen. Jyeyas selbst fragte ihn aus, überzeugte
182 677 1334 717 sich aber, trotz allen Machinationen der Spanier und Portugiesen,
182 723 1334 764 welche, nach des Adams Aussage, die Hinrichtung der ganzen
182 770 1335 808 Schiffsmannschaft verlangten und die Holländer als Piraten und
182 818 1334 856 rebellische Unterthanen ihres Königs verschrieen, doch schliesslich
182 864 1334 904 von deren Unschädlichkeit. Adams wurde in Freiheit gesetzt, ebenso
181 911 1334 942 alle seine Gefährten, welche unterdessen mit ihrem Schiffe nach
182 959 1334 997 Osaka gebracht worden waren. Das Fahrzeug mussten sie ausliefern,
182 1006 1336 1044 die Ladung aber befahl Jyeyas herauszugeben und liess, da bei der
181 1053 1334 1091 ersten Ankunft Vieles gestohlen worden war, ihrem Bevollmächtigten
181 1100 1334 1137 eine bedeutende Entschädigungssumme auszahlen . Ausserdem
181 1146 1335 1184 gab er Jedem ein kleines Jahrgehalt und befahl ihnen im Lande
181 1194 1335 1232 zu bleiben, erst einige Jahre später erhielten sie die Erlaubniss zur
182 1241 1332 1270 Heimkehr. — Adams wusste sich durch seine mathematischen
180 1288 1333 1327 Kenntnisse und praktische Geschicklichkeit in grosse Gunst bei
181 1334 1333 1374 dem Herrscher zu setzen, baute später für ihn zwei Schiffe nach
180 1381 1334 1421 europäischem Muster und trat in eine ehrenvolle und einflussreiche
181 1427 1335 1467 Stellung. Durch ihn hauptsächlich wurde die Anknüpfung der
180 1473 1331 1514 niederländischen und englischen Handelsbeziehungen vermittelt .
1293 174 1334 205 87
287 1560 1332 1592 »After wee had been there five or six dayes came a Portugall Jesuite and
178 1602 1333 1634 other Portugals who reported of us that wee were pirates and were not in the way
178 1642 1333 1673 of marchandizing.« Brief des William Adams an seine Frau bei Purchas Pilgrimages
178 1683 1104 1714 und bei Rundall Memorials of the Empire of Japon. London 1850.
286 1722 1333 1754 »Saving 50,000 Rials in ready money was commanded to be given us, and
179 1763 1333 1794 in his presence brought and delivered in the hands of one that was made our go-
178 1803 1333 1833 vernor« etc. Brief des Adams »an seine unbekannten Freunde«, bei Purchas und Rundall.
283 1844 1332 1877 Adams trat später mit Erlaubniss des Jyeyas in den Dienst der englisch-
178 1884 1332 1918 ostindischen Compagnie, machte für dieselbe mehrere Reisen nach Siam und starb
178 1924 1332 1960 in Japan 1620. Sein Testament ist uns erhalten: er vermacht darin die eine Hälfte
177 1964 1331 2000 seines Vermögens seiner Ehefrau und Tochter in England, die andere den Kindern
177 2005 1332 2041 seiner japanischen Gattin. — Capitän Cox, der Vorsteher der englischen Handels-
177 2045 1333 2075 factorei in Firando, besuchte auf der Reise nach Yeddo 1616 das Landgut des
