1600 2344
308 122 1225 156 Zweiter Versuch der Engländer. Blomhoff’s Rückkehr nach Desima.
186 192 1344 227 des Befehlshabers zur Nachtzeit in die Bucht einlief, so dass die
186 238 1344 279 nur Blomhoff bekannten geheimen Signale nicht beobachtet werden
186 283 1344 321 konnten. Dieser war nicht an Bord, und es erwies sich, dass Sir
186 331 1344 372 Stamford Raffles abermals den zum Nachfolger Doeff’s ernannten
186 377 1344 421 Cassa mit denselben Forderungen wie im vorhergehenden Sommer
185 422 1343 466 nach Naṅgasaki sandte . Doeff aber, der über seinen Bevoll-
186 471 1344 517 mächtigten Blomhoff keine genügende Auskunft erhielt, weigerte
187 518 1344 556 sich abermals die Factorei auszuliefern; Cassa musste sich zu einem
187 565 1345 605 ähnlichen Abkommen wie das erste Mal bequemen, und segelte
187 613 1347 654 wieder unverrichteter Sache heim. Vor der japanischen Obrigkeit
187 661 1346 705 blieb die Lage der Dinge auch dieses Mal geheim, doch hielt es
188 707 1350 753 schwer, triftige Gründe namentlich dafür anzugeben, dass Doeff
187 753 1348 799 noch immer nicht abgelöst wurde. Nur seine grosse Kenntniss der
187 802 1346 841 Verhältnisse und das in nunmehr sechszehnjährigem Verkehr er-
188 847 1347 892 worbene Vertrauen der japanischen Regierung machten es ihm
189 900 805 943 möglich, den Betrug durchzuführen.
309 940 1349 979 Die Holländer blieben nun wieder drei Jahre ohne Nachricht
189 987 1349 1027 aus der Heimath. Endlich im Sommer 1817 kam Blomhoff, welchen
190 1033 1351 1080 Sir Stamford Raffles vergebens durch glänzende Anerbietungen auf
189 1081 1349 1127 seine Seite zu bringen gesucht und dann trotz dem Ehrenworte der
190 1129 1349 1174 Commissare als Kriegsgefangenen nach England geschickt hatte, mit
190 1176 1350 1215 dem ersten holländischen Schiffe wieder nach Naṅgasaki, um den
191 1224 1349 1267 nun seit neunzehn Jahren auf Desima eingeschlossenen Doeff als
191 1270 1349 1313 Handelsvorsteher abzulösen. Desima ist der einzige Fleck der Erde,
191 1317 1349 1364 wo die holländische Flagge während der Einverleibung der Nieder-
192 1366 1229 1405 lande in das französische Reich ununterbrochen geweht hat.
312 1409 1349 1454 So scheiterten die Bemühungen der Engländer, die Nieder-
192 1456 1351 1503 länder aus ihrer Stellung in Japan zu verdrängen . Sie machten
191 1504 1350 1544 im Jahre 1818 noch einen Versuch, den Verkehr anzuknüpfen, wahr-
192 1552 1353 1596 scheinlich wieder auf Veranlassung von Sir Stamford Raffles, der
193 1600 1351 1644 seinen Landsleuten den japanischen Handel, wie er sich ausdrückt,
196 1647 1352 1692 »um jeden Preis« zu verschaffen wünschte. Im genannten Jahre
194 1694 1353 1735 erschien im Golfe von Yeddo ein kleines englisches Schiff, das
1282 108 1342 140 167
309 1784 1352 1817 Sir Stamford Raffles redete Doeff diesmal in seinem Schreiben als »Mit-
193 1825 1353 1865 vorsteher« an und meldete die Zahlung des contractlich ihm zugesicherten Antheiles
194 1866 1354 1905 an dessen Bevollmächtigte in Batavia. Doeff behauptet, weder diese, noch die 1814
193 1914 808 1951 stipulirte Antheilsumme empfangen zu haben.
309 1947 1354 1986 Die Darstellung dieser Begebenheiten ist aus den Berichten der Holländer
194 1993 1190 2030 geschöpft, welche gegen England zu jener Zeit äusserst erbittert waren.
