1600 2647
254 210 1543 263 deren Stelle die Hinrichtung innerhalb der          Gefängnißmauern unter Zu-
251 267 1544 322 ziehung einer Anzahl von Perſonen, die theils          durch ihren Beruf dazu
252 322 1543 375 beſtimmt ſind, theils aus den Bürgern des          Orts beſonders dazu ge-
254 375 1543 427 wählt und berufen werden, treten          laſſen.  Dieſe          Abänderung hat ſich
255 432 1545 481 in Nordamerika bewährt; auch in Belgien iſt          ihre Einführung vorge-
255 485 1544 541 ſchlagen worden.  In          der Kommiſſion der zweiten Kammer entſchied
256 541 1544 594 man          ſich einſtimmig für dieſe Art der          Vollſtreckung, und ſuchte nur da-
257 595 1545 651 für vollſtändige          Garantie, daß auch jeder Schein der heimlichen Hin-
256 649 1546 706 richtung vermieden, und die          Möglichkeit gegeben werde, anderen Perſo-
255 704 1546 759 nen, die nicht im          Geſetz ausdrücklich genannt ſind, aus          beſonderen
253 758 1544 810 Gründen die Anweſenheit zu geſtatten. Man          dachte dabei namentlich
256 820 944 869 an die Angehörigen des Verurtheilten.
350 870 1546 923 1) Unter den im zweiten Abſatz genannten Mitgliedern des Ge-
255 926 1546 980 richts          erſter Inſtanz ſind nicht die richterlichen Mitglieder des          Schwur-
258 980 1547 1036 gerichtshofs verſtanden, ſondern die des betreffenden          Kreis- oder bezie-
256 1034 1548 1091 hungsweiſe Stadt- oder Landgerichts, weil          dieſe Gerichte die Geſchäfte
255 1088 1548 1146 zu beſorgen haben, welche          die Verhandlungen vor dem Schwurgericht
346 1201 1547 1252 2) Im zweiten Abſatz des §. 8. hatte die Regierungsvorlage we-
255 1254 1549 1311 gen          Zuziehung der zwölf Gemeindeglieder den Ausdruck gewählt: „welche
254 1310 1548 1365 der          Hinrichtung beiwohnen können.“ Dieſe Einräumung der          Befugniß
255 1364 1550 1421 hielt man für den Zweck der Anordnung nicht für genügend, und          ſetzte
257 1419 1551 1475 dafür die Worte: „welche der Hinrichtung beizuwohnen          haben.“ Um
256 1475 1551 1527 aber nicht die Anſicht aufkommen zu          laſſen, daß die Abweſenheit der
259 1529 1550 1578 einen oder der andern          dieſer Perſonen die Aufſchiebung der           Vollſtreckung
341 104 1542 174 Th. I. Beſtrafung d. Verbr. u.:Vergehen im Allg.           Tit. I. Von d. Strafen.
252 136 297 171 96
334 1651 1550 1698 Motive zum            Entwurf von 1850., §. 8. Vergl. Mittermaier und
259 1689 1550 1735 v. Mohl, kritiſche Zeitſchrift für           Rechtswiſſenſchaft und Geſetzgebung des           Auslandes.
258 1726 1550 1767 Band 17. S. 1-30. Revised Statuty of the State of            New-York. Band 2.
258 1769 888 1808 S. 458. §. 25-38. Bd. 3. S. 810.
385 1801 1552 1846 In Belgien           wird eine Reform des Strafgeſetzbuchs vorbereitet; die Vor-
258 1838 1551 1887 ſchläge der dazu niedergeſetzten Kommiſſion,           welche die einleitenden Beſtimmungen und
259 1874 1554 1922 das erſte Buch           umfaſſen, ſind von der Regierung, mit Ausnahme der           Aufhebung der
262 1912 1553 1960 lebenslänglichen Rekluſion, adoptirt und unter dem 12. Dez.           1849. als Geſetzesvor-
263 1951 1554 2000 ſchlag an die Kammern gebracht worden.           S. Code pénal. Revision du titre
261 1989 1553 2039 préliminaire et du livre premier. Extrait des annales de la Chambre des
261 2026 1552 2075 Représentants. Bruxelles, Imprimerie de Deltombe, 1850. 3 Hefte in           Fol.
262 2064 1554 2110 Hier heißt es: Art. 13. Tout condamné à mort aura la tête            tranchée. Art. 14.
261 2102 1556 2143 L'exécution se fera dans l'enceinte de la prison qui sera            indiquée par l'ar-
262 2139 1556 2181 rêt de condemnation. Art. 15. La condemnation sera            exécutée en pré-
264 2178 1557 2220 sence de deux membres de la cour            d'appel ou du tribunal de première in-
265 2216 1554 2262 stance, d'un officier du            ministère public, du greffier de la cour d'assisses,
267 2254 1555 2294 du directeur et du            médicin de la prison, d'un on de plusieurs ministres
266 2290 1557 2331 du culte et de douze            témoins au moins. A l'heure indiquée pour l'exécu-
265 2329 1556 2376 tion, les cloches sonneront le glas. Le procès-verbal            d'exécution,
265 2367 1557 2415 dressé par le greftier, sera signé par            lui et par les autres fonctionnaires ci
267 2413 543 2452 dessus indiqués.
