1600 2647
231 189 1525 239 zung ſtatt gefunden hat. Ueberdieß         ſind im Entwurf ſelbſt Ehegatten,
232 243 1527 292 Aeltern und Kinder         der Verbrecher, bei denen in der Wirklichkeit die
232 298 1526 349 Theilnahme an den Vortheilen eines         verübten Verbrechens hauptſächlich,
235 353 1526 403 ja faſt         ausſchließlich vorkommt, nicht von der Strafe         ausgeſchloſſen,
235 408 1527 457 obgleich gerade bei ihnen alle         Veranlaſſung dazu vorhanden wäre. —
234 462 1527 513 Aus dem revidirten         Entwurf iſt deshalb die Rückſicht auf die Theil-
235 518 1318 567 nahme an den         Vortheilen eines Verbrechens ausgeſchieden.“
325 570 1525 623 Die Staatsraths-Kommiſſion erklärte ſich mit         dieſer Ausführung
233 681 1524 732 bis 48. redigirt,         deſſen Beſtimmungen das Strafgeſetzbuch im         Weſent-
230 736 617 785 lichen beibehalten hat.
318 791 1525 843 I. Die Strafe der Begünſtigung iſt Geldbuße bis zu         zweihundert
229 845 1523 897 Thalern oder Gefängniß bis zu Einem Jahre. Aus dieſer         Beſtimmung
231 900 1524 952 ſchon ergiebt ſich, daß hier ein, von den         übrigen Arten der Theilnahme
232 955 1535 1006 verſchiedenes,         ſelbſtändiges Vergehen vorliegt; denn wenn die         Beſchaf-
231 1010 1525 1062 fenheit des Verbrechens oder Vergehens, deſſen         Thäter Vorſchub geleiſtet
229 1067 1523 1115 worden, auch auf die         Zumeſſung der Strafe von Einfluß ſein wird,         ſo
230 1121 1523 1171 ſteht dieſelbe doch nicht in einem         beſtimmten Verhältniß zu der Strafe,
227 1176 666 1223 welche den Thäter trifft.
315 1229 1522 1281 II. Eine Begünſtigung liegt vor, wenn dem Thäter         wiſſentlich
225 1285 636 1334 Beiſtand geleiſtet wird,
393 1343 1524 1391 a. um denſelben der Beſtrafung zu         entziehen. In dieſer allge-
226 1398 1523 1445 meinen Faſſung         unterſcheidet ſich das Strafgeſetzbuch namentlich         von
225 1452 1524 1500 der entſprechenden Vorſchrift des Code          pénal, der außer den Hehlern
222 1507 1523 1553 nur diejenigen beſtraft,         welche das verbrecheriſche Betragen der Uebel-
225 1561 1521 1609 thäter kennen, und ihnen         gewöhnlich Aufenthalt, einen Zufluchts- oder
228 1617 784 1663 Verſammlungsort gewähren.
320 1672 1523 1718 Eine Begünſtigung der angeführten Art ſoll aber nicht         beſtraft
225 1727 1522 1772 werden, wenn ſie dem Thäter von leiblichen Verwandten in         auf- und
224 1782 1524 1829 abſteigender Linie, von Geſchwiſtern oder von         dem Ehegatten gewährt
225 1836 1524 1881 worden iſt (§. 37. Abſ. 2.). In dem Entwurf         von 1850. war dieſe
341 100 1524 147 Th. I. Beſtraf. d. Verbr. u. Vergehen im Allg. Tit.          III. V. d. Theilnahme.
236 95 300 136 170
355 1990 1521 2030 Verhandlungen der Kommiſſion des Staatsraths von 1846.
237 2032 334 2059 S. 38.
354 2066 1522 2107 Principiell verſchieden iſt daher die          Auffaſſung im Sächſ. Criminal-
227 2104 1521 2143 geſetzbuch, Art. 46. „Gegen diejenigen, welche ſich          der Begünſtigung eines Ver-
227 2141 1522 2185 brechens ſchuldig machen,          iſt höchſtens auf ein Drittel der geſetzlichen Strafe, bei          le-
228 2172 1523 2218 benslänglicher Zuchthaus- oder Todesſtrafe höchſtens auf          zehnjährige Zuchthausſtrafe
228 2218 652 2254 erſten Grades zu          erkennen.“
367 2256 1522 2294 Code pénal. Art. 61. Ceux qui           connaissant la conduite crimi-
225 2295 1523 2334 nelle des malfaiteurs exerçant des           brigandages ou des violences contre la
224 2369 1524 2407 fournissent habituellement logement, lieu de           retraite ou de réunion, seront
225 2408 742 2445 punis comme leurs complices.
