<?xml version="1.0" encoding="UTF-8"?>
<PcGts xmlns="http://schema.primaresearch.org/PAGE/gts/pagecontent/2019-07-15" xmlns:xsi="http://www.w3.org/2001/XMLSchema-instance" xsi:schemaLocation="http://schema.primaresearch.org/PAGE/gts/pagecontent/2019-07-15 http://schema.primaresearch.org/PAGE/gts/pagecontent/2019-07-15/pagecontent.xsd">
<Metadata>
<Creator>regJS2PAGE.py</Creator>
<Created>2021-02-16T11:00:14.688954</Created>
<LastChange>2021-02-16T11:00:14.688954</LastChange>
</Metadata>
<Page imageFilename="tmp/beseler_kommentar_1851_0042.png" imageWidth="1600" imageHeight="2647">
<TextRegion id="block_0" custom="structure {type:body;}">
<Coords points="254,206 254,268 254,264 254,322 253,316 253,376 254,374 254,433 254,426 254,488 254,482 254,537 254,537 254,582 254,592 345,592 345,651 345,649 253,649 253,708 251,701 251,760 248,756 248,815 246,812 246,870 248,865 248,923 251,920 251,979 253,973 253,1033 256,1028 256,1087 254,1082 254,1143 251,1136 251,1197 252,1191 252,1251 247,1246 247,1304 248,1302 248,1363 246,1356 246,1416 244,1412 244,1469 244,1467 244,1524 242,1523 242,1580 239,1575 239,1634 239,1630 239,1688 239,1685 239,1742 238,1741 238,1798 239,1795 239,1847 1530,1847 1530,1795 1530,1798 1530,1741 1527,1742 1527,1685 1530,1688 1530,1630 1530,1634 1530,1575 1530,1580 1530,1523 1532,1524 1532,1467 1529,1469 1529,1412 1530,1416 1530,1356 1532,1363 1532,1302 1530,1304 1530,1246 1534,1251 1534,1191 1537,1197 1537,1136 1537,1143 1537,1082 1536,1087 1536,1028 1537,1033 1537,973 1536,979 1536,920 1536,923 1536,865 1537,870 1537,812 1539,815 1539,756 1541,760 1541,701 1542,708 1542,649 1541,651 1541,592 745,592 745,582 745,537 1541,537 1541,537 1541,482 1541,488 1541,426 1542,433 1542,374 1544,376 1544,316 1545,322 1545,264 1546,268 1546,206 254,206"/>
<TextLine id="line_0">
<Coords points="254,206 345,206 368,208 423,208 454,210 519,210 545,211 675,211 702,215 751,215 776,214 1013,214 1043,219 1097,219 1119,220 1190,220 1214,221 1405,221 1431,225 1546,225 1546,268 1431,268 1405,268 1214,268 1190,263 1119,263 1097,262 1043,262 1013,258 776,258 751,248 702,248 675,255 545,255 519,245 454,245 423,244 368,244 345,252 254,252 254,206"/>
<Baseline points="254,252 345,252 368,244 423,244 454,245 519,245 545,255 675,255 702,248 751,248 776,258 1013,258 1043,262 1097,262 1119,263 1190,263 1214,268 1405,268 1431,268 1546,268"/>
<TextEquiv><Unicode>Theil mit dem        Einfluß der Geſchworenen auf dieſe Feſtſtellung        zuſam-</Unicode></TextEquiv>
</TextLine>

<TextLine id="line_1">
<Coords points="254,272 337,272 376,264 467,264 508,266 613,266 644,268 708,268 737,270 950,270 974,271 1243,271 1275,279 1323,279 1349,278 1545,278 1545,322 1349,322 1323,312 1275,312 1243,321 974,321 950,315 737,315 708,303 644,303 613,301 508,301 467,307 376,307 337,304 254,304 254,272"/>
<Baseline points="254,304 337,304 376,307 467,307 508,301 613,301 644,303 708,303 737,315 950,315 974,321 1243,321 1275,312 1323,312 1349,322 1545,322"/>
<TextEquiv><Unicode>men, theils konnte eine nothwendige Berückſichtigung der        allgemeinen</Unicode></TextEquiv>
</TextLine>

<TextLine id="line_2">
<Coords points="253,316 591,316 629,323 746,323 784,325 840,325 877,326 922,326 959,328 1014,328 1045,328 1225,328 1253,331 1455,331 1493,345 1544,345 1544,370 1493,370 1455,376 1253,376 1225,364 1045,364 1014,361 959,361 922,360 877,360 840,359 784,359 746,367 629,367 591,364 253,364 253,316"/>
<Baseline points="253,364 591,364 629,367 746,367 784,359 840,359 877,360 922,360 959,361 1014,361 1045,364 1225,364 1253,376 1455,376 1493,370 1544,370"/>
<TextEquiv><Unicode>Milderungsgründe, ähnlich wie bei den mildernden Umſtänden,        um</Unicode></TextEquiv>
</TextLine>

<TextLine id="line_3">
<Coords points="254,374 412,374 444,375 522,375 552,377 635,377 666,379 854,379 890,381 960,381 997,382 1067,382 1098,392 1157,392 1187,385 1308,385 1339,389 1542,389 1542,433 1339,433 1308,429 1187,429 1157,418 1098,418 1067,417 997,417 960,416 890,416 854,421 666,421 635,421 552,421 522,419 444,419 412,418 254,418 254,374"/>
<Baseline points="254,418 412,418 444,419 522,419 552,421 635,421 666,421 854,421 890,416 960,416 997,417 1067,417 1098,418 1157,418 1187,429 1308,429 1339,433 1542,433"/>
<TextEquiv><Unicode>deswegen nicht wohl ſtattfinden, weil eben nur einzelne        thatſächliche</Unicode></TextEquiv>
</TextLine>

<TextLine id="line_4">
<Coords points="254,426 415,426 440,431 524,431 550,431 581,431 606,432 748,432 773,435 885,435 912,436 956,436 982,436 1013,436 1040,439 1105,439 1131,441 1295,441 1316,442 1382,442 1406,452 1468,452 1494,455 1541,455 1541,488 1494,488 1468,479 1406,479 1382,482 1316,482 1295,484 1131,484 1105,472 1040,472 1013,471 982,471 956,470 912,470 885,476 773,476 748,476 606,476 581,465 550,465 524,465 440,465 415,464 254,464 254,426"/>
<Baseline points="254,464 415,464 440,465 524,465 550,465 581,465 606,476 748,476 773,476 885,476 912,470 956,470 982,471 1013,471 1040,472 1105,472 1131,484 1295,484 1316,482 1382,482 1406,479 1468,479 1494,488 1541,488"/>
<TextEquiv><Unicode>Momente dabei in Betracht kamen, die in dem gegebenen Fall von        ge-</Unicode></TextEquiv>
</TextLine>

<TextLine id="line_5">
<Coords points="254,482 368,482 399,484 523,484 555,485 614,485 653,491 720,491 752,490 835,490 870,494 976,494 1008,493 1219,493 1250,496 1404,496 1433,500 1541,500 1541,535 1433,535 1404,533 1250,533 1219,537 1008,537 976,526 870,526 835,534 752,534 720,523 653,523 614,528 555,528 523,529 399,529 368,527 254,527 254,482"/>
<Baseline points="254,527 368,527 399,529 523,529 555,528 614,528 653,523 720,523 752,534 835,534 870,526 976,526 1008,537 1219,537 1250,533 1404,533 1433,535 1541,535"/>
<TextEquiv><Unicode>ringem Belang ſein oder durch andere erſchwerende Momente        wieder</Unicode></TextEquiv>
</TextLine>

<TextLine id="line_6">
<Coords points="254,537 445,537 469,544 586,544 611,542 745,542 745,578 611,578 586,574 469,574 445,582 254,582 254,537"/>
<Baseline points="254,582 445,582 469,574 586,574 611,578 745,578"/>
<TextEquiv><Unicode>aufgehoben werden konnten.</Unicode></TextEquiv>
</TextLine>

<TextLine id="line_7">
<Coords points="345,592 443,592 479,605 553,605 590,597 831,597 862,601 1019,601 1046,604 1099,604 1132,607 1191,607 1220,606 1422,606 1452,608 1541,608 1541,646 1452,646 1422,651 1220,651 1191,640 1132,640 1099,647 1046,647 1019,647 862,647 831,642 590,642 553,639 479,639 443,628 345,628 345,592"/>
<Baseline points="345,628 443,628 479,639 553,639 590,642 831,642 862,647 1019,647 1046,647 1099,647 1132,640 1191,640 1220,651 1422,651 1452,646 1541,646"/>
<TextEquiv><Unicode>Einen ganz unbeſchränkten Gebrauch hat das Franzöſiſche        Recht</Unicode></TextEquiv>
</TextLine>

<TextLine id="line_8">
<Coords points="253,655 315,655 349,649 402,649 433,649 613,649 644,652 825,652 857,656 1114,656 1140,661 1370,661 1402,663 1542,663 1542,708 1402,708 1370,703 1140,703 1114,696 857,696 825,696 644,696 613,685 433,685 402,683 349,683 315,681 253,681 253,655"/>
<Baseline points="253,681 315,681 349,683 402,683 433,685 613,685 644,696 825,696 857,696 1114,696 1140,703 1370,703 1402,708 1542,708"/>
<TextEquiv><Unicode>von den mildernden Umſtänden (circonstances         atténuantes) gemacht,</Unicode></TextEquiv>
</TextLine>

<TextLine id="line_9">
<Coords points="251,701 348,701 374,704 458,704 485,714 588,714 613,706 726,706 750,710 984,710 1009,712 1056,712 1089,715 1145,715 1172,716 1204,716 1230,718 1310,718 1337,717 1460,717 1493,727 1541,727 1541,754 1493,754 1460,760 1337,760 1310,751 1230,751 1204,750 1172,750 1145,758 1089,758 1056,756 1009,756 984,755 750,755 726,750 613,750 588,740 485,740 458,748 374,748 348,737 251,737 251,701"/>
<Baseline points="251,737 348,737 374,748 458,748 485,740 588,740 613,750 726,750 750,755 984,755 1009,756 1056,756 1089,758 1145,758 1172,750 1204,750 1230,751 1310,751 1337,760 1460,760 1493,754 1541,754"/>
<TextEquiv><Unicode>indem durch neuere Geſetze        vorgeſchrieben iſt, daß in allen Fällen, wo</Unicode></TextEquiv>
</TextLine>

<TextLine id="line_10">
<Coords points="248,760 281,760 309,756 359,756 385,766 447,766 466,759 648,759 673,763 805,763 832,765 913,765 939,766 1013,766 1034,767 1179,767 1206,775 1239,775 1267,773 1321,773 1347,772 1539,772 1539,815 1347,815 1321,806 1267,806 1239,805 1206,805 1179,812 1034,812 1013,800 939,800 913,807 832,807 805,807 673,807 648,805 466,805 447,793 385,793 359,803 309,803 281,790 248,790 248,760"/>
<Baseline points="248,790 281,790 309,803 359,803 385,793 447,793 466,805 648,805 673,807 805,807 832,807 913,807 939,800 1013,800 1034,812 1179,812 1206,805 1239,805 1267,806 1321,806 1347,815 1539,815"/>
<TextEquiv><Unicode>es ſich von        Verbrechen handelt, ſelbſt beim Rückfall, es den        Geſchwore-</Unicode></TextEquiv>
</TextLine>

<TextLine id="line_11">
<Coords points="246,820 306,820 331,812 481,812 507,815 571,815 596,826 632,826 657,817 796,817 821,821 874,821 899,820 1102,820 1128,825 1185,825 1205,825 1456,825 1474,836 1537,836 1537,862 1474,862 1456,870 1205,870 1185,859 1128,859 1102,867 899,867 874,853 821,853 796,861 657,861 632,860 596,860 571,857 507,857 481,857 331,857 306,845 246,845 246,820"/>
<Baseline points="246,845 306,845 331,857 481,857 507,857 571,857 596,860 632,860 657,861 796,861 821,853 874,853 899,867 1102,867 1128,859 1185,859 1205,870 1456,870 1474,862 1537,862"/>
<TextEquiv><Unicode>nen freiſtehen ſoll, zu Gunſten        des Angeklagten das Vorhandenſein von</Unicode></TextEquiv>
</TextLine>

<TextLine id="line_12">
<Coords points="248,865 432,865 462,868 648,868 677,872 875,872 885,880 913,880 961,875 1009,875 1035,876 1068,876 1099,878 1161,878 1188,879 1234,879 1259,880 1536,880 1536,923 1259,923 1234,914 1188,914 1161,919 1099,919 1068,919 1035,919 1009,910 961,910 913,914 885,914 875,917 677,917 648,912 462,912 432,902 248,902 248,865"/>
<Baseline points="248,902 432,902 462,912 648,912 677,917 875,917 885,914 913,914 961,910 1009,910 1035,919 1068,919 1099,919 1161,919 1188,914 1234,914 1259,923 1536,923"/>
<TextEquiv><Unicode>mildernden Umſtänden        feſtzuſtellen.  Es iſt dieß ein        Auskunftsmittel</Unicode></TextEquiv>
</TextLine>

<TextLine id="line_13">
<Coords points="251,920 400,920 437,932 491,932 528,924 572,924 603,935 638,935 669,928 758,928 788,928 886,928 914,931 962,931 993,930 1322,930 1359,937 1410,937 1442,934 1536,934 1536,969 1442,969 1410,970 1359,970 1322,979 993,979 962,963 914,963 886,972 788,972 758,969 669,969 638,968 603,968 572,958 528,958 491,957 437,957 400,963 251,963 251,920"/>
<Baseline points="251,963 400,963 437,957 491,957 528,958 572,958 603,968 638,968 669,969 758,969 788,972 886,972 914,963 962,963 993,979 1322,979 1359,970 1410,970 1442,969 1536,969"/>
<TextEquiv><Unicode>geweſen, um die zu große Härte der        Strafbeſtimmungen des Code</Unicode></TextEquiv>
</TextLine>

<TextLine id="line_14">
<Coords points="253,973 362,973 385,977 567,977 592,979 625,979 649,979 822,979 854,983 909,983 932,985 987,985 1010,984 1144,984 1168,996 1204,996 1228,989 1367,989 1402,991 1477,991 1502,1001 1537,1001 1537,1032 1502,1032 1477,1033 1402,1033 1367,1030 1228,1030 1204,1030 1168,1030 1144,1028 1010,1028 987,1017 932,1017 909,1024 854,1024 822,1026 649,1026 625,1012 592,1012 567,1021 385,1021 362,1018 253,1018 253,973"/>
<Baseline points="253,1018 362,1018 385,1021 567,1021 592,1012 625,1012 649,1026 822,1026 854,1024 909,1024 932,1017 987,1017 1010,1028 1144,1028 1168,1030 1204,1030 1228,1030 1367,1030 1402,1033 1477,1033 1502,1032 1537,1032"/>
<TextEquiv><Unicode>pénal,        namentlich in Beziehung auf den Rückfall zu mildern, ohne zu</Unicode></TextEquiv>
</TextLine>

<TextLine id="line_15">
<Coords points="256,1028 509,1028 545,1033 719,1033 744,1034 924,1034 963,1040 1014,1040 1041,1039 1231,1039 1262,1052 1297,1052 1327,1043 1469,1043 1495,1065 1536,1065 1536,1069 1495,1069 1469,1087 1327,1087 1297,1086 1262,1086 1231,1085 1041,1085 1014,1073 963,1073 924,1082 744,1082 719,1068 545,1068 509,1074 256,1074 256,1028"/>
<Baseline points="256,1074 509,1074 545,1068 719,1068 744,1082 924,1082 963,1073 1014,1073 1041,1085 1231,1085 1262,1086 1297,1086 1327,1087 1469,1087 1495,1069 1536,1069"/>
<TextEquiv><Unicode>durchgreifender materieller        Aenderung des Geſetzbuchs zu ſchreiten, —</Unicode></TextEquiv>
</TextLine>

<TextLine id="line_16">
<Coords points="254,1082 302,1082 327,1082 505,1082 532,1088 656,1088 682,1090 849,1090 875,1091 936,1091 953,1093 1143,1093 1163,1095 1320,1095 1337,1099 1537,1099 1537,1143 1337,1143 1320,1131 1163,1131 1143,1139 953,1139 936,1136 875,1136 849,1134 682,1134 656,1131 532,1131 505,1128 327,1128 302,1117 254,1117 254,1082"/>
<Baseline points="254,1117 302,1117 327,1128 505,1128 532,1131 656,1131 682,1134 849,1134 875,1136 936,1136 953,1139 1143,1139 1163,1131 1320,1131 1337,1143 1537,1143"/>
<TextEquiv><Unicode>ein Verfahren,        welches allerdings ſehr gewichtigen Bedenken unterliegt.</Unicode></TextEquiv>
</TextLine>

<TextLine id="line_17">
<Coords points="251,1136 335,1136 367,1137 575,1137 605,1142 697,1142 733,1144 785,1144 821,1145 865,1145 898,1145 999,1145 1033,1149 1193,1149 1234,1151 1297,1151 1327,1162 1402,1162 1433,1155 1537,1155 1537,1188 1433,1188 1402,1197 1327,1197 1297,1186 1234,1186 1193,1192 1033,1192 999,1191 898,1191 865,1179 821,1179 785,1188 733,1188 697,1187 605,1187 575,1185 367,1185 335,1182 251,1182 251,1136"/>
<Baseline points="251,1182 335,1182 367,1185 575,1185 605,1187 697,1187 733,1188 785,1188 821,1179 865,1179 898,1191 999,1191 1033,1192 1193,1192 1234,1186 1297,1186 1327,1197 1402,1197 1433,1188 1537,1188"/>
<TextEquiv><Unicode>Nach Preußiſchem Recht hat die Sache jedenfalls eine ganz        andere</Unicode></TextEquiv>
</TextLine>

<TextLine id="line_18">
<Coords points="252,1191 371,1191 395,1204 577,1204 610,1199 647,1199 678,1208 736,1208 767,1200 809,1200 841,1201 989,1201 1014,1202 1193,1202 1224,1210 1284,1210 1310,1206 1464,1206 1490,1207 1534,1207 1534,1241 1490,1241 1464,1251 1310,1251 1284,1240 1224,1240 1193,1248 1014,1248 989,1245 841,1245 809,1234 767,1234 736,1232 678,1232 647,1231 610,1231 577,1239 395,1239 371,1235 252,1235 252,1191"/>
<Baseline points="252,1235 371,1235 395,1239 577,1239 610,1231 647,1231 678,1232 736,1232 767,1234 809,1234 841,1245 989,1245 1014,1248 1193,1248 1224,1240 1284,1240 1310,1251 1464,1251 1490,1241 1534,1241"/>
<TextEquiv><Unicode>Geſtalt gewonnen, da nur bei einzelnen Verbrechen und Vergehen        die</Unicode></TextEquiv>
</TextLine>

<TextLine id="line_19">
<Coords points="247,1246 436,1246 473,1250 650,1250 682,1252 841,1252 877,1255 1044,1255 1075,1258 1106,1258 1134,1258 1276,1258 1305,1261 1429,1261 1468,1264 1530,1264 1530,1296 1468,1296 1429,1303 1305,1303 1276,1304 1134,1304 1106,1293 1075,1293 1044,1301 877,1301 841,1296 682,1296 650,1287 473,1287 436,1294 247,1294 247,1246"/>
<Baseline points="247,1294 436,1294 473,1287 650,1287 682,1296 841,1296 877,1301 1044,1301 1075,1293 1106,1293 1134,1304 1276,1304 1305,1303 1429,1303 1468,1296 1530,1296"/>
<TextEquiv><Unicode>Feſtſtellung mildernder Umſtände überhaupt in        Betracht kommt, und</Unicode></TextEquiv>
</TextLine>

<TextLine id="line_20">
<Coords points="248,1302 310,1302 334,1302 431,1302 456,1306 568,1306 596,1309 650,1309 675,1307 910,1307 935,1312 1006,1312 1032,1313 1107,1313 1131,1314 1325,1314 1350,1319 1532,1319 1532,1363 1350,1363 1325,1361 1131,1361 1107,1357 1032,1357 1006,1356 935,1356 910,1352 675,1352 650,1341 596,1341 568,1348 456,1348 431,1348 334,1348 310,1347 248,1347 248,1302"/>
<Baseline points="248,1347 310,1347 334,1348 431,1348 456,1348 568,1348 596,1341 650,1341 675,1352 910,1352 935,1356 1006,1356 1032,1357 1107,1357 1131,1361 1325,1361 1350,1363 1532,1363"/>
<TextEquiv><Unicode>eine Frage darauf den Geſchworenen auch nicht nothwendig        vorzulegen</Unicode></TextEquiv>
</TextLine>

<TextLine id="line_21">
<Coords points="246,1357 290,1357 305,1356 348,1356 393,1357 502,1357 541,1362 749,1362 785,1367 909,1367 947,1366 978,1366 1014,1369 1060,1369 1095,1368 1298,1368 1334,1373 1382,1373 1406,1372 1530,1372 1530,1416 1406,1416 1382,1406 1334,1406 1298,1411 1095,1411 1060,1402 1014,1402 978,1401 947,1401 909,1401 785,1401 749,1408 541,1408 502,1403 393,1403 348,1399 305,1399 290,1401 246,1401 246,1357"/>
<Baseline points="246,1401 290,1401 305,1399 348,1399 393,1403 502,1403 541,1408 749,1408 785,1401 909,1401 947,1401 978,1401 1014,1402 1060,1402 1095,1411 1298,1411 1334,1406 1382,1406 1406,1416 1530,1416"/>
<TextEquiv><Unicode>iſt. . Nichts        deſtoweniger wurden in der Kommiſſion der        zweiten</Unicode></TextEquiv>
</TextLine>

<TextLine id="line_22">
<Coords points="244,1412 396,1412 422,1421 470,1421 497,1414 584,1414 609,1416 800,1416 826,1420 998,1420 1018,1424 1077,1424 1099,1424 1252,1424 1272,1426 1392,1426 1404,1428 1529,1428 1529,1462 1404,1462 1392,1461 1272,1461 1252,1469 1099,1469 1077,1457 1018,1457 998,1459 826,1459 800,1461 609,1461 584,1456 497,1456 470,1449 422,1449 396,1455 244,1455 244,1412"/>
<Baseline points="244,1455 396,1455 422,1449 470,1449 497,1456 584,1456 609,1461 800,1461 826,1459 998,1459 1018,1457 1077,1457 1099,1469 1252,1469 1272,1461 1392,1461 1404,1462 1529,1462"/>
<TextEquiv><Unicode>Kammer, wo dieſer Gegenſtand wiederholt und gründlich        erörtert worden</Unicode></TextEquiv>
</TextLine>

<TextLine id="line_23">
<Coords points="244,1467 287,1467 313,1468 432,1468 455,1468 610,1468 636,1473 708,1473 735,1484 825,1484 851,1475 921,1475 947,1476 1122,1476 1146,1478 1333,1478 1360,1481 1436,1481 1463,1481 1532,1481 1532,1515 1463,1515 1436,1523 1360,1523 1333,1524 1146,1524 1122,1520 947,1520 921,1518 851,1518 825,1518 735,1518 708,1516 636,1516 610,1505 455,1505 432,1512 313,1512 287,1511 244,1511 244,1467"/>
<Baseline points="244,1511 287,1511 313,1512 432,1512 455,1505 610,1505 636,1516 708,1516 735,1518 825,1518 851,1518 921,1518 947,1520 1122,1520 1146,1524 1333,1524 1360,1523 1436,1523 1463,1515 1532,1515"/>
<TextEquiv><Unicode>iſt, manche Bedenken auch gegen dieſe        beſchränkte Auffaſſung laut, aber</Unicode></TextEquiv>
</TextLine>

<TextLine id="line_24">
<Coords points="242,1532 315,1532 351,1523 511,1523 545,1524 596,1524 630,1527 698,1527 729,1530 826,1530 857,1529 888,1529 919,1534 966,1534 996,1531 1130,1531 1167,1535 1225,1535 1257,1536 1305,1536 1329,1535 1530,1535 1530,1580 1329,1580 1305,1568 1257,1568 1225,1577 1167,1577 1130,1576 996,1576 966,1564 919,1564 888,1564 857,1564 826,1571 729,1571 698,1570 630,1570 596,1569 545,1569 511,1568 351,1568 315,1557 242,1557 242,1532"/>
<Baseline points="242,1557 315,1557 351,1568 511,1568 545,1569 596,1569 630,1570 698,1570 729,1571 826,1571 857,1564 888,1564 919,1564 966,1564 996,1576 1130,1576 1167,1577 1225,1577 1257,1568 1305,1568 1329,1580 1530,1580"/>
<TextEquiv><Unicode>man vereinigte        ſich doch zuletzt in der Anſicht, daß der wohlthätige</Unicode></TextEquiv>
</TextLine>

<TextLine id="line_25">
<Coords points="239,1575 313,1575 316,1577 410,1577 436,1577 637,1577 668,1580 720,1580 752,1593 809,1593 834,1584 866,1584 890,1586 937,1586 961,1593 1025,1593 1047,1589 1095,1589 1120,1587 1401,1587 1424,1598 1530,1598 1530,1634 1424,1634 1401,1633 1120,1633 1095,1620 1047,1620 1025,1619 961,1619 937,1618 890,1618 866,1618 834,1618 809,1617 752,1617 720,1626 668,1626 637,1625 436,1625 410,1611 316,1611 313,1618 239,1618 239,1575"/>
<Baseline points="239,1618 313,1618 316,1611 410,1611 436,1625 637,1625 668,1626 720,1626 752,1617 809,1617 834,1618 866,1618 890,1618 937,1618 961,1619 1025,1619 1047,1620 1095,1620 1120,1633 1401,1633 1424,1634 1530,1634"/>
<TextEquiv><Unicode>Zweck der        Einrichtung ſich nur in der von der Staatsregierung        vorge-</Unicode></TextEquiv>
</TextLine>

<TextLine id="line_26">
<Coords points="239,1630 414,1630 444,1632 542,1632 574,1635 715,1635 747,1638 832,1638 867,1640 928,1640 961,1639 1053,1639 1083,1650 1141,1650 1172,1643 1258,1643 1290,1643 1352,1643 1384,1654 1530,1654 1530,1688 1384,1688 1352,1677 1290,1677 1258,1686 1172,1686 1141,1675 1083,1675 1053,1683 961,1683 928,1673 867,1673 832,1680 747,1680 715,1679 574,1679 542,1676 444,1676 414,1677 239,1677 239,1630"/>
<Baseline points="239,1677 414,1677 444,1676 542,1676 574,1679 715,1679 747,1680 832,1680 867,1673 928,1673 961,1683 1053,1683 1083,1675 1141,1675 1172,1686 1258,1686 1290,1677 1352,1677 1384,1688 1530,1688"/>
<TextEquiv><Unicode>ſchlagenen Weiſe erreichen laſſe, und        ſuchte nur durch eine genauere</Unicode></TextEquiv>
</TextLine>

<TextLine id="line_27">
<Coords points="239,1685 373,1685 405,1687 449,1687 480,1689 640,1689 671,1690 789,1690 816,1693 956,1693 982,1696 1029,1696 1053,1695 1194,1695 1218,1697 1266,1697 1291,1696 1527,1696 1527,1742 1291,1742 1266,1731 1218,1731 1194,1740 1053,1740 1029,1729 982,1729 956,1738 816,1738 789,1737 671,1737 640,1732 480,1732 449,1722 405,1722 373,1731 239,1731 239,1685"/>
<Baseline points="239,1731 373,1731 405,1722 449,1722 480,1732 640,1732 671,1737 789,1737 816,1738 956,1738 982,1729 1029,1729 1053,1740 1194,1740 1218,1731 1266,1731 1291,1742 1527,1742"/>
<TextEquiv><Unicode>Faſſung die        beſtimmte Grenze zwiſchen der Aufgabe der        Geſchworenen</Unicode></TextEquiv>
</TextLine>

<TextLine id="line_28">
<Coords points="238,1742 301,1742 328,1743 376,1743 399,1741 519,1741 544,1746 726,1746 752,1749 813,1749 839,1748 911,1748 937,1749 982,1749 1007,1751 1060,1751 1085,1749 1241,1749 1267,1752 1326,1752 1352,1752 1472,1752 1494,1763 1530,1763 1530,1798 1494,1798 1472,1798 1352,1798 1326,1786 1267,1786 1241,1794 1085,1794 1060,1784 1007,1784 982,1783 937,1783 911,1792 839,1792 813,1781 752,1781 726,1789 544,1789 519,1785 399,1785 376,1776 328,1776 301,1775 238,1775 238,1742"/>
<Baseline points="238,1775 301,1775 328,1776 376,1776 399,1785 519,1785 544,1789 726,1789 752,1781 813,1781 839,1792 911,1792 937,1783 982,1783 1007,1784 1060,1784 1085,1794 1241,1794 1267,1786 1326,1786 1352,1798 1472,1798 1494,1798 1530,1798"/>
<TextEquiv><Unicode>und der Richter anzugeben, und auch bei den Vergehen das Gericht        zu</Unicode></TextEquiv>
</TextLine>

<TextLine id="line_29">
<Coords points="239,1795 333,1795 357,1796 597,1796 621,1799 770,1799 795,1801 867,1801 898,1805 955,1805 981,1802 1228,1802 1254,1805 1433,1805 1457,1807 1530,1807 1530,1842 1457,1842 1433,1841 1254,1841 1228,1847 981,1847 955,1837 898,1837 867,1836 795,1836 770,1844 621,1844 597,1842 357,1842 333,1831 239,1831 239,1795"/>
<Baseline points="239,1831 333,1831 357,1842 597,1842 621,1844 770,1844 795,1836 867,1836 898,1837 955,1837 981,1847 1228,1847 1254,1841 1433,1841 1457,1842 1530,1842"/>
<TextEquiv><Unicode>einem ausdrücklichen Beſchluß über das Vorhandenſein mildernder         Um-</Unicode></TextEquiv>
</TextLine>

</TextRegion>
<TextRegion id="block_1" custom="structure {type:pageNum;}">
<Coords points="257,122 257,156 299,156 299,122 257,122"/>
<TextLine id="line_30">
<Coords points="257,122 299,122 299,156 257,156 257,122"/>
<Baseline points="257,156 299,156"/>
<TextEquiv><Unicode>32</Unicode></TextEquiv>
</TextLine>

</TextRegion>
<TextRegion id="block_2" custom="structure {type:header;}">
<Coords points="528,124 528,175 1275,175 1275,124 528,124"/>
<TextLine id="line_31">
<Coords points="528,124 807,124 851,130 1025,130 1048,131 1275,131 1275,175 1048,175 1025,169 851,169 807,167 528,167 528,124"/>
<Baseline points="528,167 807,167 851,169 1025,169 1048,175 1275,175"/>
<TextEquiv><Unicode>Zweites Kapitel. Allgemeine Erörterungen.</Unicode></TextEquiv>
</TextLine>

</TextRegion>
<TextRegion id="block_3" custom="structure {type:note;}">
<Coords points="370,1953 370,1996 370,1990 238,1990 238,2035 237,2029 237,2080 235,2066 235,2109 238,2104 238,2145 238,2141 238,2192 236,2180 236,2225 238,2216 238,2262 240,2253 240,2291 240,2292 364,2292 364,2336 364,2329 238,2329 238,2373 233,2367 233,2409 233,2405 367,2405 367,2444 1285,2444 1285,2405 1209,2405 1209,2409 1209,2367 1526,2367 1526,2373 1526,2329 1525,2336 1525,2292 936,2292 936,2291 936,2253 1524,2253 1524,2262 1524,2216 1523,2225 1523,2180 1525,2192 1525,2141 1526,2145 1526,2104 1526,2109 1526,2066 1527,2080 1527,2029 1525,2035 1525,1990 1527,1996 1527,1953 370,1953"/>
<TextLine id="line_32">
<Coords points="370,1953 465,1953 486,1954 693,1954 716,1955 809,1955 830,1960 884,1960 907,1957 970,1957 991,1957 1057,1957 1073,1958 1110,1958 1126,1958 1140,1958 1153,1959 1235,1959 1254,1959 1353,1959 1374,1962 1419,1962 1440,1965 1527,1965 1527,1990 1440,1990 1419,1989 1374,1989 1353,1996 1254,1996 1235,1994 1153,1994 1140,1984 1126,1984 1110,1985 1073,1985 1057,1992 991,1992 970,1984 907,1984 884,1984 830,1984 809,1982 716,1982 693,1982 486,1982 465,1981 370,1981 370,1953"/>
<Baseline points="370,1981 465,1981 486,1982 693,1982 716,1982 809,1982 830,1984 884,1984 907,1984 970,1984 991,1992 1057,1992 1073,1985 1110,1985 1126,1984 1140,1984 1153,1994 1235,1994 1254,1996 1353,1996 1374,1989 1419,1989 1440,1990 1527,1990"/>
<TextEquiv><Unicode>Code d&#39;instruct. crim. art. 341. (Loi du 9 Sept. 1835.) En toute</Unicode></TextEquiv>
</TextLine>

<TextLine id="line_33">
<Coords points="238,1990 360,1990 376,1991 548,1991 567,1991 659,1991 675,2002 709,2002 725,2001 772,2001 793,1994 829,1994 845,1995 983,1995 1005,1997 1032,1997 1051,1995 1217,1995 1239,1997 1326,1997 1346,1999 1429,1999 1449,1999 1525,1999 1525,2035 1449,2035 1429,2026 1346,2026 1326,2033 1239,2033 1217,2031 1051,2031 1032,2022 1005,2022 983,2029 845,2029 829,2020 793,2020 772,2020 725,2020 709,2020 675,2020 659,2020 567,2020 548,2025 376,2025 360,2018 238,2018 238,1990"/>
<Baseline points="238,2018 360,2018 376,2025 548,2025 567,2020 659,2020 675,2020 709,2020 725,2020 772,2020 793,2020 829,2020 845,2029 983,2029 1005,2022 1032,2022 1051,2031 1217,2031 1239,2033 1326,2033 1346,2026 1429,2026 1449,2035 1525,2035"/>
<TextEquiv><Unicode>matière criminelle, même en cas de recidive, le président,          après avoir posé</Unicode></TextEquiv>
</TextLine>

<TextLine id="line_34">
<Coords points="237,2030 282,2030 304,2029 457,2029 485,2029 628,2029 654,2031 688,2031 717,2031 802,2031 830,2032 1030,2032 1060,2036 1090,2036 1110,2034 1162,2034 1172,2033 1316,2033 1347,2037 1479,2037 1498,2039 1527,2039 1527,2065 1498,2065 1479,2080 1347,2080 1316,2077 1172,2077 1162,2061 1110,2061 1090,2061 1060,2061 1030,2061 830,2061 802,2059 717,2059 688,2058 654,2058 628,2058 485,2058 457,2065 304,2065 282,2056 237,2056 237,2030"/>
<Baseline points="237,2056 282,2056 304,2065 457,2065 485,2058 628,2058 654,2058 688,2058 717,2059 802,2059 830,2061 1030,2061 1060,2061 1090,2061 1110,2061 1162,2061 1172,2077 1316,2077 1347,2080 1479,2080 1498,2065 1527,2065"/>
<TextEquiv><Unicode>les questions résultant de l&#39;acte          d&#39;accusation et des débats, avertira le</Unicode></TextEquiv>
</TextLine>

<TextLine id="line_35">
<Coords points="235,2066 319,2066 346,2066 363,2066 384,2067 469,2067 492,2068 528,2068 549,2068 670,2068 692,2078 763,2078 789,2069 835,2069 855,2080 961,2080 989,2070 1006,2070 1025,2072 1054,2072 1074,2071 1231,2071 1261,2074 1334,2074 1354,2079 1470,2079 1492,2084 1526,2084 1526,2103 1492,2103 1470,2109 1354,2109 1334,2109 1261,2109 1231,2105 1074,2105 1054,2098 1025,2098 1006,2097 989,2097 961,2106 855,2106 835,2096 789,2096 763,2105 692,2105 670,2103 549,2103 528,2094 492,2094 469,2102 384,2102 363,2093 346,2093 319,2101 235,2101 235,2066"/>
<Baseline points="235,2101 319,2101 346,2093 363,2093 384,2102 469,2102 492,2094 528,2094 549,2103 670,2103 692,2105 763,2105 789,2096 835,2096 855,2106 961,2106 989,2097 1006,2097 1025,2098 1054,2098 1074,2105 1231,2105 1261,2109 1334,2109 1354,2109 1470,2109 1492,2103 1526,2103"/>
<TextEquiv><Unicode>jury, à peine de          nullité, que, s&#39;il pense, à la majorité, qu&#39;il existe,          en</Unicode></TextEquiv>
</TextLine>

<TextLine id="line_36">
<Coords points="238,2104 340,2104 353,2105 423,2105 438,2114 476,2114 491,2106 528,2106 550,2106 697,2106 718,2106 838,2106 865,2117 1006,2117 1028,2110 1204,2110 1228,2110 1280,2110 1303,2111 1526,2111 1526,2141 1303,2141 1280,2138 1228,2138 1204,2145 1028,2145 1006,2135 865,2135 838,2134 718,2134 697,2141 550,2141 528,2132 491,2132 476,2132 438,2132 423,2131 353,2131 340,2132 238,2132 238,2104"/>
<Baseline points="238,2132 340,2132 353,2131 423,2131 438,2132 476,2132 491,2132 528,2132 550,2141 697,2141 718,2134 838,2134 865,2135 1006,2135 1028,2145 1204,2145 1228,2138 1280,2138 1303,2141 1526,2141"/>
<TextEquiv><Unicode>faveur d&#39;un ou de plusieurs accusés reconnus coupables, des          circonstances</Unicode></TextEquiv>
</TextLine>

<TextLine id="line_37">
<Coords points="238,2141 435,2141 456,2142 479,2142 498,2143 590,2143 609,2153 645,2153 665,2145 740,2145 760,2146 788,2146 808,2144 984,2144 1005,2155 1039,2155 1060,2155 1108,2155 1130,2150 1256,2150 1284,2149 1308,2149 1329,2151 1358,2151 1379,2150 1525,2150 1525,2192 1379,2192 1358,2177 1329,2177 1308,2176 1284,2176 1256,2175 1130,2175 1108,2174 1060,2174 1039,2173 1005,2173 984,2174 808,2174 788,2171 760,2171 740,2171 665,2171 645,2171 609,2171 590,2171 498,2171 479,2169 456,2169 435,2175 238,2175 238,2141"/>
<Baseline points="238,2175 435,2175 456,2169 479,2169 498,2171 590,2171 609,2171 645,2171 665,2171 740,2171 760,2171 788,2171 808,2174 984,2174 1005,2173 1039,2173 1060,2174 1108,2174 1130,2175 1256,2175 1284,2176 1308,2176 1329,2177 1358,2177 1379,2192 1525,2192"/>
<TextEquiv><Unicode>atténuantes, il devra en faire la déclaration en          ces termes: A la majorité,</Unicode></TextEquiv>
</TextLine>

<TextLine id="line_38">
<Coords points="236,2180 260,2180 278,2189 296,2189 315,2188 332,2188 352,2181 403,2181 424,2180 641,2180 662,2181 848,2181 869,2193 904,2193 922,2184 1022,2184 1041,2185 1077,2185 1098,2186 1149,2186 1159,2185 1282,2185 1304,2203 1340,2203 1360,2187 1423,2187 1442,2188 1523,2188 1523,2224 1442,2224 1423,2216 1360,2216 1340,2207 1304,2207 1282,2213 1159,2213 1149,2225 1098,2225 1077,2212 1041,2212 1022,2212 922,2212 904,2211 869,2211 848,2210 662,2210 641,2209 424,2209 403,2207 352,2207 332,2207 315,2207 296,2214 278,2214 260,2208 236,2208 236,2180"/>
<Baseline points="236,2208 260,2208 278,2214 296,2214 315,2207 332,2207 352,2207 403,2207 424,2209 641,2209 662,2210 848,2210 869,2211 904,2211 922,2212 1022,2212 1041,2212 1077,2212 1098,2225 1149,2225 1159,2213 1282,2213 1304,2207 1340,2207 1360,2216 1423,2216 1442,2224 1523,2224"/>
<TextEquiv><Unicode>il y a des circonstances atténuantes          en faveur de tel accusé. — Das Geſetz</Unicode></TextEquiv>
</TextLine>

<TextLine id="line_39">
<Coords points="238,2224 296,2224 315,2219 359,2219 382,2216 455,2216 481,2220 562,2220 585,2219 687,2219 709,2220 748,2220 769,2219 903,2219 922,2221 1044,2221 1067,2221 1209,2221 1232,2224 1291,2224 1314,2225 1446,2225 1466,2225 1524,2225 1524,2259 1466,2259 1446,2262 1314,2262 1291,2257 1232,2257 1209,2258 1067,2258 1044,2258 922,2258 903,2258 769,2258 748,2247 709,2247 687,2253 585,2253 562,2249 481,2249 455,2248 382,2248 359,2244 315,2244 296,2245 238,2245 238,2224"/>
<Baseline points="238,2245 296,2245 315,2244 359,2244 382,2248 455,2248 481,2249 562,2249 585,2253 687,2253 709,2247 748,2247 769,2258 903,2258 922,2258 1044,2258 1067,2258 1209,2258 1232,2257 1291,2257 1314,2262 1446,2262 1466,2259 1524,2259"/>
<TextEquiv><Unicode>vom 28.         April 1832, welches die Neuerung eigentlich eingeführt hat, verlangte noch</Unicode></TextEquiv>
</TextLine>

<TextLine id="line_40">
<Coords points="240,2255 293,2255 313,2253 453,2253 473,2262 525,2262 545,2257 612,2257 633,2257 673,2257 696,2256 774,2256 796,2257 936,2257 936,2286 796,2286 774,2286 696,2286 673,2284 633,2284 612,2291 545,2291 525,2283 473,2283 453,2291 313,2291 293,2283 240,2283 240,2255"/>
<Baseline points="240,2283 293,2283 313,2291 453,2291 473,2283 525,2283 545,2291 612,2291 633,2284 673,2284 696,2286 774,2286 796,2286 936,2286"/>
<TextEquiv><Unicode>eine Majorität von mehr als ſieben Stimmen.</Unicode></TextEquiv>
</TextLine>

<TextLine id="line_41">
<Coords points="364,2292 444,2292 462,2293 501,2293 522,2293 687,2293 707,2293 782,2293 802,2294 937,2294 961,2294 1008,2294 1027,2296 1065,2296 1086,2296 1349,2296 1378,2301 1525,2301 1525,2336 1378,2336 1349,2336 1086,2336 1065,2324 1027,2324 1008,2331 961,2331 937,2332 802,2332 782,2335 707,2335 687,2335 522,2335 501,2321 462,2321 444,2320 364,2320 364,2292"/>
<Baseline points="364,2320 444,2320 462,2321 501,2321 522,2335 687,2335 707,2335 782,2335 802,2332 937,2332 961,2331 1008,2331 1027,2324 1065,2324 1086,2336 1349,2336 1378,2336 1525,2336"/>
<TextEquiv><Unicode>Ueber die Einwirkung dieſer Neuerung auf die Strafrechtspflege, namentlich</Unicode></TextEquiv>
</TextLine>

<TextLine id="line_42">
<Coords points="238,2330 266,2330 290,2329 436,2329 461,2329 508,2329 529,2333 574,2333 604,2331 728,2331 763,2338 780,2338 811,2334 871,2334 902,2334 1096,2334 1128,2339 1164,2339 1191,2336 1309,2336 1345,2339 1526,2339 1526,2373 1345,2373 1309,2365 1191,2365 1164,2363 1128,2363 1096,2362 902,2362 871,2361 811,2361 780,2367 763,2367 728,2365 604,2365 574,2358 529,2358 508,2363 461,2363 436,2367 290,2367 266,2358 238,2358 238,2330"/>
<Baseline points="238,2358 266,2358 290,2367 436,2367 461,2363 508,2363 529,2358 574,2358 604,2365 728,2365 763,2367 780,2367 811,2361 871,2361 902,2362 1096,2362 1128,2363 1164,2363 1191,2365 1309,2365 1345,2373 1526,2373"/>
<TextEquiv><Unicode>in Beziehung auf den Rückfall, ſ. Ad.           Chauveau et Hélie Fauſtin,</Unicode></TextEquiv>
</TextLine>

<TextLine id="line_43">
<Coords points="233,2367 355,2367 375,2369 415,2369 437,2368 519,2368 538,2368 626,2368 648,2370 818,2370 840,2371 991,2371 1012,2373 1032,2373 1055,2373 1139,2373 1158,2374 1209,2374 1209,2401 1158,2401 1139,2409 1055,2409 1032,2400 1012,2400 991,2407 840,2407 818,2405 648,2405 626,2405 538,2405 519,2397 437,2397 415,2396 375,2396 355,2397 233,2397 233,2367"/>
<Baseline points="233,2397 355,2397 375,2396 415,2396 437,2397 519,2397 538,2405 626,2405 648,2405 818,2405 840,2407 991,2407 1012,2400 1032,2400 1055,2409 1139,2409 1158,2401 1209,2401"/>
<TextEquiv><Unicode>théorie du Code          pénal (Bruxelles 1837). T. I. chap. IX.</Unicode></TextEquiv>
</TextLine>

<TextLine id="line_44">
<Coords points="367,2405 702,2405 723,2411 859,2411 880,2408 976,2408 999,2411 1079,2411 1100,2410 1157,2410 1178,2413 1285,2413 1285,2443 1178,2443 1157,2439 1100,2439 1079,2439 999,2439 976,2443 880,2443 859,2437 723,2437 702,2444 367,2444 367,2405"/>
<Baseline points="367,2444 702,2444 723,2437 859,2437 880,2443 976,2443 999,2439 1079,2439 1100,2439 1157,2439 1178,2443 1285,2443"/>
<TextEquiv><Unicode>Einführungsgeſetz vom 14. April 1851. Art. XXIV.</Unicode></TextEquiv>
</TextLine>

</TextRegion>
</Page>
</PcGts>