1600 2647
44 204 1364 267 macht ſich das         Bedürfniß geltend, die Kompetenz der Vierteljahrs-Siz-
134 293 1363 367 Die Zweckmäßigkeit der Dreitheilung für die         Kompetenzbeſtim-
46 372 1364 425 mung wird nun auch von ſolchen anerkannt, welche         ihre Nothwen-
47 427 1365 480 digkeit in Abrede ſtellen.          Daß man ſich für die Schwurgerichte ohne
47 482 1366 534 ſie behelfen kann, hat allerdings, wenn man ſonſt noch daran         zweifeln
48 536 1366 588 ſollte, die neuere Preußiſche Geſetzgebung         gezeigt;  aber wie ſehr         die
50 592 1368 645 Rechtsſicherheit gewinnt, wenn ſchon das materielle Strafrecht         auf die
53 647 1369 700 Gerichtsverfaſſung und das gerichtliche Verfahren         Rückſicht nimmt, wird
54 703 1367 755 die nächſte Zukunft bei uns zeigen. Für         manche Verhältniſſe iſt es
52 757 1368 810 außerdem noch von         beſonderer Wichtigkeit, daß der ſtrafrechtliche Cha-
49 813 1366 865 rakter der         Handlungen, welche unter Verfolgung geſtellt ſind, durch         das
47 870 1261 920 rechtskräftige Urtheil, welches die Strafe auferlegt, beſtimmt wird.
138 923 1369 975 Nach dieſer allgemeinen Erörterung über den Werth und die Be-
51 979 1370 1031 deutung der         Dreitheilung können die einzelnen Punkte, welche dabei noch
53 1038 1078 1086 beſonders zu         erwägen ſind, in Betracht gezogen werden.
145 1109 1370 1157 I. Das Strafmaaß, nach welchem ſich die Unterſcheidung         der
55 1164 1370 1214 Verbrechen, Vergehen und Uebertretungen richtet, iſt im         Strafgeſetzbuch
54 1220 1372 1269 abweichend von den Beſtimmungen des         Rheiniſchen Rechts und der
53 1273 1372 1325 Verordnung vom 3. Jan. 1849.         feſtgeſtellt worden. Doch iſt dieſe         Ver-
52 1330 1372 1379 ſchiedenheit hinſichtlich der Verbrechen im Grunde nur eine ſcheinbare
53 1384 1373 1433 und auf keinen Fall         ſo weſentlich, wie es auf den erſten Blick den         An-
53 1439 1371 1491 ſchein hat. Zwangsarbeit und Rekluſion, welche der Code pénal als zwei
55 1495 1373 1546 Arten der entehrenden Strafen         auseinander hält, fallen in der Wirklichkeit
56 1551 1373 1600 doch bei uns zuſammen, da         ſie in denſelben Strafanſtalten         vollſtreckt
56 1606 1374 1654 werden, und das Minimum der Zuchthausſtrafe von zwei         Jahren, wel-
60 1661 1375 1710 ches das Strafgeſetzbuch im Gegenſatz zu dem von fünf         Jahren im
59 1715 1377 1766 Rheiniſchen Recht, angenommen hat, ſtellt         ſich weſentlich nur als eine
58 1770 1375 1821 Milderung dar, da im Allgemeinen         dieſelben Handlungen mit der Zucht-
59 1826 1374 1877 hausſtrafe belegt         ſind, welche das Rheiniſche Recht mit Zwangsarbeit         und
59 1881 1375 1930 Rekluſion bedroht.          — In Beziehung auf die Verordnung vom 3. Jan.
62 1938 1375 1985 1849. §. 60. welche diejenigen         Verbrechen, die mit einer härteren als
57 1992 1376 2043 dreijährigen Freiheitsſtrafe bedroht         ſind, vor die Geſchworenen verweiſt,
477 100 915 163 §. 1. Die Dreitheilung.
1311 120 1361 156 63
192 2166 1375 2206 (Ruppenthal) Bemerkungen über den Entwurf des          Preußiſchen Strafge-
58 2207 613 2254 ſetzbuchs (Heidelberg 1843). S. 16.
132 2243 1377 2281 V. O. vom 3. Jan. 1849. §. 27.          38. 60. — Einführungsgeſetz vom
63 2270 557 2317 14.          April 1851. Art. VIII. IX.
185 2319 1376 2364 Eine ſolche Bedeutung wie im          Franzöſiſchen Recht, namentlich in Beziehung
62 2358 1374 2404 auf die          Beſtrafung des Rückfalls, hat dieſes Moment bei uns allerdings nicht; ſ.
61 2389 559 2435 Chauveau I. c. chap. II. in f.
183 2408 1118 2473 Kommiſſionsbericht der zweiten Kammer, zu §. 1.
