1600 2647
243 122 1266 167 Einleitung. Erſtes Kap. Entſtehung des         Strafgeſetzbuchs.
103 209 1401 261 beiden Juſtizminiſter v. Kamptz und Mühler in einem        gemeinſchaft-
102 264 1400 314 lichen Bericht an den König vor, daß eine beſondere        Kommiſſion aus
104 320 1402 370 den beiden Juſtizminiſtern,        dem Miniſter des Innern und mehreren
100 374 1402 424 Mitgliedern des Staatsraths gebildet        werde, welche den Entwurf von
104 430 1403 478 1836 zu prüfen und feſtzuſtellen        habe. Dieſe Immediat-Kommiſſion
100 484 1403 534 ſolle die        Funktionen des Staatsminiſteriums, der Staatsraths-Abthei-
101 538 1421 587 lungen und der        Faſſungs-Kommiſſion in ſich        vereinigen; dem Staats-
100 594 1406 643 miniſterium bleibe es vorbehalten, über einzelne        Punkte ausnahmsweiſe
101 648 1404 696 zu berathen; die Arbeit der        Kommiſſion aber ſei an das Plenum des
101 702 1402 753 Staatsraths zu        bringen, jedoch nur, damit in demſelben über allgemeine,
98 757 1402 808 von der        Kommiſſion beſonders zu bezeichnende Grundſätze        verhandelt
101 807 1402 858 werde.  — Dieſer        Vorſchlag erhielt unter dem 4. Febr. 1838 die
99 866 1402 918 Genehmigung des Königs, und es        wurden zugleich die Mitglieder der
99 920 657 964 Immediat-Kommiſſion ernannt.
189 975 1402 1027 Die Kommiſſion begann am 6. März 1838 ihre Berathungen über
99 1030 1403 1074 den        vorgelegten Entwurf und beendete ſie am 10. Dec. 1842. Den
98 1083 1404 1137 Vorſitz        führte der Präſident des Staatsraths, Freih. v. Müffling;
97 1137 1404 1190 Referent war Anfangs der Geh. Ober-Reviſionsrath Jähnigen, ſeit
99 1192 1402 1243 der 15. Sitzung aber der Landgerichtsrath         Biſchoff. Die über die
98 1246 1382 1298 Verhandlungen aufgenommenen        Protokolle ſind gedruckt unter dem Titel:
232 1302 1402 1353 Berathungs-Protokolle der zur Reviſion des Strafrechts         ernann-
235 1356 1402 1400 ten Commiſſion des Staatsraths. Berlin 1839-42. 3         Bände
97 1464 1402 1517 Das geſammte, für die legislative Bearbeitung beſtimmte Material        iſt
98 1519 1400 1573 hier einer umſichtigen, gründlichen, ins Einzelne genau        eingehenden Prü-
98 1573 1400 1627 fung unterzogen worden. Die von v. Kamptz in dem        Entwurf vor-
99 1628 1402 1682 genommenen Abänderungen, wurden faſt durchweg im Sinne einer        freie-
97 1683 1403 1736 ren und geſunderen Jurisprudenz beſeitigt; die        Leiſtungen der Kommiſ-
98 1736 1403 1791 ſion namentlich für die        Aufſtellung ſchärferer Begriffsbeſtimmungen, für
99 1791 1384 1845 die        größere Genauigkeit des Ausdruckes ſind jeder Anerkennung werth.
189 1845 1398 1900 Die Arbeiten der Kommiſſion wurden ſtückweiſe,        ſowie einzelne Ab-
103 1899 1397 1954 ſchnitte vollendet waren, in den Staatsrath gebracht, der ſich mit
104 124 123 158 8
224 2029 1397 2068 Immediat-Bericht der         beiden Juſtizminiſter vom 7. Nov. 1837 im Aus-
114 2068 1397 2110 zuge in der         Reviſion des Entwurfs des Strafgeſetzbuchs von 1843. Band I.         (Ber-
102 2075 734 2143 lin, 1845.) Beilage I. S. VIII. u. IX.
227 2142 1396 2182 K.-O. v. 4. Febr. 1838 an den Staatsrath a. a. O. Beil. III. S.         XI.
100 2180 1395 2221 — Dieſe Mitglieder waren außer den beiden         Juſtizminiſtern und dem Miniſter des
100 2217 1394 2261 Innern und der         Polizei der General v. Müffling, der wirkl. Geh. Rath Sethe,
101 2256 1396 2299 der wirkl. Geh. Ober-Regierungsrath Köhler, der wirkl. Geh. Legationsrath Eich-
22 2271 1397 2335 horn, der         Geh. Ober-Juſtizrath Düesberg, der         Regierungs-Präſident Graf v. Ar-
96 2362 1400 2413 wirkl. Geh. Ober-Juſtizrath Ruppenthal, der         Juſtizminiſter v. Savigny, der
82 2404 1371 2448 Geh.         Ober-Finanzrath Bornemann.
