1600 2647
152 213 1366 261 II. Wenn aber auch ein Verſuch nicht beſtraft wird, ſo          lange er
64 269 1367 318 ſich nur in vorbereitenden Handlungen offenbart hat, ſo          werden dieſe
65 325 1365 372 doch natürlich, inſofern ſie an          ſich ſchon ein Strafgeſetz verletzen,          nach
66 380 1369 428 deſſen Beſtimmungen          ſelbſtändig geahndet; z. B. jemand ſchafft ſich          ver-
65 434 1369 482 botene Waffen an (§. 345. Nr. 7.), indem er mit dem Plane          umgeht,
66 489 1368 538 ſich ihrer gegen einen Feind zu bedienen. Die allgemeine          Vorſchrift des
69 544 1369 592 §. 31. hat aber dann überhaupt keine Geltung wenn in dem          Geſetz
71 599 1372 647 durch ausdrückliche Verfügung über ein einzelnes Verbrechen          ſchon die
72 654 1371 703 vorbereitenden Handlungen unter Strafe geſtellt          ſind oder eine Handlung,
73 710 1372 758 die als Vorbereitung gelten könnte, zum          ſelbſtändigen Verbrechen ge-
70 765 1372 812 macht worden iſt.          Erſteres iſt namentlich bei dem Hochverrath der Fall
69 821 1372 868 (§. 63-66.),            letzters bei der Münzfälſchung,          zu deren Thatbeſtande
69 876 1373 923 die Verbreitung und überhaupt die Benutzung der          falſchen Münze nicht
71 931 1374 980 gehört (§. 121.), ſo wie bei der          Herausforderung zum Zweikampf (§. 164.).
71 987 1375 1033 Dieß weiſt recht          ſchlagend darauf hin, wie nothwendig es iſt, bei          der
75 1042 1376 1089 Entſcheidung der Frage, ob ein ſtrafbarer Verſuch          vorliegt, ſtets auf die
74 1096 1373 1143 Natur des einzelnen Verbrechens oder Vergehens, um          welches es ſich
76 1152 1372 1201 gerade handelt, genau einzugehen; dann wird ſich          auch die, praktiſch
75 1207 1376 1255 nicht eben erhebliche Frage erledigen, ob bei allen          vorſätzlichen Verbrechen
75 1263 698 1309 ein Verſuch überhaupt möglich          ſei.
164 1317 1374 1364 III. Daß es keinen fahrläſſigen Verſuch, keinen          Verſuch einer
72 1373 1377 1422 fahrläſſigen Handlung giebt, wird          allgemein anerkannt; der Satz bedurfte
72 1427 1376 1476 keiner geſetzlichen          Beſtätigung. Von großer Bedeutung iſt dagegen die
73 1483 1375 1531 am Schluß des          Paragraphen aufgeſtellte Beſtimmung, daß der          Verſuch
72 1538 1376 1584 nur dann ſtrafbar iſt, wenn          derſelbe durch äußere, von dem Willen des
74 1594 1378 1642 Thäters unabhängige          Umſtände gehindert worden oder ohne Erfolg ge-
79 1651 265 1695 blieben iſt.
174 1704 1380 1750 a. Die Anſicht freilich, daß das freiwillige          Zurücktreten von der
81 1758 1381 1807 That, auch wenn Handlungen vorliegen, welche einen Anfang der          Aus-
81 1813 1378 1862 führung bereits enthalten, dieſelben ſtraflos machen          ſoll, iſt in der
81 1865 1379 1915 neueren Jurisprudenz, beſonders          ſeit Erlaſſung der Halsgerichtsordnung
82 1923 1382 1972 Karl V.  die überwiegende geworden, und auch in die meiſten           neueren
445 119 1176 169 §. 31. Der ſtrafbare Verſuch.
1299 122 1362 163 141
212 2042 1378 2084 Die Strafgeſetzbücher, welche das Komplott nicht bloß           bei einzelnen Ver-
82 2082 1379 2122 brechen, ſondern überhaupt als           ſelbſtändige Form der Theilnahme behandeln, pflegen
82 2119 1378 2160 ſchon bei dem Verſuch Rückſicht darauf zu nehmen;           ſ. Sächſ. Criminalgeſetzb.
80 2157 1381 2197 Art. 30. — Hannov. Criminalgeſetzb. Art. 59.           — Thüring. Strafgeſetzb.
80 2195 940 2234 Art. 28. Das           Nähere darüber bei dem folgenden Titel.
213 2231 1377 2273 P. G. D. Art. 178. Straff underſtandner miſſethat. Item           ſo ſich
81 2269 1378 2313 jemandt mit etlichen ſcheinlichen werden,           die zu volnbringung der miſſethat dienſtlich
83 2307 1380 2351 ſein mögen, underſteht, und doch an volnbringung            derſelben miſſethat
83 2345 1380 2387 durch andere mittel, wider            ſeinen willen verhindert würde, ſolcher
83 2420 1382 2464 eynem Fall herter dann in dem andern           angeſehen gelegenheit und geſtalt der ſach           —
