1600 2647
58 202 1366 258 in         den Entwurf von 1843. über, nur daß man ſie, um zu vermeiden,
56 258 1366 317 daß nicht         „das auswärtige Strafgeſetz ſtatt des         Preußiſchen zum eigent-
57 312 1366 372 lichen dispoſitiven erhoben         würde,“ in die Form eines geſetzlichen Mil-
57 369 1367 427 derungsgrundes         brachte.  Da nun das         Strafgeſetzbuch nur ſolche von
56 422 1369 477 Ausländern im Auslande begangene         Handlungen beſtrafen läßt, bei
58 477 1396 535 denen jener Milderungsgrund überhaupt nicht         zugelaſſen wurde, ſo recht-
59 532 1367 592 fertigt ſich         ſchon aus dieſem Grunde die Weglaſſung         deſſelben. Aber
62 589 1368 647 auch nach allgemeinen Rechtsgrundſätzen         und dem Vorgange anderer
63 643 1370 701 Geſetzgebungen würde eine ſolche         Beſchränkung der unbedingten Geltung
149 754 1369 807 Die Fälle nun, in denen in Preußen ein im Auslande         began-
59 808 1368 867 genes Verbrechen oder Vergehen verfolgt und beſtraft werden kann,         ſind
60 877 216 922 folgende:
154 921 1372 973 1. Wenn ein Ausländer gegen Preußen eine Handlung began-
66 982 989 1032 gen         hat, welche in dieſem Strafgeſetzbuch entweder
156 1037 783 1084 a. als eine hochverrätheriſche, oder
157 1090 1094 1138 b. als eine Majeſtätsbeleidigung bezeichnet          iſt, oder
158 1148 731 1194 c. ein Münzverbrechen darſtellt.
152 1196 1373 1249 Die umſchreibende Faſſung der unter a und b aufgeführten Fälle
63 1252 1373 1305 iſt deswegen         gewählt worden, weil das Geſetz wohl die Handlung eines
63 1308 1373 1359 Ausländers, welche,         von einem Inländer begangen, Hochverrath oder
61 1361 1373 1414 Majeſtätsbeleidigung         ſein würde, unter Strafe ſtellen kann, es aber doch
64 1416 1374 1470 eine         ſehr ungenaue Ausdrucksweiſe ſein würde, deswegen eine         ſolche
64 1474 1375 1525 Handlung des Ausländers Hochverrath oder         Majeſtätsbeleidigung zu
67 1531 1072 1578 nennen. — Es fallen alſo unter         dieſe Beſtimmung die
214 1587 1307 1625 §§. 61. 62. 63. 64. 65. 66. 72. 73. 74. 75. 121. 122. 124.
68 1637 1376 1690 Dagegen gehört §. 78. nicht         hierher, weil daſelbſt nur ſehr uneigentlich
69 1694 1379 1743 von einer         hochverrätheriſchen Handlung geſprochen wird, und die         ganze
69 1747 1377 1798 Beſtimmung eine ſinguläre iſt, welche auf den         Ausländer ausdrücklich
71 1803 1376 1853 nur für den Fall bezogen wird, wenn er die Handlung während         ſeines
69 1855 1444 1908 Aufenthalts in Preußen vornimmt, während die Handlung, welche         in
70 1914 1354 1963 §. 4. Nr. 1. vorgeſehen iſt, gerade gegen Preußen gerichtet         ſein muß.
156 1968 1379 2017 Im Entwurf von 1847. §. 3. waren übrigens die hier bezeich-
70 2023 1378 2073 neten Handlungen nicht         ſpezialiſirt, ſondern es hieß allgemein: ein
70 2078 1378 2129 Verbrechen         gegen den Preußiſchen Staat. Der vereinigte         ſtändiſche
72 2133 1379 2184 Ausſchuß ſtellte aber den Antrag,         eine Spezialiſirung eintreten zu laſſen,
363 118 1055 165 §§. 3. 4. Anwendung der Strafgeſetze.
1312 117 1364 153 75
200 2271 1379 2312 Entwurf von 1843. §. 117.          — Vgl. Berathungsprotokolle der
76 2314 775 2350 Staatsrathskommiſſion. I. S. 7. 138.
202 2346 1377 2386 S. Code d'instr. crim. art. 5. 6. — Sächſiſches Criminal-
72 2385 1376 2431 geſetzb. Art. 3.          — Württemb. Strafgeſetzb. Art. 4.          — Braunſchweig.
71 2426 1030 2467 Criminalgeſetzb. §. 2. — Heſſ. Strafgeſetzb. Art. 5.
