1600 2479
340 265 1467 318 Nur ausnahmsweise hat sich noch der früher allgemein
249 324 1467 370 angenommene Grundsatz erhalten, dasz Fremde kein Grund-
248 381 1467 436 eigenthum in dem Lande erwerben können.  Häufiger sind
249 438 1466 493 dieselben in der Ausübung gewisser Gewerbe, namentlich in
249 495 1466 552 der selbständigen Betreibung von Handwerken, auch
250 554 1466 610 etwa von Kramladen beschränkt.  Das Fremdlings-
214 609 1467 666 recht (jus albinagii) dagegen, welches dem Landesherrn die
250 669 1467 727 Verlassenschaft des Fremden preisgab und der Abschosz
250 729 1468 786 (gabella hereditaria), welcher von Verlassenschaften, die ins
249 789 1479 844 Ausland kamen, erhoben wurde, sind nun fast überall als
247 852 1468 903 unpassende Reste einer untergegangenen Zeit weggeräumt
249 909 1466 962 und die Freizügigkeit auch insofern zur Regel erhoben
248 968 395 1003 worden.
339 1028 1467 1080 In dem öffentlichen Rechte aber ist der Gegensatz zwi-
248 1086 1466 1132 schen Einheimischen und Fremden noch vollwirksam. Nur den
250 1147 1467 1198 erstern, nicht ebenso den letztern stehen von Rechtes wegen,
249 1203 1433 1254 und ohne dasz es einer besondern Zusicherung bedarf, zu:
341 1263 1467 1310 a) das Recht zu ständigem Aufenthalt und Wohn-
250 1318 1468 1372 sitz in dem Statsgebiete,  in Folge dessen der Einheimische
239 178 320 210 244
354 164 1467 213 Zweites Buch. Die Grundbedingungen des Stats in d. Menschen- u. Volksnatur.
368 1437 1468 1482 Für England vgl. Blackstone I. 10. Auch in einigen demo-
247 1479 1112 1526 kratischen Schweizerkantonen gilt das Verbot noch.
374 1528 1469 1572 Wo die Zunftverfassung sich erhalten, versteht sich diese Be-
249 1564 1470 1615 schränkung gewöhnlich von selbst. Aber auch wo jene aufgelöst worden,
248 1611 1471 1660 ist dennoch häufig nur den Inländern gestattet, solche Gewerbe zu
249 1653 1471 1703 betreiben. Die französ. Verf. von 1848. A. 13: „garantit aux citoyens
251 1696 1472 1750 la liberté du travail et de l'industrie.“ Die französische Praxis begünstigt
251 1740 1327 1785 aber in dieser Hinsicht die Gewerbefreiheit auch der Ausländer.
371 1787 1473 1839 Schweizer. Bundesverf. §. 62: „Gegen die auswärtigen Staten
252 1831 1473 1882 besteht Freizügigkeit unter Vorbehalt des Gegenrechtes.“ Deutsche
252 1875 1472 1922 Bundesakte v. 1815. 18. Deutscher Bundesbeschlusz v. 1817. Das
252 1920 1472 1972 deutsche Reichsgesetz vom 1. Nov. 1867 (ursprünglich von dem nord-
253 1964 1473 2011 deutschen Bunde erlassen) hat zuerst in Deutschland für die Deutschen
252 2008 1473 2061 volle Freizügigkeit eingeführt, die aber in der Regel auch den Ausländern
254 2051 489 2086 gewährt wird.
373 2095 1474 2148 Schweizer. Bundesverf. v. 1874. §. 70: „Dem Bunde steht das
253 2139 1474 2185 Recht zu, Fremde, welche die innere oder äussere Sicherheit der Eid-
254 2185 1471 2238 genossenschaft gefährden, aus dem schweizerischen Gebiete wegzuweisen.“
