1600 2479
358 146 1219 193 Zehntes Capitel. 2. Der Adel. B. Der französische Adel.
175 247 1400 296 die Ehre derer hob, die sich ihm weihten, und als Ritter oder
176 307 1398 348 Dienstleute einem Herrn zu besonderer Treue verbunden wurden.
176 366 1399 418 Waren die erstern gröstentheils Freie, so fanden sich dagegen
174 428 1399 477 unter den Ministerialen auch viele ursprünglich hörige Leute.
266 486 1399 527 Aber auch dieser Berufsadel wurde mit der Zeit zu einem
176 544 1399 595 erblichen Lehensadel. Die Ritter bekamen Lehengüter,
176 594 1399 651 die sich in ihrem Geschlechte vererbten, die Dienstleute wur-
177 662 1400 711 den mit Hoflehen ausgestattet. Als begüterte Männer
177 721 1399 770 (riches oms) unterschieden sie sich von der Rotüre, als Vasal-
175 779 1399 825 len standen sie ihren Seigneurs nahe. Wie diese von alters-
174 837 1401 887 her Tafelgenossen des Königs (convivae regis) waren, so galt
176 896 1399 937 es im Mittelalter als ein Grundsatz des Feudalrechts: die
174 954 1398 1002 Ritter sind Tafelgenossen der Herren.  Ihre Kriegs- und Hof-
175 1014 1399 1059 dienste waren mit den Gütern verbunden, wie die Hoheitsrechte
175 1074 1399 1117 der Seigneurs mit den Grundherrschaften. Auch ihnen kam
176 1133 1399 1180 eine — zwar beschränktere — Grundherrlichkeit zu; sie waren
175 1192 1398 1233 gewöhnlieh hinwieder niedere Gerichtsherren über die Unter-
174 1250 1397 1296 thanen ihrer Lehensherrn, welche durch sie mit demselben ver-
174 1311 1396 1355 mittelt wurden. Ihr Stand schlosz sich mehr und mehr ab.
172 1370 1396 1421 Und war derselbe ursprünglich eine Folge des Berufes, so
172 1429 1397 1481 wurde nun die ritterbürtige Herkunft und die standesmäszige
171 1488 1395 1535 Erziehung die regelmäszige Voraussetzung auch der Ritter-
172 1546 1395 1587 schaft. Mit Rücksicht auf ihr Geschlecht wurden die neuen
171 1607 1396 1653 Adeligen nun gentils hommes genannt. Die Abstammung allein
171 1651 1396 1711 freilich machte den Sohn nicht zum Ritter,  aber wer nicht
171 1725 1396 1770 von einem rittermäszigen Vater stammte — auf die Mutter
171 1784 1397 1831 wurde nicht gesehen — konnte in der Regel auch nicht Ritter
170 1831 1395 1889 werden. Nur dem Könige blieb es vorbehalten, in den Adel-
170 1901 1394 1949 stand zu erheben.  Indessen war die Verbindung dieses Adels
1333 168 1398 199 147
277 1976 1395 2013 Loysel, Inst. Coutum. I. 1. 14: „Nul ne doit seoir à la table du
168 2014 617 2046 Baron s'il n'est Chevalier.“
273 2063 1393 2101 Das französische Rechtssprichwort: „Nul ne nait Chevalier“ bei
169 2101 615 2139 Loysel, Inst. Coutum. I. 1.
279 2150 1391 2193 Loysel, Inst. Coutum. I. 1. 12: „Nul ne peut anoblir que le Roy,“
169 2191 1326 2235 13.: „Le moyen d'être anobli sans Lettres, est d'être fait Chevalier.“
