1600 2479
613 155 1070 188 Erstes Buch. Der Statsbegriff.
322 243 1459 287 Bodin sieht in dem Stat „eine Rechtsordnung einer
230 301 1456 347 Mehrzahl von Familien und ihrer gemeinsamen Güter in Form
232 360 1462 401 der souveränen Gewalt.“  Ihm ist der Stat vornehmlich auf
233 420 1458 466 die Familie, das Gemeingut und die Souveränetät gegründet
225 480 1460 524 und er tadelt es an dem antiken Statsgedanken, dasz auf das
233 538 1460 583 Glück und Wohlergehen zu viel gesehen werde. Er hat dem
233 595 1461 650 Absolutismus des französischen Königthums durch seine Lehre
234 652 1462 702 von der Souveränetät des Statsherrschers eine wissenschaftliche
236 717 568 755 Stütze verschafft.
329 772 1464 820 Hugo Grotius lehnt sich noch an die Begriffsbestimmung
237 831 1464 876 von Cicero an; aber es ist bei ihm doch ganz deutlich die
237 891 1466 938 Wendung zu bemerken zu dem modernen Statsgedanken. Er
237 949 1464 999 gründet den Stat, wie die Alten, auf die menschliche Natur,
238 1002 1463 1052 aber er denkt dabei weniger als die Alten an die Menschheit
240 1064 1465 1113 oder ein ganzes Volk; er sieht voraus auf die Einzeln-
240 1112 1466 1169 menschen, die Individuen. Sein Satz: „Hominis proprium
242 1180 1467 1225 sociale“ ist keine glückliche Uebertragung des Aristotelischen:
243 1238 1469 1287 ὁ ἄνϑϱωπος ζῶον πολιτιϰόν. Aber sie ist charakteristisch
244 1297 1470 1344 dafür, dasz der moderne Geist nicht wie der antike erst den
246 1358 1470 1405 Stat, und dann das Individuum, sondern vorerst an die Ein-
245 1419 1471 1464 zelnen und dann an ihre Verbindung denkt. Ueberdem sind
245 1478 1472 1527 die scharfe Sonderung der religiösen Gemeinschaft der Kirche
245 1539 1472 1587 von der weltlichen und politischen Statsgemeinschaft und die
248 1597 1473 1645 entschiedene Betonung der persönlichen Freiheit zwei Merk-
248 1654 1476 1699 male der modernen Auffassung des holländischen Autors. Er
250 1710 1477 1760 erklärt den Stat als „die vollkommene Vereinigung freier
249 1769 1477 1817 Menschen, welche sich zum Genusz des Rechts und zum
251 1828 1476 1876 Zwecke gemeinsamer Wohlfahrt verbinden.“  Die Persönlich-
251 1888 1477 1931 keit des States war ihm nicht unbekannt, aber sie beherrscht
231 161 275 193 70
361 1966 1479 2006 De la République. I. 1. „République est un droit gouvernement
253 2012 1479 2052 de plusieurs mesnages et de ce qui leur est commun avec puissance
254 2060 450 2090 souveraine.“
363 2098 1480 2138 Hugo Grotius de J. B. I. I. §. 14. „Est civitas coetus perfectus
255 2142 1478 2181 liberorum hominum, juris fruendi et communis utilitatis causa sociatus.“
255 2187 1390 2230 I. 3. §. 7. Prolegom. §. 16. Vgl. Leo, Weltgeschichte IV. S. 149.
