1600 2479
342 244 1477 294 Vor einer so hohen geistigen Erfassung des States konnte
251 302 1504 354 die mittelalterliche Lehre, dasz der Stat zur Kirche sich ver-
250 363 1306 411 halte wie der Leib zum Geiste, unmöglich bestehen.
346 420 1481 473 Die historische Schule nahm aber den Stat an wie er
255 478 1482 537 geworden war; und der auf die Vergangenheit gewendete
256 538 1482 586 Blick wurde von den Bildern des untergegangenen Lebens so
257 595 1483 649 mächtig angezogen, dasz viele Anhänger dieser Richtung dar-
258 654 1484 705 über das Verständnisz der Gegenwart und die Neigung an
260 713 1485 763 der Vervollkommnung der öffentlichen Zustände mitzuwirken
261 771 1486 822 einbüszten. Konnte man einem groszen Theil der naturrecht-
261 831 1488 881 lichen Schule vorwerfen, dasz ihre Statsidee ein Spielball der
263 890 1490 940 individuellen Willkür sei, so war auch die historische Schule
263 947 1493 998 nicht von dem Vorwurf freizusprechen, dasz ihr Statsbegriff
264 1006 1491 1063 noch festgebunden sei an die herkömmlichen Autoritäten und
266 1071 915 1117 an die überlieferten Vorurtheile.
362 1124 1492 1171 6. Neuere deutsche Statsphilosophen. Hegel.
270 1181 1495 1231 Stahl. Obwohl die Arbeiten der historischen Schule fast
271 1241 1496 1289 ausschlieszlich auf die Rechtsgeschichte und die politische Ge-
272 1299 1496 1349 schichte einzelner bestimmter Staten beschränkt blieben, so
633 161 1087 193 Erstes Buch. Der Statsbegriff.
250 173 293 205 78
273 1426 1499 1476 Jene glänzende Aeuszerung des Staatsmannes erinnert an die nicht min-
275 1474 1438 1516 der erhebenden Worte Shakespeare's (Troilus und Cress. III. 3.):
442 1520 1266 1565 „Ein tief Geheimnisz wohnt (dem die Geschichte
442 1568 1168 1611 Stets fremd geblieben) in des States Seele:
443 1614 1095 1652 Desz Wirksamkeit so göttlicher Natur,
445 1654 1277 1699 Dasz Sprache nicht noch Feder sie kann deuten.“
353 1698 1317 1744 Vgl. auch Shakespeare's König Heinrich V. — 1. 2.:
390 1742 1413 1787 Exeter: „Dein Regiment, zwar hoch und tief und tiefer
604 1788 1373 1828 Vertheilt an Glieder, hält den Einklang doch
602 1833 1356 1870 Und stimmt zu einem vollen reinen Schlusz,
607 1887 862 1914 So wie Musik.“
392 1924 1263 1965 Canterbury: „Sehr wahr! Drum theilt der Himmel
608 1970 1318 2004 Der Menschen Stand in mancherlei Beruf,
609 2014 1343 2054 Und setzt Bestrebung in beständ'gen Gang,
608 2060 1311 2094 Dem als zum Ziel Gehorsam ist gestellt.“
404 2100 1512 2137 In den Schriften von De Maistre und Ludwig Haller nahm
284 2144 1512 2192 die geschichtliche Richtung geradezu einen reactionären, die Rückkehr in
286 2192 1168 2232 mittelalterliche Zustände verlangenden Charakter an.
