1600 2479
176 289 1394 348 von Engländern, obwohl im Ausland geboren, dennoch das
179 348 1394 408 englische Bürgerrecht erhalten. Ueberdem ist die Naturali-
179 407 1395 468 sation bedeutend erleichtert worden. Auf ähnlichen Grund-
181 472 1114 516 sätzen ruht das nordamerikanische Recht.
274 527 1399 583 b) Das System des Wohnorts. Das Territorialsystem
181 582 1400 632 kommt noch in einer andern Form zur Anwendung, welche
184 642 1401 691 eher den neueren Ansichten zusagt, indem der Nachdruck
184 700 1402 753 nicht auf den zufälligen Ort der Geburt, sondern auf den
185 756 1406 809 dauernden Wohnort der Eltern, und in der Folge auf
187 817 1405 873 den eigenen Wohnort gelegt wird. Daneben sind immer
187 872 1406 922 noch bedeutende Unterschiede möglich in der Gestattung oder
187 930 1405 983 Erschwerung der Ansiedlung. In diesem Sinne wird Stats-
189 987 1407 1045 angehörigkeit zum Theil in Oesterreich und in einzelnen
189 1046 1408 1097 deutschen Staten verstanden. Auch da wird aber die
189 1108 1409 1163 Wirkung des Wohnorts ergänzt durch die Formen einer per-
191 1172 984 1219 sönlichen Ertheilung des Heimatsrechts.
285 1225 1412 1281 c) Eine eigenthümliche Zwischenstufe nimmt das schwei-
193 1283 1412 1336 zerische System des Gemeindeverbands ein, welches die
196 1341 1412 1395 Grundlage bildet des Cantonsbürgerrechts (Landrechts)
197 1401 1414 1452 und des allgemeinen Schweizerbürgerrechts. Das Ge-
197 1459 1415 1508 meindebürgerrecht ist hier weder von der Geburt noch von
198 1515 1416 1562 dem Wohnort in einer Gemeinde abhängig, sondern wird durch
199 1574 1417 1625 die Abstammung von Eltern bestimmt, welche Gemeinde-
175 206 1285 247 Einundzwanzigstes Cap. Verhältnisz des Stats etc. 1. Volksgenossen etc.
1326 202 1391 233 237
306 1690 1222 1726 Blackstone Comm. 1. 10. Art. 7 u. 8 Victoria c. 55.
305 1733 1421 1776 Jetzt noch begründet die Geburt in dem Gebiete der Vereinigten
201 1776 1422 1818 Staten nordamerikanisches Bürgerrecht. Aber die Kinder der Nord-
201 1822 1422 1867 amerikaner, die im Ausland geboren sind, haben ebenfalls das Bürger-
202 1864 1424 1907 recht durch Abstammung erworben. Die Niederlassung Fremder
203 1909 1425 1954 in den Vereinigten Staten endlich ist die Grundbedingung einer sehr
204 1953 1426 1995 zahlreichen Naturalisation. Vgl. Story Comm. zur Bundesverf. 1. 8. und Rüttimann Nordam. Bundesstatsrecht 1. S. 89.
318 2044 1426 2081 Oesterreich.Gesetzbuch §. 29. „Fremde erwerben die öster-
205 2087 1427 2126 reichische Statsbürgerschaft durch Eintretung in den öffentlichen Dienst,
205 2129 1426 2171 durch Antretung eines Gewerbes, dessen Betreibung die ordentliche An-
205 2173 1427 2218 säszigkeit im Lande nothwendig macht, durch einen in diesen Staten
206 2219 1118 2259 vollendeten zehnjährigen ununterbrochenen Wohnsitz.“
