1600 2479
236 244 1457 287 ist nicht unmöglich,  und theilweise durch die Cultur-
234 302 1457 345 verhältnisse der Gegenwart veranlaszt. Wenn daraus ein
235 360 1458 405 wirklicher Conflict widerstreitender Pflichten sich ergibt —
236 418 1458 464 ein immerhin seltener Fall — so kann die Lösung desselben
236 476 1457 520 wohl schwierig werden. Nicht immer hilft der Satz aus, dasz
235 533 1457 577 der ältere Statsverband dem neueren vorgehe; insbesondere
236 590 1458 637 dann nicht, wenn das ältere Heimatsrecht ein ruhendes, und
236 651 1458 695 das neuere ein wirksames (actuelles) ist, wenn also der
234 709 1458 753 Doppelbürger wohl in der neuen Heimat wohnt, aber nicht
234 770 1457 804 mehr in der alten. In diesen Fällen wird z. B. die Militär-
234 827 1458 871 pflicht in der letzteren geleistet werden müssen.  Deszhalb
235 886 1458 932 kommt auch zunächst dem State, welcher einem Ausländer
234 944 1456 987 die Naturalisation ertheilt, oder ihm eine Beamtung überträgt,
233 1003 1457 1046 die Befugnisz zu, entweder die vorherige Entlassung aus dem
226 1061 1458 1103 frühern Statsverbande zu verlangen, oder den Vorbehalt der
235 1119 952 1160 Fortdauer desselben zuzugestehen.
330 1175 1457 1218 3. Weil die Landesrechte die Bedingungen des Erwerbs
234 1233 1457 1275 und des Verlustes der Statsangehörigkeit verschieden bestim-
236 1291 1457 1333 men, so kann daraus leicht ein Conflict entstehen zwischen
236 152 303 190 242
342 151 1458 196 Zweites Buch. Die Grundbedingungen des Stats in d. Menschen- u. Volksnatur.
355 1417 1457 1455 Es kommt sogar vor, dasz eine Person, gleichzeitig in zwei Staten
235 1463 1457 1499 an der Landesrepräsentation Theil nimmt. Manche deutsche Standesherrn
235 1508 1457 1545 sind gleichzeitig Mitglieder der ersten Kammern in zwei und drei Staten,
235 1553 1457 1589 in denen allen sie begütert, und denen allen sie durch den Eid der Treue
236 1590 1457 1632 verbunden sind. Ist es ja nicht einmal undenkbar, dasz Jemand zwei
236 1639 1457 1672 verschiedene Wohnorte (Domicile) z. B. eines in der Stadt und eines
237 1676 1458 1717 auf dem Lande, oder eines als Kaufmann (Firma) und ein anderes als
238 1725 1459 1758 Privatmann hat! Wenn Bar (das internationale Privat- und Strafrecht
238 1769 1458 1807 S. 85) alle diese Möglichkeiten bestreitet, so überzeugt ein Blick in die
235 1813 1458 1854 wirklichen Verhältnisse, dasz diese mannichfaltiger sind, als die enge
237 1855 1457 1899 Theorie. Die Freiheit der Auswanderung wird dadurch nicht beschränkt,
238 1903 1459 1940 wohl aber die Freiheit bewahrt, sein angebornes Vaterland zu behalten
237 1948 1157 1983 und damit eine neue Statsgenossenschaft zu verbinden.
361 1992 1458 2033 Blackstone a. a. O. Die eigene Lebenserfahrung hat mich gelehrt,
237 2037 1139 2072 dasz in diesen Dingen die actuelle Heimat entscheide.
358 2078 1457 2116 Bayer. Edict. §. 6. Dagegen Schweizer. Bundesverf. von 1848.
238 2125 1459 2163 43: „Ausländern darf kein Kanton das Bürgerrecht ertheilen, wenn sie
238 2168 1169 2205 nicht aus dem frühern Statsverband entlassen werden.“
