<?xml version="1.0" encoding="UTF-8"?>
<PcGts xmlns="http://schema.primaresearch.org/PAGE/gts/pagecontent/2019-07-15" xmlns:xsi="http://www.w3.org/2001/XMLSchema-instance" xsi:schemaLocation="http://schema.primaresearch.org/PAGE/gts/pagecontent/2019-07-15 http://schema.primaresearch.org/PAGE/gts/pagecontent/2019-07-15/pagecontent.xsd">
<Metadata>
<Creator>regJS2PAGE.py</Creator>
<Created>2021-02-16T10:57:26.747737</Created>
<LastChange>2021-02-16T10:57:26.747737</LastChange>
</Metadata>
<Page imageFilename="tmp/bluntschli_staatslehre_1875_0423.png" imageWidth="1600" imageHeight="2479">
<TextRegion id="block_0" custom="structure {type:header;}">
<Coords points="286,191 286,235 1251,235 1251,191 286,191"/>
<TextLine id="line_0">
<Coords points="286,191 386,191 399,203 510,203 537,202 571,202 590,202 727,202 741,200 922,200 953,200 983,200 1003,197 1186,197 1200,199 1251,199 1251,222 1200,222 1186,223 1003,223 983,223 953,223 922,227 741,227 727,227 590,227 571,227 537,227 510,235 399,235 386,230 286,230 286,191"/>
<Baseline points="286,230 386,230 399,235 510,235 537,227 571,227 590,227 727,227 741,227 922,227 953,223 983,223 1003,223 1186,223 1200,222 1251,222"/>
<TextEquiv><Unicode>Achtes Capitel. II. Monarch. Statsformen. A. Hellenisches etc.</Unicode></TextEquiv>
</TextLine>

</TextRegion>
<TextRegion id="block_1" custom="structure {type:body;}">
<Coords points="158,284 158,328 158,344 158,396 158,398 251,398 251,451 251,466 158,466 158,514 158,523 158,571 159,581 159,628 159,639 159,688 159,693 159,748 160,762 160,806 160,813 253,813 253,856 253,871 162,871 162,920 161,929 161,977 160,987 160,1037 161,1047 161,1096 161,1106 161,1157 165,1166 165,1213 164,1226 164,1273 1388,1273 1388,1226 1386,1213 1386,1166 1386,1157 1386,1106 1384,1096 1384,1047 1383,1037 1383,987 1384,977 1384,929 1383,920 1383,871 1384,856 1384,813 760,813 760,806 760,762 1510,762 1510,748 1510,693 1383,693 1383,688 1383,639 1381,628 1381,581 1380,571 1380,523 1380,514 1380,466 1380,451 1380,398 1378,396 1378,344 1379,328 1379,284 158,284"/>
<TextLine id="line_1">
<Coords points="158,294 231,294 242,293 377,293 391,291 468,291 480,291 709,291 721,291 793,291 801,288 1005,288 1018,287 1079,287 1091,286 1220,286 1234,284 1317,284 1327,284 1379,284 1379,318 1327,318 1317,318 1234,318 1220,327 1091,327 1079,322 1018,322 1005,325 801,325 793,325 721,325 709,326 480,326 468,326 391,326 377,328 242,328 231,328 158,328 158,294"/>
<Baseline points="158,328 231,328 242,328 377,328 391,326 468,326 480,326 709,326 721,325 793,325 801,325 1005,325 1018,322 1079,322 1091,327 1220,327 1234,318 1317,318 1327,318 1379,318"/>
<TextEquiv><Unicode>und Helden sind Göttersöhne und Verwandte der Götter, aber sie</Unicode></TextEquiv>
</TextLine>

<TextLine id="line_2">
<Coords points="158,352 237,352 249,351 405,351 413,351 588,351 596,350 784,350 795,350 833,350 846,350 944,350 957,349 1029,349 1042,348 1101,348 1110,346 1237,346 1247,344 1378,344 1378,387 1247,387 1237,382 1110,382 1101,382 1042,382 1029,383 957,383 944,384 846,384 833,384 795,384 784,385 596,385 588,386 413,386 405,396 249,396 237,387 158,387 158,352"/>
<Baseline points="158,387 237,387 249,396 405,396 413,386 588,386 596,385 784,385 795,384 833,384 846,384 944,384 957,383 1029,383 1042,382 1101,382 1110,382 1237,382 1247,387 1378,387"/>
<TextEquiv><Unicode>sind zugleich wirkliche Menschen in ihren und des Volkes Augen.</Unicode></TextEquiv>
</TextLine>

<TextLine id="line_3">
<Coords points="251,411 368,411 398,409 477,409 508,410 564,410 593,398 881,398 914,409 975,409 1003,407 1138,407 1168,405 1277,405 1307,403 1380,403 1380,438 1307,438 1277,440 1168,440 1138,451 1003,451 975,443 914,443 881,444 593,444 564,444 508,444 477,444 398,444 368,446 251,446 251,411"/>
<Baseline points="251,446 368,446 398,444 477,444 508,444 564,444 593,444 881,444 914,443 975,443 1003,451 1138,451 1168,440 1277,440 1307,438 1380,438"/>
<TextEquiv><Unicode>Daher sind die Ehrenrechte der Könige höher und</Unicode></TextEquiv>
</TextLine>

<TextLine id="line_4">
<Coords points="158,470 412,470 442,470 491,470 523,470 598,470 622,469 769,469 819,468 876,468 900,470 1074,470 1104,467 1164,467 1194,466 1380,466 1380,508 1194,508 1164,500 1104,500 1074,502 900,502 876,503 819,503 769,503 622,503 598,503 523,503 491,503 442,503 412,514 158,514 158,470"/>
<Baseline points="158,514 412,514 442,503 491,503 523,503 598,503 622,503 769,503 819,503 876,503 900,502 1074,502 1104,500 1164,500 1194,508 1380,508"/>
<TextEquiv><Unicode>ausgedehnter als ihre Macht. Sie vertreten das gesammte</Unicode></TextEquiv>
</TextLine>

<TextLine id="line_5">
<Coords points="158,529 249,529 273,528 340,528 357,527 502,527 527,528 724,528 748,527 819,527 834,526 1029,526 1055,524 1162,524 1179,523 1284,523 1308,523 1380,523 1380,557 1308,557 1284,566 1179,566 1162,558 1055,558 1029,560 834,560 819,561 748,561 724,571 527,571 502,561 357,561 340,561 273,561 249,563 158,563 158,529"/>
<Baseline points="158,563 249,563 273,561 340,561 357,561 502,561 527,571 724,571 748,561 819,561 834,560 1029,560 1055,558 1162,558 1179,566 1284,566 1308,557 1380,557"/>
<TextEquiv><Unicode>Volk den Göttern gegenüber und vermitteln durch Opfer und</Unicode></TextEquiv>
</TextLine>

<TextLine id="line_6">
<Coords points="159,587 288,587 321,586 439,586 470,587 567,587 596,586 787,586 816,585 968,585 1000,582 1094,582 1125,581 1248,581 1278,582 1381,582 1381,623 1278,623 1248,615 1125,615 1094,615 1000,615 968,618 816,618 787,620 596,620 567,621 470,621 439,621 321,621 288,628 159,628 159,587"/>
<Baseline points="159,628 288,628 321,621 439,621 470,621 567,621 596,620 787,620 816,618 968,618 1000,615 1094,615 1125,615 1248,615 1278,623 1381,623"/>
<TextEquiv><Unicode>Gebet, soweit nicht besondere Priester diese Pflicht üben,</Unicode></TextEquiv>
</TextLine>

<TextLine id="line_7">
<Coords points="159,646 328,646 358,646 523,646 553,646 721,646 754,645 845,645 877,641 964,641 995,651 1038,651 1062,639 1176,639 1207,641 1296,641 1321,641 1383,641 1383,675 1321,675 1296,675 1207,675 1176,673 1062,673 1038,673 995,673 964,676 877,676 845,678 754,678 721,680 553,680 523,688 358,688 328,682 159,682 159,646"/>
<Baseline points="159,682 328,682 358,688 523,688 553,680 721,680 754,678 845,678 877,676 964,676 995,673 1038,673 1062,673 1176,673 1207,675 1296,675 1321,675 1383,675"/>
<TextEquiv><Unicode>zwischen beiden,  weszhalb denn auch zu Athen nach der</Unicode></TextEquiv>
</TextLine>

<TextLine id="line_8">
<Coords points="159,706 391,706 422,706 481,706 506,705 734,705 767,704 828,704 852,700 1015,700 1038,698 1175,698 1201,699 1290,699 1315,693 1510,693 1510,744 1315,744 1290,732 1201,732 1175,731 1038,731 1015,744 852,744 828,736 767,736 734,747 506,747 481,740 422,740 391,748 159,748 159,706"/>
<Baseline points="159,748 391,748 422,740 481,740 506,747 734,747 767,736 828,736 852,744 1015,744 1038,731 1175,731 1201,732 1290,732 1315,744 1510,744"/>
<TextEquiv><Unicode>Abschaffung des Königthums der opfernde Archon noch den</Unicode></TextEquiv>
</TextLine>

<TextLine id="line_9">
<Coords points="160,765 294,765 322,766 382,766 406,764 537,764 561,762 760,762 760,798 561,798 537,806 406,806 382,799 322,799 294,800 160,800 160,765"/>
<Baseline points="160,800 294,800 322,799 382,799 406,806 537,806 561,798 760,798"/>
<TextEquiv><Unicode>Namen des Königs beibehielt.</Unicode></TextEquiv>
</TextLine>

<TextLine id="line_10">
<Coords points="253,824 308,824 324,822 444,822 467,818 551,818 576,820 651,820 667,820 796,820 816,818 896,818 920,816 1028,816 1051,813 1227,813 1250,813 1301,813 1327,813 1384,813 1384,846 1327,846 1301,847 1250,847 1227,856 1051,856 1028,849 920,849 896,851 816,851 796,852 667,852 651,853 576,853 551,855 467,855 444,856 324,856 308,856 253,856 253,824"/>
<Baseline points="253,856 308,856 324,856 444,856 467,855 551,855 576,853 651,853 667,852 796,852 816,851 896,851 920,849 1028,849 1051,856 1227,856 1250,847 1301,847 1327,846 1384,846"/>
<TextEquiv><Unicode>An Werth wird ihre Person weit höher geschätzt als die</Unicode></TextEquiv>
</TextLine>

<TextLine id="line_11">
<Coords points="162,879 224,879 247,879 392,879 416,878 702,878 749,876 819,876 842,873 1004,873 1037,873 1098,873 1121,871 1383,871 1383,914 1121,914 1098,905 1037,905 1004,915 842,915 819,908 749,908 702,920 416,920 392,920 247,920 224,912 162,912 162,879"/>
<Baseline points="162,912 224,912 247,920 392,920 416,920 702,920 749,908 819,908 842,915 1004,915 1037,905 1098,905 1121,914 1383,914"/>
<TextEquiv><Unicode>der übrigen Volksgenossen. Das Wergeld der germanischen</Unicode></TextEquiv>
</TextLine>

<TextLine id="line_12">
<Coords points="161,935 296,935 325,934 496,934 528,935 588,935 619,934 680,934 703,933 814,933 844,929 1058,929 1090,929 1276,929 1325,929 1384,929 1384,963 1325,963 1276,963 1090,963 1058,973 844,973 814,966 703,966 680,967 619,967 588,967 528,967 496,968 325,968 296,977 161,977 161,935"/>
<Baseline points="161,977 296,977 325,968 496,968 528,967 588,967 619,967 680,967 703,966 814,966 844,973 1058,973 1090,963 1276,963 1325,963 1384,963"/>
<TextEquiv><Unicode>Könige übertrifft das der Edeln gewöhnlich mehrfach. Sie</Unicode></TextEquiv>
</TextLine>

<TextLine id="line_13">
<Coords points="160,1003 267,1003 301,993 407,993 436,992 524,992 555,991 662,991 687,991 786,991 811,989 1017,989 1040,998 1102,998 1124,987 1226,987 1250,988 1383,988 1383,1022 1250,1022 1226,1021 1124,1021 1102,1022 1040,1022 1017,1025 811,1025 786,1025 687,1025 662,1026 555,1026 524,1028 436,1028 407,1027 301,1027 267,1037 160,1037 160,1003"/>
<Baseline points="160,1037 267,1037 301,1027 407,1027 436,1028 524,1028 555,1026 662,1026 687,1025 786,1025 811,1025 1017,1025 1040,1022 1102,1022 1124,1021 1226,1021 1250,1022 1383,1022"/>
<TextEquiv><Unicode>ragen daher auch durch ihren Reichthum vor Allen hervor.</Unicode></TextEquiv>
</TextLine>

<TextLine id="line_14">
<Coords points="161,1053 271,1053 301,1052 423,1052 455,1052 512,1052 545,1061 683,1061 707,1051 806,1051 838,1051 897,1051 921,1049 1057,1049 1088,1047 1138,1047 1162,1047 1317,1047 1341,1056 1384,1056 1384,1080 1341,1080 1317,1081 1162,1081 1138,1082 1088,1082 1057,1083 921,1083 897,1084 838,1084 806,1085 707,1085 683,1096 545,1096 512,1086 455,1086 423,1096 301,1096 271,1088 161,1088 161,1053"/>
<Baseline points="161,1088 271,1088 301,1096 423,1096 455,1086 512,1086 545,1096 683,1096 707,1085 806,1085 838,1084 897,1084 921,1083 1057,1083 1088,1082 1138,1082 1162,1081 1317,1081 1341,1080 1384,1080"/>
<TextEquiv><Unicode>Ihnen gehört ein groszer Theil des Landes als Domäne zu</Unicode></TextEquiv>
</TextLine>

<TextLine id="line_15">
<Coords points="161,1113 373,1113 389,1124 446,1124 471,1113 542,1113 558,1112 614,1112 632,1111 878,1111 897,1110 1052,1110 1078,1108 1128,1108 1151,1106 1386,1106 1386,1150 1151,1150 1128,1142 1078,1142 1052,1144 897,1144 878,1154 632,1154 614,1147 558,1147 542,1148 471,1148 446,1156 389,1156 373,1157 161,1157 161,1113"/>
<Baseline points="161,1157 373,1157 389,1156 446,1156 471,1148 542,1148 558,1147 614,1147 632,1154 878,1154 897,1144 1052,1144 1078,1142 1128,1142 1151,1150 1386,1150"/>
<TextEquiv><Unicode>Eigenthum zu, und bei Eroberungen erhalten sie ausgedehnte</Unicode></TextEquiv>
</TextLine>

<TextLine id="line_16">
<Coords points="165,1172 274,1172 304,1183 382,1183 406,1173 561,1173 607,1172 686,1172 710,1170 912,1170 948,1170 1008,1170 1031,1168 1148,1168 1171,1177 1239,1177 1267,1166 1386,1166 1386,1209 1267,1209 1239,1202 1171,1202 1148,1202 1031,1202 1008,1203 948,1203 912,1213 710,1213 686,1206 607,1206 561,1207 406,1207 382,1207 304,1207 274,1207 165,1207 165,1172"/>
<Baseline points="165,1207 274,1207 304,1207 382,1207 406,1207 561,1207 607,1206 686,1206 710,1213 912,1213 948,1203 1008,1203 1031,1202 1148,1202 1171,1202 1239,1202 1267,1209 1386,1209"/>
<TextEquiv><Unicode>Güter zum voraus.  Ihre Wohnung, der Palast war höher,</Unicode></TextEquiv>
</TextLine>

<TextLine id="line_17">
<Coords points="164,1232 296,1232 314,1232 460,1232 471,1233 543,1233 555,1232 687,1232 699,1230 904,1230 907,1230 983,1230 998,1229 1053,1229 1067,1228 1212,1228 1224,1226 1388,1226 1388,1261 1224,1261 1212,1270 1067,1270 1053,1262 998,1262 983,1263 907,1263 904,1273 699,1273 687,1265 555,1265 543,1265 471,1265 460,1266 314,1266 296,1273 164,1273 164,1232"/>
<Baseline points="164,1273 296,1273 314,1266 460,1266 471,1265 543,1265 555,1265 687,1265 699,1273 904,1273 907,1263 983,1263 998,1262 1053,1262 1067,1270 1212,1270 1224,1261 1388,1261"/>
<TextEquiv><Unicode>weiter, schöner und reicher geschmückt als die übrigen Häuser.</Unicode></TextEquiv>
</TextLine>

</TextRegion>
<TextRegion id="block_2" custom="structure {type:pageNum;}">
<Coords points="1308,198 1308,231 1427,231 1427,198 1308,198"/>
<TextLine id="line_18">
<Coords points="1308,198 1427,198 1427,231 1308,231 1308,198"/>
<Baseline points="1308,231 1427,231"/>
<TextEquiv><Unicode>405</Unicode></TextEquiv>
</TextLine>

</TextRegion>
<TextRegion id="block_3" custom="structure {type:note;}">
<Coords points="164,1330 164,1369 165,1376 165,1414 164,1421 164,1456 164,1465 164,1499 164,1507 271,1507 271,1544 271,1553 166,1553 166,1591 166,1598 166,1635 167,1644 167,1682 166,1690 166,1728 167,1736 167,1775 166,1781 166,1820 166,1829 166,1858 166,1867 277,1867 277,1909 277,1912 168,1912 168,1954 169,1956 169,2000 169,2002 169,2042 169,2051 169,2080 169,2094 276,2094 276,2128 276,2134 320,2134 320,2174 319,2180 319,2215 319,2223 170,2223 170,2268 1388,2268 1388,2223 1254,2223 1254,2215 1254,2180 1225,2180 1225,2174 1225,2134 696,2134 696,2128 696,2094 574,2094 574,2080 574,2051 1392,2051 1392,2042 1392,2002 1390,2000 1390,1956 1390,1954 1390,1912 1388,1909 1388,1867 362,1867 362,1858 362,1829 1389,1829 1389,1820 1389,1781 1388,1775 1388,1736 1391,1728 1391,1690 1390,1682 1390,1644 1387,1635 1387,1598 1387,1591 1387,1553 1388,1544 1388,1507 1288,1507 1288,1499 1288,1465 1389,1465 1389,1456 1389,1421 1410,1421 1410,1414 1410,1376 1387,1376 1387,1369 1387,1330 164,1330"/>
<TextLine id="line_19">
<Coords points="164,1333 213,1333 231,1332 418,1332 436,1332 659,1332 677,1334 739,1334 758,1334 959,1334 977,1333 1028,1333 1048,1332 1245,1332 1263,1331 1311,1331 1330,1330 1387,1330 1387,1358 1330,1358 1311,1358 1263,1358 1245,1368 1048,1368 1028,1360 977,1360 959,1369 758,1369 739,1361 677,1361 659,1369 436,1369 418,1360 231,1360 213,1361 164,1361 164,1333"/>
<Baseline points="164,1361 213,1361 231,1360 418,1360 436,1369 659,1369 677,1361 739,1361 758,1369 959,1369 977,1360 1028,1360 1048,1368 1245,1368 1263,1358 1311,1358 1330,1358 1387,1358"/>
<TextEquiv><Unicode>die allmähliche Entwicklung und Ausbreitung des Königthums bei den</Unicode></TextEquiv>
</TextLine>

<TextLine id="line_20">
<Coords points="165,1377 386,1377 399,1376 543,1376 562,1378 636,1378 654,1378 703,1378 722,1379 853,1379 873,1378 980,1378 1000,1378 1105,1378 1122,1377 1197,1377 1206,1377 1321,1377 1340,1384 1410,1384 1410,1413 1340,1413 1321,1412 1206,1412 1197,1405 1122,1405 1105,1405 1000,1405 980,1405 873,1405 853,1413 722,1413 703,1405 654,1405 636,1405 562,1405 543,1413 399,1413 386,1414 165,1414 165,1377"/>
<Baseline points="165,1414 386,1414 399,1413 543,1413 562,1405 636,1405 654,1405 703,1405 722,1413 853,1413 873,1405 980,1405 1000,1405 1105,1405 1122,1405 1197,1405 1206,1412 1321,1412 1340,1413 1410,1413"/>
<TextEquiv><Unicode>germanischen Völkern, auch bei solchen, welche vorher ohne Könige ge-</Unicode></TextEquiv>
</TextLine>

<TextLine id="line_21">
<Coords points="164,1423 225,1423 243,1422 356,1422 383,1421 446,1421 470,1421 572,1421 595,1422 664,1422 689,1421 803,1421 829,1422 881,1422 899,1422 1061,1422 1088,1421 1128,1421 1152,1421 1237,1421 1262,1421 1389,1421 1389,1448 1262,1448 1237,1455 1152,1455 1128,1447 1088,1447 1061,1449 899,1449 881,1448 829,1448 803,1456 689,1456 664,1455 595,1455 572,1448 470,1448 446,1456 383,1456 356,1456 243,1456 225,1450 164,1450 164,1423"/>
<Baseline points="164,1450 225,1450 243,1456 356,1456 383,1456 446,1456 470,1448 572,1448 595,1455 664,1455 689,1456 803,1456 829,1448 881,1448 899,1449 1061,1449 1088,1447 1128,1447 1152,1455 1237,1455 1262,1448 1389,1448"/>
<TextEquiv><Unicode>lebt hatten, gibt Dahn (Die Könige der Germanen VI Bde.) näheren</Unicode></TextEquiv>
</TextLine>

<TextLine id="line_22">
<Coords points="164,1465 289,1465 329,1465 395,1465 416,1465 550,1465 569,1465 740,1465 760,1465 1097,1465 1116,1465 1138,1465 1158,1465 1215,1465 1233,1466 1288,1466 1288,1497 1233,1497 1215,1492 1158,1492 1138,1491 1116,1491 1097,1492 760,1492 740,1498 569,1498 550,1492 416,1492 395,1499 329,1499 289,1491 164,1491 164,1465"/>
<Baseline points="164,1491 289,1491 329,1499 395,1499 416,1492 550,1492 569,1498 740,1498 760,1492 1097,1492 1116,1491 1138,1491 1158,1492 1215,1492 1233,1497 1288,1497"/>
<TextEquiv><Unicode>Bericht. Vgl. Gierke (Deutsches Genossenschaftsrecht I. 548 ff.).</Unicode></TextEquiv>
</TextLine>

<TextLine id="line_23">
<Coords points="271,1508 423,1508 438,1509 498,1509 512,1509 560,1509 576,1509 608,1509 628,1509 658,1509 680,1509 713,1509 733,1509 790,1509 809,1509 1071,1509 1082,1507 1214,1507 1235,1508 1298,1508 1309,1508 1388,1508 1388,1536 1309,1536 1298,1534 1235,1534 1214,1535 1082,1535 1071,1535 809,1535 790,1536 733,1536 713,1536 680,1536 658,1536 628,1536 608,1544 576,1544 560,1536 512,1536 498,1536 438,1536 423,1536 271,1536 271,1508"/>
<Baseline points="271,1536 423,1536 438,1536 498,1536 512,1536 560,1536 576,1544 608,1544 628,1536 658,1536 680,1536 713,1536 733,1536 790,1536 809,1535 1071,1535 1082,1535 1214,1535 1235,1534 1298,1534 1309,1536 1388,1536"/>
<TextEquiv><Unicode>Aristot. Pol. III. 9, 7: In den skandinavischen Ländern tritt diese</Unicode></TextEquiv>
</TextLine>

<TextLine id="line_24">
<Coords points="166,1555 354,1555 372,1555 446,1555 464,1555 515,1555 534,1555 754,1555 773,1554 887,1554 905,1554 1066,1554 1085,1554 1203,1554 1222,1553 1266,1553 1284,1554 1317,1554 1335,1554 1387,1554 1387,1581 1335,1581 1317,1580 1284,1580 1266,1580 1222,1580 1203,1588 1085,1588 1066,1581 905,1581 887,1589 773,1589 754,1589 534,1589 515,1582 464,1582 446,1582 372,1582 354,1591 166,1591 166,1555"/>
<Baseline points="166,1591 354,1591 372,1582 446,1582 464,1582 515,1582 534,1589 754,1589 773,1589 887,1589 905,1581 1066,1581 1085,1588 1203,1588 1222,1580 1266,1580 1284,1580 1317,1580 1335,1581 1387,1581"/>
<TextEquiv><Unicode>Eigenschaft auch der germanischen Könige deutlicher hervor, als in der</Unicode></TextEquiv>
</TextLine>

<TextLine id="line_25">
<Coords points="166,1610 221,1610 246,1601 411,1601 434,1600 590,1600 610,1599 786,1599 826,1600 892,1600 914,1599 1066,1599 1092,1599 1247,1599 1269,1599 1297,1599 1322,1598 1387,1598 1387,1627 1322,1627 1297,1626 1269,1626 1247,1626 1092,1626 1066,1635 914,1635 892,1635 826,1635 786,1627 610,1627 590,1627 434,1627 411,1628 246,1628 221,1629 166,1629 166,1610"/>
<Baseline points="166,1629 221,1629 246,1628 411,1628 434,1627 590,1627 610,1627 786,1627 826,1635 892,1635 914,1635 1066,1635 1092,1626 1247,1626 1269,1626 1297,1626 1322,1627 1387,1627"/>
<TextEquiv><Unicode>uns bekannten deutschen Geschichte. Vgl. Grimm, Rechtsalt. S. 243.</Unicode></TextEquiv>
</TextLine>

<TextLine id="line_26">
<Coords points="167,1647 227,1647 247,1647 396,1647 422,1647 553,1647 579,1646 777,1646 796,1645 894,1645 913,1645 1017,1645 1034,1645 1136,1645 1156,1653 1212,1653 1234,1644 1289,1644 1315,1645 1390,1645 1390,1673 1315,1673 1289,1672 1234,1672 1212,1672 1156,1672 1136,1672 1034,1672 1017,1673 913,1673 894,1681 796,1681 777,1681 579,1681 553,1682 422,1682 396,1675 247,1675 227,1675 167,1675 167,1647"/>
<Baseline points="167,1675 227,1675 247,1675 396,1675 422,1682 553,1682 579,1681 777,1681 796,1681 894,1681 913,1673 1017,1673 1034,1672 1136,1672 1156,1672 1212,1672 1234,1672 1289,1672 1315,1673 1390,1673"/>
<TextEquiv><Unicode>Der christlich gesinnte norwegische König Hakon wurde von den noch</Unicode></TextEquiv>
</TextLine>

<TextLine id="line_27">
<Coords points="166,1693 355,1693 370,1693 484,1693 497,1701 692,1701 712,1700 750,1700 763,1691 830,1691 842,1691 922,1691 935,1692 1008,1692 1022,1691 1089,1691 1102,1691 1181,1691 1193,1690 1391,1690 1391,1718 1193,1718 1181,1717 1102,1717 1089,1718 1022,1718 1008,1718 935,1718 922,1727 842,1727 830,1719 763,1719 750,1718 712,1718 692,1728 497,1728 484,1720 370,1720 355,1721 166,1721 166,1693"/>
<Baseline points="166,1721 355,1721 370,1720 484,1720 497,1728 692,1728 712,1718 750,1718 763,1719 830,1719 842,1727 922,1727 935,1718 1008,1718 1022,1718 1089,1718 1102,1717 1181,1717 1193,1718 1391,1718"/>
<TextEquiv><Unicode>heidnischen Bauern gezwungen, an dem Ding nach dem alten Herkommen</Unicode></TextEquiv>
</TextLine>

<TextLine id="line_28">
<Coords points="167,1747 205,1747 223,1739 341,1739 361,1738 409,1738 422,1738 628,1738 647,1747 684,1747 703,1738 820,1738 834,1738 894,1738 908,1737 1112,1737 1126,1745 1162,1745 1175,1744 1266,1744 1286,1736 1388,1736 1388,1764 1286,1764 1266,1763 1175,1763 1162,1764 1126,1764 1112,1765 908,1765 894,1765 834,1765 820,1765 703,1765 684,1766 647,1766 628,1766 422,1766 409,1766 361,1766 341,1775 223,1775 205,1766 167,1766 167,1747"/>
<Baseline points="167,1766 205,1766 223,1775 341,1775 361,1766 409,1766 422,1766 628,1766 647,1766 684,1766 703,1765 820,1765 834,1765 894,1765 908,1765 1112,1765 1126,1764 1162,1764 1175,1763 1266,1763 1286,1764 1388,1764"/>
<TextEquiv><Unicode>zu opfern, die Weihebecher zu trinken und Pferdefleisch zu essen. Konr.</Unicode></TextEquiv>
</TextLine>

<TextLine id="line_29">
<Coords points="166,1785 324,1785 343,1785 392,1785 411,1785 587,1785 605,1785 656,1785 675,1785 892,1785 913,1784 1054,1784 1075,1791 1141,1791 1161,1781 1389,1781 1389,1809 1161,1809 1141,1809 1075,1809 1054,1810 913,1810 892,1819 675,1819 656,1811 605,1811 587,1820 411,1820 392,1812 343,1812 324,1820 166,1820 166,1785"/>
<Baseline points="166,1820 324,1820 343,1812 392,1812 411,1820 587,1820 605,1811 656,1811 675,1819 892,1819 913,1810 1054,1810 1075,1809 1141,1809 1161,1809 1389,1809"/>
<TextEquiv><Unicode>Maurer, die Bekehrung des norwegischen Stammes zum Christenthum.</Unicode></TextEquiv>
</TextLine>

<TextLine id="line_30">
<Coords points="166,1829 189,1829 211,1829 315,1829 334,1831 362,1831 362,1858 334,1858 315,1857 211,1857 189,1856 166,1856 166,1829"/>
<Baseline points="166,1856 189,1856 211,1857 315,1857 334,1858 362,1858"/>
<TextEquiv><Unicode>I. S. 160 ff.</Unicode></TextEquiv>
</TextLine>

<TextLine id="line_31">
<Coords points="277,1875 401,1875 430,1867 525,1867 550,1875 600,1875 633,1875 770,1875 795,1874 1007,1874 1033,1879 1084,1879 1108,1870 1186,1870 1209,1870 1238,1870 1262,1868 1388,1868 1388,1902 1262,1902 1238,1895 1209,1895 1186,1897 1108,1897 1084,1907 1033,1907 1007,1900 795,1900 770,1909 633,1909 600,1902 550,1902 525,1903 430,1903 401,1907 277,1907 277,1875"/>
<Baseline points="277,1907 401,1907 430,1903 525,1903 550,1902 600,1902 633,1909 770,1909 795,1900 1007,1900 1033,1907 1084,1907 1108,1897 1186,1897 1209,1895 1238,1895 1262,1902 1388,1902"/>
<TextEquiv><Unicode>Tacitus, Germ. 14: „Materia munificentiae per bella et raptus.“</Unicode></TextEquiv>
</TextLine>

<TextLine id="line_32">
<Coords points="168,1928 191,1928 216,1920 274,1920 300,1920 411,1920 436,1921 512,1921 538,1928 569,1928 591,1919 740,1919 765,1918 956,1918 981,1914 1168,1914 1213,1912 1299,1912 1325,1919 1390,1919 1390,1938 1325,1938 1299,1938 1213,1938 1168,1952 981,1952 956,1954 765,1954 740,1947 591,1947 569,1947 538,1947 512,1947 436,1947 411,1954 300,1954 274,1947 216,1947 191,1947 168,1947 168,1928"/>
<Baseline points="168,1947 191,1947 216,1947 274,1947 300,1954 411,1954 436,1947 512,1947 538,1947 569,1947 591,1947 740,1947 765,1954 956,1954 981,1952 1168,1952 1213,1938 1299,1938 1325,1938 1390,1938"/>
<TextEquiv><Unicode>c. 26: „Agros inter se secundum dignationem partiunter.“ Diese aus-</Unicode></TextEquiv>
</TextLine>

<TextLine id="line_33">
<Coords points="169,1965 311,1965 331,1963 622,1963 640,1964 692,1964 711,1963 825,1963 844,1963 904,1963 924,1962 1044,1962 1063,1959 1117,1959 1142,1958 1215,1958 1241,1956 1294,1956 1312,1956 1390,1956 1390,1983 1312,1983 1294,1984 1241,1984 1215,1985 1142,1985 1117,1992 1063,1992 1044,1989 924,1989 904,1990 844,1990 825,1998 711,1998 692,1990 640,1990 622,1991 331,1991 311,2000 169,2000 169,1965"/>
<Baseline points="169,2000 311,2000 331,1991 622,1991 640,1990 692,1990 711,1998 825,1998 844,1990 904,1990 924,1989 1044,1989 1063,1992 1117,1992 1142,1985 1215,1985 1241,1984 1294,1984 1312,1983 1390,1983"/>
<TextEquiv><Unicode>gedehnte Grundherrlichkeit der Könige und Fürsten ist, trotz der zahl-</Unicode></TextEquiv>
</TextLine>

<TextLine id="line_34">
<Coords points="169,2010 285,2010 297,2008 556,2008 574,2008 647,2008 660,2008 731,2008 751,2009 825,2009 844,2008 935,2008 955,2005 1006,2005 1020,2011 1110,2011 1123,2002 1288,2002 1300,2002 1392,2002 1392,2030 1300,2030 1288,2030 1123,2030 1110,2037 1020,2037 1006,2032 955,2032 935,2034 844,2034 825,2035 751,2035 731,2042 660,2042 647,2034 574,2034 556,2042 297,2042 285,2036 169,2036 169,2010"/>
<Baseline points="169,2036 285,2036 297,2042 556,2042 574,2034 647,2034 660,2042 731,2042 751,2035 825,2035 844,2034 935,2034 955,2032 1006,2032 1020,2037 1110,2037 1123,2030 1288,2030 1300,2030 1392,2030"/>
<TextEquiv><Unicode>reichen Entäuszerungen aller Art, noch durch das ganze Mittelalter hinab</Unicode></TextEquiv>
</TextLine>

<TextLine id="line_35">
<Coords points="169,2055 201,2055 220,2051 418,2051 437,2051 574,2051 574,2078 437,2078 418,2079 220,2079 201,2080 169,2080 169,2055"/>
<Baseline points="169,2080 201,2080 220,2079 418,2079 437,2078 574,2078"/>
<TextEquiv><Unicode>in Deutschland sichtbar.</Unicode></TextEquiv>
</TextLine>

<TextLine id="line_36">
<Coords points="276,2094 433,2094 453,2094 557,2094 576,2094 626,2094 646,2095 696,2095 696,2121 646,2121 626,2122 576,2122 557,2128 453,2128 433,2123 276,2123 276,2094"/>
<Baseline points="276,2123 433,2123 453,2128 557,2128 576,2122 626,2122 646,2121 696,2121"/>
<TextEquiv><Unicode>Homer&#39;s Odyss. IV. 45:</Unicode></TextEquiv>
</TextLine>

<TextLine id="line_37">
<Coords points="320,2138 402,2138 419,2138 471,2138 489,2138 584,2138 602,2138 693,2138 712,2136 921,2136 940,2135 1009,2135 1028,2134 1078,2134 1097,2135 1225,2135 1225,2171 1097,2171 1078,2161 1028,2161 1009,2161 940,2161 921,2164 712,2164 693,2164 602,2164 584,2165 489,2165 471,2165 419,2165 402,2174 320,2174 320,2138"/>
<Baseline points="320,2174 402,2174 419,2165 471,2165 489,2165 584,2165 602,2164 693,2164 712,2164 921,2164 940,2161 1009,2161 1028,2161 1078,2161 1097,2171 1225,2171"/>
<TextEquiv><Unicode>„Wie der Sonne Glanz umherstrahlt oder des Mondes,</Unicode></TextEquiv>
</TextLine>

<TextLine id="line_38">
<Coords points="319,2184 444,2184 462,2183 514,2183 532,2182 609,2182 626,2182 724,2182 743,2181 793,2181 813,2180 1036,2180 1055,2180 1254,2180 1254,2207 1055,2207 1036,2215 813,2215 793,2208 743,2208 724,2209 626,2209 609,2209 532,2209 514,2210 462,2210 444,2212 319,2212 319,2184"/>
<Baseline points="319,2212 444,2212 462,2210 514,2210 532,2209 609,2209 626,2209 724,2209 743,2208 793,2208 813,2215 1036,2215 1055,2207 1254,2207"/>
<TextEquiv><Unicode>Strahlte der hohe Palast des gottbeseligten Herrschers.“</Unicode></TextEquiv>
</TextLine>

<TextLine id="line_39">
<Coords points="170,2233 237,2233 258,2232 360,2232 381,2224 429,2224 457,2229 508,2229 531,2229 559,2229 598,2226 745,2226 770,2225 818,2225 839,2224 977,2224 1004,2225 1056,2225 1084,2225 1239,2225 1258,2223 1388,2223 1388,2250 1258,2250 1239,2253 1084,2253 1056,2253 1004,2253 977,2260 839,2260 818,2252 770,2252 745,2254 598,2254 559,2255 531,2255 508,2256 457,2256 429,2258 381,2258 360,2267 258,2267 237,2268 170,2268 170,2233"/>
<Baseline points="170,2268 237,2268 258,2267 360,2267 381,2258 429,2258 457,2256 508,2256 531,2255 559,2255 598,2254 745,2254 770,2252 818,2252 839,2260 977,2260 1004,2253 1056,2253 1084,2253 1239,2253 1258,2250 1388,2250"/>
<TextEquiv><Unicode>Vgl. Odyss. VI. 301 ff. Aehnlich die „Hallen“ der deutschen Fürsten.</Unicode></TextEquiv>
</TextLine>

</TextRegion>
</Page>
</PcGts>