1600 2402
44 234 1255 275 eine einfache. Die beiden oberen Radgehäuse B besitzen oberhalb
44 278 1256 324 Spannhaken, an dem unteren Fortsatz in C ist die Leine befestigt.
44 322 1259 365 Das untere Radgehäuse steht mit einer Hülse D in Verbindung, in
44 366 1258 404 welche beim Gebrauche das Ende der Säule eingelassen wird; an
44 409 1258 447 ihren beiden Seiten laufen die Räder G. Der Aufzug erfolgt mittels
45 453 1259 490 der Welle F und zweier Kurbeln KK′. Ein Haken I dient dazu, die
44 496 1259 541 Winde beim Nichtgebrauche auf dem Marsche etc. an den Gürtel
44 545 623 586 zu hängen. (Fig. 488 und 489.)
129 584 1259 624 Deutsche Armrüste mit Stahl- oder Hornbogen wurden schon
45 628 1260 673 am Ende des 14. Jahrhunderts mit der sogenannten „deutschen
44 672 1260 718 Winde“ (Fig. 490) gespannt, und diese Art erschien so einfach und
45 716 1259 763 praktisch, daſs sie gegen die Mitte des 15. Jahrhunderts auch auſser-
47 759 1261 802 halb des römischen Reiches Eingang fand. Mit der deutschen Winde
47 803 1260 850 ausgerüstete Armrustschützen nannte man in Frankreich cranequi-
45 865 149 884 nieurs.
137 890 1260 932 Der Mechanismus einer Zahnstangenwinde ist äuſserst einfach:
46 934 1262 979 Um eine Welle A (Fig. 491) läuft ein Drilling, dessen Triebstöcke
48 978 1260 1023 C in die Zahnstange eingreifen. Mit der Welle bewegt sich ein Zahn-
48 1022 1262 1067 rad, in welches eine Schraube ohne Ende D eingreift, die mit der
48 1065 1261 1109 Kurbel H in Verbindung steht. Die Zahnstange besitzt oberhalb
48 1109 1260 1155 eine Krappe, um die Sehne zu erfassen; unterhalb in M ist gemeinig-
47 1153 1262 1198 lich ein Haken angebracht, um die Winde an den Gürtel hängen
48 1197 1261 1237 zu können. Der Haken fehlt an unserem Exemplare, wurde aber in
50 1240 1260 1286 der Zeichnung hinzugefügt. Der Radmechanismus ist von einem Ge-
48 1284 1262 1331 häuse eingeschlossen, das rückwärts einen Bügel L besitzt, in welchen
50 1328 1261 1371 ein aus starken Hanfschnüren gefertigter Ring „Windfaden“ einge-
50 1382 339 1419 schlungen wurde.
134 1415 1261 1462 Zum Spannen der Armrust wurde der Windfaden von rückwärts
51 1459 1261 1501 über die Säule bis an den Knebel vorgeschoben, welcher den Wider-
52 1503 1263 1548 halt bildete; sodann wurden die Krappen der Zahnstange in die
53 1545 1262 1594 Sehne eingelegt und die Winde mit der Kurbel aufgezogen. (Fig. 492.)
135 1591 1264 1636 Zwischen 1550 und 1560 treten von Nürnberg und Augsburg
46 1635 1262 1673 aus die ersten Armrüste mit Stechermechanismen auf, welche nament-
54 1679 1262 1719 lich für das Zielschieſsen und selbst für die Jagd sich überaus vor-
56 1723 1263 1761 teilhaft erwiesen. Diese deutschen Stahle mit Stecher fanden so
57 1767 1263 1813 allgemeinen Beifall, daſs sie in groſser Anzahl in alle Länder ausge-
58 1809 1264 1848 führt wurden. Daher fehlen Armrüste mit solch feineren Abzug-
58 1857 933 1898 mechanismen in keiner gröſseren Waffensammlung.
364 150 927 181 D. Die Fernwaffen. 3. Die Armrust.
1202 144 1255 171 413
165 1956 1264 1999 Häufig greift der Triebstock in das Zahnrad und dieses erst in die Zahn-
63 1992 1264 2034 stange; dann liegt das Gehäuse beim Spannen oberhalb der Armrust, während es
61 2027 1265 2062 bei der oben beschriebenen an der rechten Seite der Säule zu stehen kommt, die
62 2068 815 2104 Kurbel aber in der gleichen Richtung sich bewegt.
168 2097 1266 2137 In der Waffensammlung des kaiserlichen Hauses in Wien wird auch eine
63 2131 1267 2174 Balläster bewahrt, bei welcher die Zahnstange in der Säule eingelassen ist und
65 2170 914 2204 der Mechanismus mittels eines Schlüssels aufgezogen wird.
