1600 2367
420 134 1076 166 § 7. Das Germanentum im römischen Reich.
147 212 1347 250 Abgaben an den Grundherrn. Andrerseits ist er als membrum terrae
148 259 1346 296 an die Scholle gebunden  und ist diese Gebundenheit eine erbliche.
147 306 1347 348 Die Ansiedlung von Kolonen diente zur Ausfüllung der Lücken, welche
149 353 1346 397 die Barbareneinfälle im Verein mit dem Druck der Rekrutierung und
149 399 1345 438 der Verwaltung in die Reihen des römischen Bauernstandes rissen.
148 445 1344 492 Der Kolonat ergänzte aber nicht bloſs den römischen Bauernstand,
149 492 1345 533 sondern auch die römische Armee, denn die Grundherren waren ver-
148 539 1346 581 pflichtet, ihre Kolonen als Rekruten zu stellen. Ausgehobene Kolonen
147 586 1346 627 bildeten den Kern der Heere, mit welchen das Reich die Schlachten
148 633 1347 673 der Völkerwanderung schlug . Die Entstehung des Kolonats ist
148 679 1348 724 streitig . Daſs er auf germanische Einflüsse zurückzuführen sei, hat
148 727 1347 765 vieles für sich. Denn die Gebundenheit und die Erblichkeit des Ver-
147 774 1347 818 hältnisses sind unrömische Züge. Vermutlich war es gerade die Rück-
148 821 1346 868 sicht auf die Einstellung in das Reichsheer, welches Unfreie grund-
148 871 1346 916 sätzlich ausschloſs, daſs man die Barbaren nicht als Knechte, sondern
149 920 1345 959 als rechtlich freie, aber an die Scholle gebundene Kolonen ansiedelte .
146 967 1345 1014 Wie dem auch sei, Thatsache ist, daſs zahlreiche Germanen, ja ganze
146 1012 1346 1059 Völkerschaften auf römischem Boden namentlich in den Grenzprovinzen
148 1058 1346 1101 als Kolonen unter die Grundbesitzer und auf den kaiserlichen Domänen
147 1105 1296 1145 verteilt wurden , um dem Reiche Bauern und Soldaten zu liefern.
229 1150 1345 1195 Höher als die Kolonen  stehen die seit dem Ausgang des dritten
148 1198 1345 1240 Jahrhunderts begegnenden Laeti , geschlossene Haufen von über-
148 137 188 166 34
257 1302 1346 1349 Cod. Just. XI 48, 23. Über die Stellung der Kolonen s. Karlowa, Röm.
147 1347 322 1374 RG S 918 f.
258 1386 1014 1421 Mommsen, Conscriptionsordnung, Hermes XIX 18.
258 1425 1346 1471 v. Savigny, Vermischte Schriften II 1. Zumpt, Die Entstehung und
148 1464 1345 1504 hist. Entwicklung des Kolonats, Rhein. Museum 1843 III 1. Giraud a. O. S 148.
148 1503 1345 1544 Revillout, Histoire du colonat, Revue hist. de droit français et étranger 1857
148 1542 1346 1585 III 216. Mommsen im Hermes XV 408. Jung a. O. S 357. Heisterbergk,
148 1581 1347 1618 Die Entstehung des Kolonats, 1876. Mommsen, Römische Geschichte V 216.
149 1621 1347 1659 Fustel de Coulanges, Recherches sur quelques problèmes d’histoire, 1885.
148 1660 1347 1697 Esmein, Mélanges d’hist. du droit, 1886, S 293. Karlowa, Röm. RG S 918 f.
256 1699 897 1735 Vgl. Mommsen, Hermes XV 408, XIX 18.
260 1741 1350 1781 Cod. Theod. V 4, 3: Scyras barbaram nationem … imperio nostro subegi-
150 1779 1347 1817 mus. Ideoque damus omnibus copiam ex praedicta gente hominum agros proprios
150 1819 1348 1855 frequentandi, ita ut omnes sciant susceptos non alio iure quam colonatus apud se
149 1862 253 1887 futuros.
272 1897 1348 1937 Im 5. Jahrh. gilt die Ehe der Läten mit Kolonen für eine ungleiche Ehe,
150 1937 1349 1970 aus welcher die Kinder dem Herrn der Kolonen zufallen. Nov. Severi II 1 bei
150 1977 1348 2009 Haenel c. 338, aber nur lückenhaft. Vervollständigt bei Bluhme, MG LL
150 2018 259 2044 III 624.
272 2056 1348 2089 Böcking, Notitia dignitatum II 1044. Giraud, Essai I 184. v. Beth-
152 2095 999 2128 mann-Hollweg a. O. S 113. v. Wietersheim I 322.
