1600 2367
217 242 1433 274 Jahrhunderts die Salier auf. Schon in der Zeit Julians sind sie unter
220 289 1431 327 den Franken „primi omnium“. Damals hatten sie Toxandrien be-
219 337 1432 376 setzt, wurden von Julian besiegt, durften aber die eigenmächtig be-
219 385 1432 416 siedelten Gebiete unter römischer Hoheit vermutlich als Föderaten
218 427 1431 463 behalten. Das römische Ämterverzeichnis von etwa 412 zählt mehrere
219 479 1432 518 salische Truppenkörper auf, kennt aber die Sitze der Salier nicht mehr
219 527 1430 558 als Bestandteile des Reiches. Die Herkunft der Salier ist dunkel.
219 574 1431 612 Wahrscheinlich sind die Bataver und die Kannenefaten, vielleicht auch
218 622 1432 661 die Sugambern in sie aufgegangen, allein die namengebende Völker-
220 669 1432 709 schaft scheint einst an der Yssel, in dem später sogenannten Salgau
219 717 1432 754 oder Salland gesessen zu haben und dann vermutlich von den
218 765 1432 802 Friesen gedrängt gegen Süden gezogen zu sein. Mit den Saliern
218 812 1432 848 verschmolzen nachmals auch die Chattuarier, die im vierten Jahr-
217 857 1431 897 hundert von ihnen noch unterschieden werden. Nach ihrem Königs-
218 903 1431 942 geschlechte, dem die Sage göttlichen Ursprung beilegte, hieſsen die
220 950 1432 990 Salier gelegentlich auch Merowingi, ihr Land Merowingia. Bedeu-
219 1000 1433 1039 tend später wird in sicheren Zeugnissen der zweite groſse Zweig des
218 1048 1431 1088 Frankenstammes, das Volk der Ribuarier genannt, welche aus den
218 1097 1432 1136 alten Amsivariern und Brukterern hervorgegangen sind. Auch die
1390 165 1428 194 43
507 162 1141 194 § 8. Das Auftreten der deutschen Stämme.
328 1200 1434 1233 Amm. Marc. 17, 8 zum J. 358: petit primos omnium Francos, eos videlicet
218 1240 1431 1273 quos consuetudo Salios appellavit ausos olim in Romano solo apud Toxiandriam
218 1279 809 1312 locum habitacula sibi figere praelicenter.
329 1320 1294 1352 Waitz, VG II 1 S 28 Anm 5. Schröder, Deutsche RG I 96.
329 1360 1432 1394 Nach Müllenhoff, Z f. DA XXIII 26 ff. ist das Volk der Sugambern er-
219 1400 1431 1434 loschen und habe der Name nur noch als poetische und rhetorische Wendung in
219 1438 1432 1473 der entstellten Form Sygambri oder Sigambri fortgelebt. S. dagegen Waitz, VG
219 1477 367 1502 II 1 S 25.
329 1517 1431 1550 Waitz, VG II 1 S 23. Schröder, Herkunft der Franken und Z2 f. RG
218 1554 1431 1591 II 1 ff. läſst die Salier aus Batavern, Kannenefaten und Kugernen (den Überresten
219 1596 1431 1630 der von Tiberius verpflanzten Sugambern) hervorgehen. S. noch Müllenhoff in
218 1635 1430 1668 der deutschen Litteraturzeitung 1878 Nr 11 und Lamprecht, Fränkische Wan-
218 1674 1431 1708 derungen u. Ansiedlungen, vornehmlich im Rheinland, Z d. Aachener Geschichtsver.
217 1714 360 1739 IV 189 ff.
329 1752 1144 1783 Zeuſs S 329. Anderer Ansicht Schröder, RG I 95.
329 1790 1271 1825 Zosimus III 6. Gegen Schröders Zweifel Waitz II 22 Anm. 3.
330 1829 1433 1864 Siehe Waitz, VG II 1 S 25 Anm 2, S 33 Anm. Merewioinga im Beóvulf
217 1869 648 1902 hsg. von Heyne, Vers 2922.
329 1903 1429 1943 Über die bei Jordanes genannten Ripari (oli?) s. E. Mayer, Zur Ent-
217 1947 1429 1981 stehung der Lex Rib. 19 Anm. Die Ansicht Mayers, daſs erst die Lex Rib. den
217 1987 1429 2021 Unterschied zwischen Saliern und Ribuariern hervorgerufen habe, S 38, kann kaum
217 2027 1429 2061 ernst genommen werden. Siehe Schröder, RG S 97. In der Decr. Childeberti II.
216 2066 1428 2100 wird c. 14 statt des Francus der Salicus genannt, weil das Wort Francus in c. 8
217 2106 1428 2140 bereits in anderem Sinne, nämlich als Gegensatz zur debilior persona verbraucht
216 2146 393 2172 worden war.
