1600 2367
208 232 1414 269 Da man die Knie oder Glieder nur auf einer Seite zählte, waren so-
209 279 1413 314 nach Geschwister im ersten, Geschwisterkinder im zweiten Knie oder
211 323 1413 364 Glied mit einander verwandt. Wenn man die Kniezählung erst bei
212 373 1414 413 der Magschaft im engeren Sinne, bei der Gabelung der Vater- und
211 419 1413 460 Muttermagen begann, so zählte als erstes Knie das der Groſseltern,
212 466 1336 502 waren also z. B. Geschwisterkinder im ersten Gliede verwandt.
290 514 1416 551 Im Wirtschaftsleben, im Heerwesen und im Rechte der Germanen
211 561 1416 601 hatte der Verband der Sippe eine weitreichende Bedeutung. Es hat
213 608 1413 648 eine Zeit gegeben, da die Sippe eine agrarische Genossenschaft war,
213 654 1416 695 indem die aufzuteilenden Stücke der Feldmark den einzelnen Sippen
214 701 1416 740 zur gemeinsamen Bewirtschaftung überwiesen wurden. In der nach-
215 749 1418 786 cäsarischen Zeit erscheint allerdings die räumlich geschlossene Dorf-
215 796 1419 835 schaft und nicht die Sippe als Eigentümer der Dorfmark, allein von der
216 846 1422 884 thatsächlichen Verknüpfung der Sippe mit den Grundbesitzverhältnissen
218 887 1422 934 zeigen sich noch in der fränkischen Periode deutliche Spuren. Das
218 943 1420 980 alamannische Volksrecht setzt den Fall, daſs zwei Sippen um die
218 989 1420 1022 Grenzen ihrer Feldmark streiten. In einem althochdeutschen Ge-
217 1036 1420 1074 dichte wird der Streit an der Mark als ein Streit mit den Magen
217 1081 1419 1122 gedacht. In Baiern finden wir Geschlechter als solche (genealogiae)
217 1128 1422 1165 im Besitze von Ländereien, die sie veräuſsern. Ausdrücke, welche
219 1173 1421 1214 den Sippeverband bezeichnen (genealogia, fara, mægđ), werden in
218 1222 1422 1258 territorialer Anwendung gebraucht, um ein bestimmtes Gebiet oder
219 1268 1422 1304 einen Ort zu bezeichnen. In Niederdeutschland haben sich
211 158 251 187 84
684 154 934 185 § 13. Die Sippe.
341 1370 796 1402 Heusler, Institutionen II 592.
341 1411 624 1437 Lex Alam. Hlo. 87.
342 1448 1425 1482 Muspilli bei Müllenhoff u. Scherer, Denkmäler deutscher Poesie und
221 1488 1424 1523 Prosa aus dem 8. bis 12. Jahrh., 2. Aufl., S 7 v. 60: Uuâr ist diu marha, dar man
222 1528 947 1563 mit sînên mâgon piec? diu marha ist farprunnan.
343 1566 1424 1599 Meichelbeck, Hist. Fris. I S 49 v. J. 750 läſst sich Bischof Josef von
221 1606 1425 1645 Freising Ländereien bei Erching von den Geschlechtern der Agilolfinger einerseits,
224 1645 1427 1685 der Fagana andererseits schenken und tradieren. Auf agilolfingischer Seite schenkt
224 1685 1426 1719 Tassilo consentientibus Alfrid cum fratribus suis et participibus eorum atque con-
225 1724 1427 1762 sortiis. Reliquas autem partes quicquid ad genealogiam quae vocatur Fagana
224 1763 1427 1802 pertinebat, tradiderunt ipsi, id sunt Ragino, Anulo, Wetti, Vurmhart et cuncti parti-
226 1803 1426 1841 cipes eorum. Weiter ist von fines utrorumque genealogiarum die Rede. Vgl.
227 1841 1042 1878 Graf Hundt in den Abh. der bayr. Akad. XII 1, 173 f.
351 1881 1428 1917 Genealogia, Collectio Pataviensis 5 Zeumer 459 (Rozière 318): datis
227 1921 1428 1957 in vico et genealogia, quae dicuntur. S. noch die Citate bei Waitz I 83 Anm 3.
226 1960 1428 1997 Bei den Angels. wird mægđ und cyđ für regio gebraucht. Gierke, GR I 61 Anm 1.
229 1999 1429 2031 Sehr oft findet sich in Italien und in Frankreich das Wort fara in örtlicher An-
226 2038 1429 2076 wendung. Für Italien s. die Beispiele bei Schupfer, L’allodio S 45. Im Cod.
226 2075 1431 2116 dipl. Lang. Nr 464 v. J. 915 findet sich eine fara Libani, jetzt fara Olivana oder
227 2118 1430 2154 Ulivana genannt. Nach Diez, Etym. WB bedeutet fara im Lombardischen ein
