1600 2367
500 154 1078 188 § 10. Das Wirtschaftsleben der Urzeit.
190 232 1396 274 mutungen möglich. In ältester Zeit hat wohl eine dauernde Schei-
192 278 1397 321 dung von Ackerland und Weideland überhaupt nicht stattgefunden,
192 326 1396 363 sondern wurde der Boden durch wilde Feldgraswirtschaft ausgenutzt,
192 373 1396 413 welche von der ganzen Flur nur einzelne Stücke in unregelmäſsigem
192 419 1398 459 Wechsel bebaute, um sie nach einiger Zeit als Weideland liegen zu
192 465 1398 508 lassen . Übrigens ist in dem halben Jahrtausend, welches dem Beginn
193 512 1397 552 unserer Zeitrechnung folgte, der wirtschaftliche Zustand des Volkes
193 557 1398 600 nicht stabil geblieben, sondern hat einen allmählichen Übergang
194 606 1398 644 von loser zu festerer Siedelung, von oberflächlichem zu intensiverem
194 653 1398 691 Ackerbau durchgemacht, eine Wandelung, von welcher zunächst die
196 700 825 737 westlichen Stämme ergriffen wurden.
276 755 1401 792 Die ältesten Grundbesitzverhältnisse der Germanen sind Gegen-
196 803 1400 840 stand einer lebhaft erörterten Kontroverse, welche sich um die Gegen-
197 852 1400 885 sätze des Sonderrechtes und des Gemeinschaftsrechtes an Grund und
196 901 1400 934 Boden dreht. So vielfach die neueste Litteratur diese brennende
195 948 1401 989 Frage behandelte, so vermochte sie doch nicht zu festen Ergebnissen
197 996 1403 1032 oder auch nur zu einer communis opinio zu gelangen. Denn die Be-
196 1041 1404 1081 richte der Alten reichen nicht völlig aus, und die Bemühungen sie
197 1088 1401 1127 aus jüngeren Quellen zu ergänzen bewegen sich auf schwankendem
197 1134 1405 1172 Boden. Nichtsdestoweniger muſs es versucht werden, hier in allge-
197 1180 1405 1219 meinsten Umrissen ein Bild unserer ältesten Agrarverfassung zu ent-
201 1230 319 1262 werfen.
279 1283 1403 1321 Dabei darf nicht der Gegensatz von Gemeinschaftsrecht und Son-
200 1331 1404 1373 derrecht, sondern muſs der Gegensatz von gemeinschaftlicher Nutzung
200 1379 1403 1420 und Sondernutzung zum Ausgangspunkte der Betrachtung erhoben
201 1426 1406 1465 werden. Denn wenn es richtig ist, daſs in den Anfängen der Kultur
202 1472 1404 1512 das nutzbare Land nicht durch die in der Isolierung unzureichende
201 1520 1405 1555 Kraft des Einzelnen, sondern durch die vereinte Arbeit wirtschaftlicher
200 1566 1405 1603 Verbände verwertet wurde , so liegt es auf der Hand, daſs das Ur-
201 1612 1405 1657 eigentum an Grund und Boden nicht ein Sondereigentum, sondern
202 1659 1406 1701 ein Gemeinschaftseigentum war und daſs der Fortschritt sich zunächst
202 1706 1406 1749 durch den Übergang von der gemeinschaftlichen zur Sondernutzung
202 1754 1405 1795 vollzog, welche dann nach längerer Dauer das Sondereigentum an
204 1805 682 1842 Grund und Boden erzeugte.
188 162 227 192 58
322 1909 1408 1940 Die Dreifelderwirtschaft ist erst in karolingischer Zeit nachzuweisen.
203 1950 923 1983 Inama-Sternegg I 402; Lamprecht I 545 f.
313 1988 1409 2025 Spuren von Individualwirtschaft, wie sie Dargun, Ursprung und Entwick-
204 2027 1408 2063 lungsgeschichte des Eigentums, Z f. vgl. RW V 1, bei verschiedenen Naturvölkern
204 2066 1407 2100 nachweisen will, befinden sich noch unter den Vorstufen aller Kultur und berechti-
206 2108 915 2143 gen nicht von einem Grundeigentum zu sprechen.
