1600 2367
234 248 1440 288 nicht lange auf sich warten lassen . Die Vermischung der beiden
234 295 1439 332 Bevölkerungsmassen fand zunächst ein Hindernis an dem Arianismus
236 342 1440 378 der Germanen. Im westgotischen Reiche waren zudem die Ehen
234 389 1439 429 zwischen Westgoten und Römern bis zur Zeit des Königs Reckessuinth
235 434 1439 477 gesetzlich verboten. Allein als diese Schranken hinweggefallen waren,
236 482 1440 526 stand einer raschen und innigen Verschmelzung der Burgunder und
235 529 1373 573 Westgoten mit den römischen Provinzialen nichts mehr im Wege.
316 583 1440 621 Bei den Vandalen erfolgte die Landnahme nicht im Anschluſs
236 632 1441 668 an das römische Einquartierungssystem, sondern nach den Grundsätzen
237 677 1441 714 des Eroberungsrechtes. In der ersten Zeit ihres Aufenthalts waren
237 725 1441 765 sie vermutlich bei den römischen Grundbesitzern einquartiert. Als
237 771 1440 810 es nach der Einnahme Karthagos (439) oder nach dem Frieden von
236 819 1440 859 442 zu einer festen Ansiedelung des Volkes kam, wurde nicht ein
236 867 1440 907 Verhältnis der hospitalitas begründet, sondern die in der Nähe
235 916 1442 959 Karthagos gelegene sogenannte prokonsularische Provinz, die provincia
235 963 1442 1002 Zeugitana zur geschlossenen Niederlassung des Volkes ausersehen.
236 1011 1442 1049 Zunächst machten die Vandalen hier tabula rasa, indem sie die
236 1057 1443 1099 römischen Grundbesitzer töteten, vertrieben oder in Hörigkeit ver-
236 1103 1442 1140 setzten. Das zur Ausstattung der Vandalen erforderliche Land wurde
238 1148 1443 1185 dann vermittelst des Seiles vermessen und unter die Vandalen ver-
237 1196 1443 1234 teilt, deren Landlose (sortes Vandalorum) sonach einen zusammen-
236 1243 1441 1286 hängenden Komplex bildeten. Groſse Güter nahm der König für sich
236 1290 1441 1328 und sein Haus in der Zeugitana und in anderen Provinzen. Wo in
236 1333 1443 1376 letzteren die Römer nicht expropriiert wurden, waren sie als Grund-
237 1385 764 1421 besitzer dem König tributär .
319 1439 1441 1479 Die Langobarden  traten nach ihrer Ankunft in Italien zu-
237 1487 1442 1532 nächst in das Verhältnis der hospitalitas. Die römischen possessores
238 1534 1441 1578 muſsten ihnen Quartier und vermutlich auch Verpflegung gewähren.
237 1579 1442 1619 Über die Art der Landnahme scheinen dann Differenzen zwischen dem
237 1629 1444 1670 Volke und dem Königtum ausgebrochen zu sein. Der Langobarden-
544 170 1134 201 § 11. Die Landnahme in den Provinzen
236 172 275 200 68
358 1738 1442 1775 Ein Schreiben Theoderichs sagt von den Folgen der Landteilung: sic enim
239 1778 1443 1813 contigit, ut utraque natio, dum communiter vivit, ad unum velle convenit … Una
239 1817 1443 1853 lex illos et aequabilis disciplina complectitur. Necesse est enim, ut inter eos suavis
240 1858 1442 1892 crescat affectus, qui servant iugiter terminos constitutos. Cassiodori Varia II 16.
361 1896 1194 1929 Procop, De bello Vand. I 5. Dahn, Könige I 204. 241.
360 1936 1443 1971 Hegel, Gesch. der Städteverfassung von Italien, 1847, I 352. Bethmann-
240 1976 1442 2014 Hollweg IV 301 ff. Troya, Della condizione de’ Romani vinti dai Langobardi,
240 2015 1442 2050 1844. Baudi di Vesme e Fossati, Vicende della proprietà in Italia … 1836.
240 2055 1440 2092 G. Caumo, Sulla condizione dei Romani vinti dai Langobardi, 1870. Pertile,
241 2095 1441 2132 Storia del diritto ital. I 44 ff. Schupfer, Delle istituzioni politiche longob., 1863;
240 2135 1312 2166 derselbe, Aldi, Liti e Romani, Estratto dall’ Enciclop. giur. ital. 1887.
