1600 2367
586 152 992 187 § 9. Die Reichsgründungen
188 228 1390 272 Jahrhunderts sitzen sie in der Stellung römischer Föderaten am linken
189 274 1390 320 Rheinufer in der Gegend von Worms und bilden jenes sagenberühmte
190 322 1391 370 Reich, welches im Nibelungenliede verewigt ist. In Kämpfe mit den
190 369 1391 412 Römern verwickelt, wurden sie 435 von Aëtius besiegt und erlitten
191 417 1393 466 im folgenden Jahre durch Hunnen, welche vermutlich Aëtius gedungen
192 465 1392 513 hatte, eine furchtbare Niederlage, in der ihr König Gundahar und
194 507 1395 561 ein groſser Teil des waffenfähigen Volkes fiel. Den Überresten der
194 558 1395 608 Burgunder wiesen die Römer 443 die Sapaudia (Savoien) als Heimat
195 606 1396 648 an. Von hier aus haben sie sich in den gallischen Wirren weiter
196 652 1396 699 ausgebreitet, nicht ohne Mitwirkung der römischen Provinzialen, die
198 699 1397 744 die Burgunder herbeiriefen, um die römischen Steuerbeamten loszu-
198 745 1397 786 werden . Die weiteren Schicksale des Burgunderreiches greifen so
199 793 1399 835 sehr in die Geschichte des fränkischen Reiches ein, daſs sie besser
199 841 1399 893 bei dieser besprochen werden. Von den ostgermanischen Stämmen
200 890 1399 935 stehen die Burgunder den Westgermanen am nächsten, so nahe, daſs
199 939 1400 980 man sie als ein Mittelglied bezeichnen darf. Ihre Sprache vereinigt
199 989 750 1034 gotische und deutsche Formen .
282 1041 1401 1078 An den Ufern des Schwarzen Meeres angelangt, haben die Goten
202 1086 1403 1126 einerseits das römische Reich durch verheerende Einfälle und Piraten-
203 1132 1404 1179 züge in Schrecken versetzt, andrerseits ihre Herrschaft nach Osten hin
203 1179 1406 1224 bis in Gegenden des Don ausgedehnt. Aurelian gab ihnen Dacien
205 1226 1405 1278 preis, Konstantin schloſs ein foedus mit ihnen ab. Das ganze Volk
207 1274 1407 1317 zerfiel in die zwei Hauptstämme der Therwingen oder Westgoten und
206 1322 1406 1365 der Greuthungen oder Ostgoten. Letztere erlagen dem vereinigten
208 1371 1407 1417 Angriff der Hunnen und Alanen; die Westgoten wichen damals zum
209 1419 1408 1465 groſsen Teile nach Süden aus, gingen über die Donau und vernichteten
209 1464 1410 1506 ein römisches Heer bei Adrianopel (378). Erst der klugen Politik
209 1510 1411 1555 des Kaisers Theodosius gelang es, sie zu pacificieren, indem er ihnen
210 1557 1412 1603 Wohnsitze anwies und sie als Föderaten in den römischen Kriegs-
211 1603 1413 1651 dienst aufnahm. Nach dem Tode des Theodosius erhoben sie Alarich
212 1650 1413 1698 aus dem Geschlechte der Balthen zum König, der sie von Illyrien
213 1696 1413 1743 nach Italien führte. Unter dessen Nachfolger Athaulf besetzten sie
189 165 228 194 50
215 1798 1416 1842 constituta burgos vulgo vocant. Das Wortspiel wurde zur Fabel von der römischen
216 1839 1416 1880 Herkunft der Burgunder ausgesponnen, über welche Ammianus Marcellinus XXVIII
215 1878 1416 1924 5, 11 berichtet, indem er die Burgunder sagen läſst: quod iam inde temporibus
217 1922 953 1965 priscis subolem se esse romanam Burgundii sciunt.
327 1955 1418 1999 Fredegar II 46: invitati sunt a Romanis vel Gallis, qui Lugdunensium
219 1995 1419 2043 provincia et Gallia comata et cisalpina commanebant, ut tributarii publice po-
220 2043 919 2076 tuissent renuere. Binding S 9. Jahn I 254.
329 2073 1421 2117 Wackernagel, Sprache und Sprachdenkmäler der Burgunden bei Bin-
220 2125 521 2161 ding a. O. S 331 ff.
