1600 2367
154 230 1352 278 oder zum Zeugnis über rechtliche Handlungen bestimmt waren . Als
152 274 1352 320 Führer durch die unübersehbare Masse des überlieferten Urkunden-
152 324 1353 375 stoffes dienen die Regesten, Verzeichnisse, welche in chronologischer
151 370 1352 420 Anordnung kurzgefaſste Inhaltsangaben darbieten. Solche Regesten-
152 419 1352 469 werke sind in neuerer und neuester Zeit insbesondere für die Königs-
152 464 1350 514 und Kaiserurkunden angelegt worden . Im Mittelalter hat man in
152 510 1354 561 den Kirchen und Klöstern Abschriften der Urkunden, welche sich auf
152 557 1352 611 die Rechtsverhältnisse der Kirche oder des Klosters bezogen, zur
151 604 1352 656 besseren Übersicht in besondere Codices, Kartularien, Traditionsbücher
151 653 1349 702 eingetragen. Bei der Eintragung wurden die Urkunden manchmal
151 701 1351 752 einer Verkürzung unterworfen, indem man Urkundenbestandteile, die
150 748 1350 795 als überflüssig erschienen, hinweglieſs, oder es wurde von vorne-
149 793 1350 842 herein nur eine Sammlung von Auszügen aus den Urkunden des
149 841 556 881 Kirchenarchivs angelegt.
238 888 1348 938 Zu den Nebenquellen zählen die rein historischen Quellen,
148 932 1347 982 Annalisten, Chronisten und Geschichtschreiber , Briefe, Gesandt-
149 979 1348 1029 schaftsberichte, Memoiren und Staatsschriften, Inschriften , Monu-
386 157 1114 194 § 3. Die Quellen der deutschen Rechtsgeschichte.
1332 164 1349 192 9
255 1084 1349 1129 Zur Orientierung über die Sammlungen gedruckter und ungedruckter in der
146 1122 1349 1169 historischen Litteratur erwähnter Urkunden dient Oesterley, Wegweiser durch die
146 1160 1348 1209 Litteratur der Urkundensammlungen, 2 Bde 1885. 1886 (vgl. Götting. gel. Anz. 1886
147 1199 1348 1248 Nr 22 S 890). Einer Aufzeichnung der wichtigsten Urkundenpublikationen, wie sie
147 1241 1348 1286 noch Eichhorn und Phillips für zweckmäſsig hielten, darf man sich jetzt durch
145 1278 1348 1324 einen Hinweis auf jenes Werk und auf das Verzeichnis entheben, welches sich bei
146 1316 1349 1364 Dahlmann-Waitz, Quellen und Bearbeitungen der deutschen Geschichte, 3. Aufl.
147 1356 1348 1400 1883, unter den Nummern 307—455 vorfindet. Eine treffliche Auswahl von Urkun-
148 1394 1348 1444 den, welche für die Geschichte des deutschen Privatrechts von Belang sind, lieferten
147 1434 1347 1479 nebst Litteraturnachweisen Loersch u. Schröder, Urkunden zur Geschichte des
147 1470 1347 1521 deutschen Rechtes für den Gebrauch bei Vorlesungen und Übungen I. Privatrecht,
147 1509 343 1543 2. Aufl. 1881.
255 1556 1346 1598 Hervorzuheben sind Böhmers Regesta Imperii. Als neue Bearbeitungen
146 1591 1345 1637 und Fortsetzungen erschienen die Regesten der Karolinger: Regesta Imperii I
146 1628 1346 1676 752—918, bis jetzt vier Lieferungen, von Engelbert Mühlbacher, 1880 bis
148 1668 1345 1714 1886; die Regesten von Philipp bis Richard 1198—1272: Regesta Imperii V, von
147 1706 1346 1753 J. Ficker 1881 ff.; die Regesten Karls IV.: Regesta Imperii VIII, 1346—78, von
146 1745 1114 1791 Huber 1877. Im übrigen siehe Dahlmann-Waitz S 27. 30 ff.
262 1791 1346 1829 Potthast, Bibliotheca historica medii aevi, Wegweiser durch die Ge-
147 1825 1346 1870 schichtswerke des europäischen Mittelalters 375—1500, 1862, dazu ein Supple-
146 1867 1346 1907 ment 1868. Die wichtigsten Quellen und Bearbeitungen der deutschen Geschichte
146 1906 1345 1941 verzeichnet Dahlmann-Waitz a. O. Eine Geschichte der deutschen Historio-
146 1944 1345 1986 graphie gaben Wattenbach, Deutschlands Geschichtsquellen im Mittelalter bis
145 1982 1345 2025 zur Mitte des 13. Jahrh., 5. Aufl., 2 Bde 1885. 1886, und Lorenz, Deutschlands
147 2018 1345 2062 Geschichtsquellen von der Mitte des 13. bis zum Ende des 14. Jahrh., 2. Aufl.
146 2056 692 2099 2 Bde 1876—77, 3. Aufl. 1. Bd 1886.
252 2103 1344 2140 Neben den germanischen Runeninschriften kommen die römischen Inschriften
