1600 2404
529 170 1033 203 § 67. Königstreue und Huldigung.
182 249 1385 287 ero secundum meum savirum , sicut Francus homo per rectum esse
179 295 1384 337 debet regi suo . Die Eide, welche Karl der Kahle 858 und 872
177 342 1384 383 von den Groſsen verlangte, gingen in der Hauptsache dahin, dem
178 388 1383 431 König in Rat und That ein treuer Helfer zu sein zur Aufrechterhal-
179 437 1385 479 tung und Verteidigung seiner Herrschaft , ihm treu und gehorsam zu
181 484 1387 526 sein und nichts gegen die Ruhe und den Bestand seiner Herrschaft
179 537 495 568 zu unternehmen .
262 583 1388 623 Ein ursprüngliches Recht des germanischen Königtums ist der
181 629 1386 670 allgemeine Unterthaneneid sicherlich nicht gewesen. Er scheint viel-
180 677 1351 714 mehr bei den Franken ebenso wie bei den Goten und Langobarden
181 724 1388 763 auf römisches Vorbild zurückzugehen . Ein Treueid, den nicht bloſs
182 773 1386 811 Soldaten und Beamte, sondern auch die übrigen Unterthanen dem
182 820 1388 862 Princeps leisteten , ist uns als römische Sitte bezeugt . Wurde
1346 170 1380 199 61
303 933 731 962 Nach meinem Wissen, savoir.
303 970 1157 1001 Karoli II. Conventus Attiniacensis, c. 13, Pertz, LL I 430.
303 1008 1389 1043 Pertz, LL I 457: quantum sciero et potuero .. et consilio et auxilio ..
183 1048 1388 1083 fidelis vobis adiutor ero, ut illam potestatem, quam in regio nomine et in regno
182 1090 958 1123 vobis Deus concessit .., tenere et gubernare possitis.
303 1128 1190 1164 Karoli II. Conventus apud Gundulfi villam, Pertz, LL I 518.
305 1171 1390 1205 Bei den Angelsachsen begegnet der Treueid der Unterthanen nicht vor
183 1210 1389 1241 dem zehnten Jahrhundert und dürfte er aus westfränkischem Einfluſs zu er-
183 1256 348 1281 klären sein.
307 1291 1389 1323 So Waitz VG in der ersten Auflage II 117, wogegen er nunmehr I 335,
182 1330 1222 1366 II 1, S. 208 nach dem Vorgange Roths die römische Analogie ablehnt.
305 1370 1390 1402 Roth bemerkt a. O. S. 111, daſs die Römer nur einen Diensteid der Le-
183 1408 1389 1447 gionen gekannt hätten. Aber ganz abgesehen davon, daſs der Eid des Militärs in
183 1446 1389 1482 einem Gemeinwesen, welches nicht zwischen Volk und Heer unterscheidet, zum
184 1485 1389 1524 allgemeinen Unterthaneneide werden muſste, der ja Weibern und Kindern selbst-
184 1524 1389 1561 verständlich nicht abgenommen wurde, ist Roths Einwurf thatsächlich unbegründet.
183 1565 1390 1601 Nach Mommsen, Staatsrecht II 768, schwören dem Princeps nicht nur sämt-
183 1605 1391 1641 liche Soldaten, sondern ‘es schlieſsen sich die Beamten und die sämtlichen Bürger
185 1646 1391 1679 und Unterthanen dem Treueid an, sodaſs er wenigstens den letzteren wohl regel-
184 1687 1392 1723 mäſsig von den Statthaltern geradezu abgefordert wurde’. Ein Beleg aus der Zeit
184 1726 1391 1762 Trajans a. O. S. 768, Anm. 4. In Herodian II 9, 5, einer Stelle, auf welche Herr
184 1766 1391 1802 Kollege Hirschfeld mich freundlichst aufmerksam machte, ist von einem Eide
185 1805 1391 1837 für Pertinax die Rede und scheint eine allgemeine Beeidigung vorzuliegen, bei
185 1844 1392 1876 welcher Severus als Statthalter für Pannonien vorangeht. Daſs sich Athalarich
185 1884 1392 1917 nicht bloſs von den Ostgoten, sondern auch von den Römern huldigen lieſs, bliebe
185 1923 1390 1958 unerklärlich, wenn die römische Sitte den Eid auf die Soldaten beschränkt hätte.
186 1962 1391 1997 Fustel de Coulanges, Monarchie S. 62, verweist auf Liber pontificalis, Du-
187 2002 1391 2037 chesne I 408, betreffend einen allgemeinen Eid, den sich der Usurpator Tiberius
186 2044 356 2071 leisten lieſs.
308 2079 1391 2116 Der Gegensatz deutscher Treue und römischen Gehorsams darf nicht zu
188 2119 1391 2154 sehr gepreſst werden. Der römische Eid verlangte mitunter mehr als die germa-
187 2153 1391 2194 nische Huldigung. Als Gaius seine Regierung antrat, wurde im ganzen Reiche der
