1600 2404
165 232 1368 296 später nur noch als rex, womit sich auch seine Nachfolger begnügen,
169 294 840 336 soweit sie nicht den Kaisertitel führen.
249 322 1371 382 Wie man sieht, erscheinen nur Volks-, nicht Ländernamen im
168 369 1372 438 Königstitel. Eine nähere Bezeichnung des Königtums durch das
171 415 1372 479 beherrschte Landgebiet ist dem amtlichen Sprachgebrauche der fränki-
173 491 471 526 schen Zeit fremd.
252 512 1375 569 Wahrzeichen der königlichen Gewalt war in der Zeit der Mero-
174 559 1377 624 winger der königliche Speer. Mittelst des Speeres übertrug König
174 607 1378 666 Guntchram sein Reich seinem Neffen Childebert . Den germanischen
175 653 1378 713 Charakter dieser Symbolik bezeugt die langobardische Rechtssitte, dem
175 692 1379 760 neuen König bei der Erhebung den Speer zu überreichen . Sinnbild
177 747 1381 810 des Königtums ist ferner der königliche Hochsitz, cathedra, solium
177 793 1382 860 regni . Auf seinen Hochsitz setzt Guntchram seinen Neffen Childe-
178 841 1384 906 bert, als er ihm sein Reich von Todes wegen vergabt . Wallendes
180 890 1385 956 Haupthaar bildete ein Kennzeichen nicht nur des Königs, sondern des
183 942 1386 1006 ganzen königlichen Geschlechtes. Als reges criniti führt Gregor von
187 990 1390 1047 Tours die ältesten Merowinger in die Geschichte ein. Comatus et
188 1037 1389 1103 pulcher et inclytus heiſst Chlodovech in einem der Texte des älteren
185 1079 1389 1145 Prologs zur Lex Salica. Soll ein Merowinger unfähig gemacht werden
188 1123 1390 1187 zur Herrschaft, so wird ihm das Haupthaar geschoren. Das war auch
188 1172 1392 1234 das Schicksal des letzten Merowingers, Childerichs III., als Pippin die
189 1222 1392 1289 Dynastie entsetzte. Aus dem Heidentum stammte der altertümliche
190 1271 1394 1332 Brauch, daſs der merowingische König bei feierlichen Gelegenheiten
437 155 1118 200 § 61. Titel, Ehrenzeichen und Regierungsantritt.
163 181 201 210 16
303 1379 1397 1436 Greg. Tur. Hist. Franc. VII 33: Post haec rex Gunthramnus data in manu
192 1415 1397 1481 regis Childeberti hasta ait: hoc est indicium, quod tibi omne regnum meum tradedi.
193 1455 1398 1521 Vgl. III 24, wo Childebert I. dem Theudebert, den er adoptieren will, de ornamentis,
194 1510 912 1561 quod regem habere decet, terna paria condonavit.
304 1538 1402 1593 Paulus, Hist. Lang. 6, 55. Schröder, Z.2 f. RG VII 58. Sie hängt
197 1575 1407 1630 mit der stärkeren Geltendmachung des Wahlprincips zusammen und darf nicht auf
199 1616 1403 1673 die regelmäſsige, durch Erbrecht bestimmte Thronfolge der mündigen Merowinger
201 1651 1404 1714 ausgedehnt werden. Die symbolische Bedeutung des königlichen Speers kenn-
200 1686 1410 1747 zeichnet die hübsche Sage, welche Paulus, Hist. Lang. 1, 15, erzählt und auf
201 1727 1405 1786 welche mich vor Jahren K. Lehmann aufmerksam gemacht hat. Als Lamisso
202 1765 1408 1824 mit seinen Brüdern von der Mutter ins Wasser geworfen worden war, ergreift er
204 1804 1407 1866 die hasta regia des Königs Agelmund. Rex … eum magnum futurum pronuntiat.
205 1843 1409 1909 Agelmund rettet ihn, läſst ihn erziehen, und Lamisso wird nachmals König. Das
207 1899 1056 1944 Erfassen des Speeres war das Omen der Thronbesteigung.
319 1920 1410 1979 Im Beowulf wird bregostól bildlich für Herrschaft gebraucht. In v. 2370 f.:
209 1961 1413 2028 þær him Hygd gebeád hord and rîce, beágas and bregostôl, entsprechen sich einer-
209 2000 1415 2062 seits Hort und Ringe, andererseits Reich und Herrscherstuhl. Über den Thron der
210 2049 1174 2103 Merowinger siehe W. Sickel, Gött. gel. Anzeigen 1889 S. 963 ff.
326 2083 1417 2141 Greg. Tur. Hist. Franc. V 17: et inponens eum super cathedram suam,
217 2144 622 2181 cunctum ei regnum tradedit.
