1600 2404
235 244 1443 284 imistischen Reichsverwaltung ist das persönliche Schutzverhältnis zu
237 291 1444 333 unterscheiden, in welches der unmündige König von dem nächsten
237 338 1443 376 männlichen Verwandten aufgenommen werden konnte , und ebenso
239 385 1442 429 die Pflegschaft, in welche der Mündel seiner Mutter oder einem beson-
238 434 795 473 deren Erzieher übergeben war .
320 479 1443 516 Als die Hausmeier die Führung der fränkischen Aristokratie
242 527 1445 572 gewonnen hatten, waren sie es, welche während der Unmündigkeit des
241 563 1444 618 Königs das Reich verwalteten. Schlieſslich wurde die Verwaltung des
240 621 1445 661 Reiches durch den Hausmeier auch auf die Zeit der Mündigkeit des
243 669 1445 713 Königs ausgedehnt. Der Ausgang der merowingischen Periode kenn-
242 716 1445 755 zeichnet sich dadurch, daſs der König thatsächlich niemals mündig
242 764 1446 806 wird, das Königtum als solches ein unmündiges bleibt. Denn der
242 812 1445 854 König ist auf jene Funktionen beschränkt, wie sie der Unmündige
243 859 1446 903 leistet, auf die äuſserliche Repräsentation des Königtums, während die
245 909 1447 952 Regierung ohne Rücksicht auf das Alter des Königs vom Hausmeier
241 961 499 1002 geführt wird .
326 1006 1447 1044 Im Hause der Karolinger stand die interimistische Reichsver-
243 1053 1446 1094 waltung und die Vormundschaft über die Person des Mündels dem
243 1103 707 1139 nächsten Schwertmagen zu.
606 1185 1090 1224 § 64. Der Königsbann.
244 1237 1447 1275 Waitz, VG II 1, S. 210. 286; III 113. Sohm, Reichs- und Gerichtsverfassung
244 1276 1447 1313 S. 103. v. Amira, Recht in Pauls Grundriss II 2, S. 180. v. Woringen, Bei-
244 1316 1448 1356 träge zur Geschichte des deutsch. Strafrechts S. 124 ff. Wilda, Strafrecht S. 469.
245 1356 1448 1393 Derselbe, Artikel Bann in Weiske’s Rechtslexicon. W. Sickel, Zur Geschichte
430 1397 1265 1431 des Bannes, Marburg 1886. Ficker, Forschungen I 62.
327 1469 1452 1514 Bann, bannus, in seiner Grundbedeutung feierliches Wort , ist
246 1517 1451 1568 der obrigkeitliche Befehl . Bann heiſst zweitens die Buſse , welche
234 172 275 200 34
666 167 1008 200 § 64. Der Königsbann.
246 1596 1451 1631 matre regnaturum. Ihr Name steht neben dem ihres unmündigen Sohnes in dessen
246 1634 1450 1668 Urkunden, Pertz, Dipl. M. 33. 38. 39. 40. In ähnlicher Stellung erscheint bereits
246 1672 1452 1706 Nantehilde, die Mutter Chlodovaeus’ II. Dipl. M. 18. Gesta abb. Fontanell. ed.
247 1711 1288 1743 S. Loewenfeld I 8, S. 16: edita est (auctoritas) iussu regis et reginae.
357 1748 1452 1780 So stand Childebert II. im Schutze Guntchrams, seines Oheims, während in
247 1787 1453 1823 Austrasien die Groſsen das Regiment führten. Greg. Tur. Hist. Franc. VII 8. 13.
247 1826 1453 1859 V 17. VI 24. Im Reiche Chlothars II., den er gleichfalls in seinen Schutz auf-
248 1865 1453 1906 genommen hatte, lieſs Guntchram sich den Treueid leisten. Greg. Tur. Hist. Franc.
249 1911 770 1938 VII 7. W. Sickel a. O. S. 974 ff.
360 1948 939 1982 Waitz, VG II 1, S. 171. II 2, S. 107.
359 1990 726 2015 W. Sickel a. O. S. 981.
360 2030 615 2054 Siehe oben I 147.
360 2063 1455 2100 Belege aus den Rechtsquellen sind entbehrlich. Im Heliand heiſst es
251 2104 1421 2139 Vers 339 f.: thuo warth fan Rumuburg . . Oktaviânes ban endi bodscepi kuman.
363 2143 1456 2179 Schon Gregor von Tours (Hist. Franc. V 26) kennt diese Anwendung des
