1600 2404
191 274 1391 324 ins Feld zu ziehen. Eine Werttaxe der gebräuchlichen Waffen-
191 321 1393 376 stücke, welche in karolingischer Zeit der Lex Ribuaria eingefügt
189 369 1343 414 wurde, nennt von Angriffswaffen nur das Schwert und die Lanze.
187 416 1391 470 Karl der Groſse regelte die Ausrüstung durch eine Verordnung, die
187 466 1387 515 uns leider nicht überliefert ist. Eine Ergänzung dieses verlorenen
187 512 1389 560 Kapitulars bestimmt, daſs jeder Besitzer von zwölf Hufen mit einer
185 560 1389 609 Brünne — einem Ring- oder Schuppenpanzer, wie er der schwer-
184 612 1386 656 gerüsteten Reiterei eigentümlich war — bewehrt sein solle. Von
185 657 1386 705 den leichten Reitern, caballarii, wird verlangt, daſs sie mit Lanze und
184 703 1384 751 Schild, Schwert und Halbschwert, Bogen, Köcher und Pfeilen aus-
182 755 1391 800 gerüstet seien. Schild, Lanze, Bogen mit zwei Sehnen und zwölf
182 799 1388 850 Pfeile sind das Minimum der Ausrüstung, die jeder Wehrmann haben
181 847 1385 895 soll. Ein Kapitular Ludwigs I. von 828 fordert wie etwas Her-
180 894 1383 948 kömmliches von den Dienstpflichtigen, daſs sie mit Pferden, Waffen
179 941 1383 989 und Kleidern versehen seien. Auch Karl II. bot 864 nur noch
178 989 1381 1036 Reiter auf, während die Ärmeren zum Wachtdienste verwendet wurden.
258 1046 1382 1092 Der Ausfall, welchen das fränkische Heer durch die Abnahme
177 1095 1378 1143 der leistungsfähigen freien Grundeigentümer erlitt, wurde ersetzt
176 1143 1378 1192 durch die militärische Bedeutung, die der sogenannte Seniorat er-
171 1191 1373 1243 langte. Seniorat ist das Verhältnis des Herrn (senior) zu den von
171 1239 1377 1295 ihm abhängigen Leuten, zu seinen homines. Von den Verhältnissen,
172 1288 1375 1344 die zum homo machen, kommen für die Heerverfassung die Anfänge
171 1336 1377 1384 des Lehnwesens und die Grundherrlichkeit in Betracht. An sich hat
170 1385 1377 1435 es keinen Einfluſs auf die allgemeine Wehrpflicht, wenn ein freier
170 1432 1372 1476 Mann Vassall oder Hintersasse eines Grundherrn wird. Er bleibt
169 1479 1369 1530 wehrpflichtig, wie er es früher war. Wenn aber ein freier Mann, der,
168 1526 1371 1578 weil er kein genügendes Vermögen hat, von Hause aus dienstunfähig
166 1574 1368 1627 ist, als Vassall ein Benefizium, als Hintersasse ein Zinsgut erhält,
167 1623 1370 1669 das ihn zum Heerdienst befähigt, so hat das Heer an ihm einen dienst-
164 1672 1367 1725 fähigen Streiter gewonnen. Die Verleihung von Zinsgütern verfolgte
164 1721 1368 1766 wirtschaftliche Zwecke und hat daher für das Heerwesen bloſs neben-
543 199 1045 233 § 87. Wehrpflicht und Heerwesen.
1336 213 1395 242 209
206 2242 1219 2274 Binding, Handbuch. II. 1. II: Brunner, Deutsche Rechtsgesch. II. 14
286 1839 1370 1878 Cap. Aquisgr. 801—813, c. 17, I 172: quod nullus in hoste baculum ha-
163 1879 398 1909 beat, sed arcum.
284 1919 946 1951 Lex Rib. 36, 11. Siehe oben I 304, Anm. 5.
284 1959 943 1992 Cap. miss. Theod. sec. v. J. 805, c. 6, I 123.
282 2000 1368 2041 Ad Fulradum epist. 804—811, Cap. I 168. Vgl. Cap. miss. I 67, c. 4 und
161 2038 867 2073 Aistulfs Verordnung v. J. 750, LL IV 196, c. 2.
282 2079 807 2112 Cap. Aquisgr. 801—813, c. 9, I 171.
282 2118 1363 2159 Hludow. et Hlotharii ep. gen. v. J. 828, Cap. II 5, forma A: ut omnes
159 2158 1364 2197 homines per totum regnum nostrum, qui exercitalis itineris debitores sunt, bene
159 2199 1133 2238 sint praeparati cum equis, armis, vestimentis, carris et victualibus.
