1600 2367
249 252 1454 290 zeichnet haben, ein Analogon der hausherrlichen manus des römischen
250 298 1453 345 Rechtes. Doch schon in den ältesten Fundstellen tritt die Bedeutung
249 345 1453 384 von Schutz, Schirm, Friede hervor, während es andrerseits auf Schutz-
249 393 1452 437 verhältnisse angewendet wird, welchen das Merkmal der Hausgenossen-
248 439 1452 478 schaft fremd ist. Munt (mascul.) bezeichnet auch den Inhaber der
249 486 1451 534 Munt , den Vormund und Schutzherrn; doch wird er regelmäſsig
248 534 1452 581 muntporo, mundboro (Träger der Munt), mundoaldus (Mundwalt) oder
247 581 1450 621 foramundo genannt. Die rechtliche Bedeutung der verschiedenen Munt-
246 628 1451 676 verhältnisse soll weiter unten zur Sprache kommen. Hier beschäftigt
247 675 1449 714 uns das Hauswesen nur als einer der sozialen Faktoren der Rechts-
248 722 379 757 bildung.
327 768 1450 812 Die Ehe, das die Hausgemeinschaft begründende Verhältnis, war
246 815 1449 855 bei den Germanen eine monogamische. Doch schloſs das Recht die
246 863 1448 903 Vielweiberei nicht aus, welche nach Tacitus nur ausnahmsweise und
245 912 877 946 zwar bei den Vornehmsten vorkam .
323 960 1449 1006 Die ältesten Formen der germanischen Eheschlieſsung sind der
243 1007 1447 1052 Frauenraub und der Frauenkauf . Allerdings gilt in der Zeit, da die
244 1056 1448 1100 ersten Rechtsquellen flieſsen, nur noch die Kaufehe für erlaubt, wo-
244 1101 1447 1141 gegen der Frauenraub strenge bestraft wird. Allein verschiedene An-
243 1147 1447 1187 haltspunkte weisen darauf zurück, daſs auch die Germanen wie ihre
245 1193 1446 1237 arischen Vettern, die Inder, Griechen, Römer und Slawen, einstens
244 1241 1446 1281 die Raubehe gekannt haben . An der Schwelle der deutschen Ge-
244 1289 1447 1333 schichte steht das berühmte Beispiel des Cheruskerfürsten Armin, der
243 1337 1447 1378 die einem Anderen versprochene Tochter des Segestes durch Raub zur
241 1383 1444 1432 Ehe gewann . Germanische Sagen und Dichtungen preisen den Helden,
243 1431 1445 1473 der sich durch kühne Waffenthat aus dem Hause des Feindes das
242 1478 1445 1520 Eheweib holt . Die ehebegründende Kraft des Frauenraubes verraten
242 1526 1444 1567 noch die Bestimmungen einzelner deutscher Volksrechte, nach welchen
251 175 288 204 72
728 174 975 205 § 12. Das Haus.
348 1626 1444 1660 Ahd. Glossen, Graff II 813, übersetzen protector mit munt. Im Friesischen
240 1666 1442 1702 heiſst mund, mond der Vormund über Kinder und Frauen. Richthofen, Fries.
239 1709 472 1735 WB S 938. 939.
347 1747 1175 1780 Tacitus, Germ. c. 18. Vgl. Wackernagel a. O. S 10.
347 1786 1443 1820 Zu weit gehen m. E. Dargun und Heusler, wenn sie die Priorität der
239 1825 1442 1859 Raubehe behaupten und daraus die Kaufehe in der Weise ableiten, daſs der Kauf-
239 1865 1059 1896 preis zunächst die Sühne des Frauenraubes gewesen sei.
347 1903 1441 1941 Kohler, KrV XXIII 15; derselbe, Indisches Ehe- und Familienrecht,
237 1944 1442 1978 Z f. vgl. RW III 342; derselbe, Studien über Frauengemeinschaft, Frauenraub
239 1982 908 2017 und Frauenkauf a. O. V 334. Dargun a. O.
349 2023 1442 2056 Tacitus, Ann. I 55. 57. Der Frauenraub ist stets raptus in parentes und
237 2062 1442 2094 schlieſst auch die Entführung in sich, da der Konsens der Frau für das älteste
238 2101 570 2126 Eherecht irrelevant ist.
348 2140 1244 2172 Stiernhöök, De iure Sveonum et Gothorum vetusto S 152.
