1600 2404
253 256 1460 295 im Bedürfnisfalle darf der Schützling oder sein Vertreter die Streit-
253 307 1460 343 sache vor die Person des Königs bringen. Dann befaſst sich der
251 354 1410 391 König damit nicht als Stellvertreter, sondern als oberster Richter.
254 398 1459 437 Sie wird im Königsgerichte verhandelt, wo sie im Gegensatz zum
255 445 1461 487 strengen Volksrechte nach Grundsätzen der Billigkeit erledigt werden
254 493 1464 530 kann. Dieses Recht des Schützlings seine Rechtshändel an den Hof
253 541 1459 578 des Königs zu dingen ist das ‘ius reclamandi ad regis definitivam
254 586 1461 627 sententiam’. Um es auf eine kurze Formel zu bringen, darf man es als
255 634 1461 677 Reklamationsrecht bezeichnen. Sein praktischer Wert lag hauptsäch-
254 683 1461 724 lich darin, daſs es dem, der es genoſs, den Weg zur königlichen
254 730 680 769 Billigkeitsjustiz eröffnete.
336 777 1461 815 Der Sonderschutz des Königs gewährt dem Schützling ferner
257 823 1462 860 einen höheren Sonderfrieden. Der König wirkt ihm diesen Frieden
259 872 1462 911 bei der Aufnahme in den Sonderschutz vermittelst des Bannes, indem
257 921 1460 961 er Verletzungen des Schützlings und seiner Rechtssphäre verbietet.
256 971 1462 1007 Der Friede schlieſst nicht bloſs die Person, sondern auch das Ver-
260 1019 1464 1057 mögen des Befriedeten in sich und auſserdem die von ihm abhängigen
257 1067 1163 1104 Leute, für die er Haftung oder Vertretung schuldet.
338 1121 1463 1156 In älterer Zeit scheint der Königsschutz regelmäſsig in der Weise
259 1165 1464 1203 verliehen worden zu sein, daſs der König den Schützling zwar durch
260 1211 1465 1254 Friedensbann in seinen Sonderschutz aufnahm, ihm aber gleichzeitig
250 1260 1464 1298 für Handhabung des Schutzes einen besonderen Mundwalt ernannte.
260 1307 1464 1344 So stellte nach einer Marculfschen Formel und nach einer Urkunde
253 183 291 209 50
708 179 1001 209 § 66. Königsschutz.
261 1426 1466 1461 lange: peto .. ut exinde revestita fuissem, per misericordia vestra talem missum
260 1466 1465 1500 habuissem, qui mihi exinde in locum protectionis vestrae defensare et mun-
260 1507 1466 1539 burire fecisset, qualiter pietati vestrae interveniente exinde recuperata fuissem. In
262 1546 1465 1581 dem Schutzbrief Ludwigs I. für S. Croix de Poitiers, Mühlbacher Nr. 737 (Cap.
262 1586 1467 1616 I 302), wird diesem Nonnenkloster für den Bedürfnisfall ein Vertreter bestimmt:
263 1625 1469 1658 quando necesse fuerit, per iussionem domni Pippini regis Ramnulfum specialiter
262 1664 1467 1696 missum habeant. Quando vero necesse non fuerit, advocatus earum per se iusti-
265 1703 596 1733 ciam faciat et accipiat.
386 1749 1468 1784 In Schutzbriefen schwedischer Könige findet sich, daſs der König sich das
265 1788 1407 1821 Urteil in Sachen des Schützlings vorbehält. Lehmann, Königsfriede S. 93.
386 1835 1469 1870 Den Ausdruck ‘gegen Hof dingen’ kennen die oberbairischen Quellen des
265 1874 1469 1905 vierzehnten Jahrhunderts für ein Rechtsmittel, welches mit der fränkischen Rekla-
265 1913 1470 1951 mation im wesentlichen zusammenfällt. Siehe Wehner, Die Gerichtsverfassung
266 1952 1470 1986 der Stadt München, 1876, S. 85 ff. Rosenthal, Geschichte des Gerichtswesens
266 1993 611 2023 Baierns I (1889) S. 124.
388 2040 1471 2078 Marculf I 24. Aehnlich in der verunechteten oder mit Benutzung einer
267 2079 1471 2114 alten Vorlage gefälschten Urkunde: Pertz, Dipl. M. 50. Vgl. darüber H. Brun-
268 2118 1472 2151 ner, Mithio S. 7, Anm. 3. Havet, Questions Mérovingiennes IV: Les chartes
269 2157 686 2187 de Saint-Calais (1887), S. 27.
