1600 2367
602 148 984 177 der arianischen Germanen.
274 220 1397 268 Schon Tacitus hebt die geringe Volkszahl der Langobarden her-
193 268 1397 320 vor , die durch ihre hervorragende Tapferkeit ausgeglichen werde,
195 313 1398 366 ein Motiv, welches in der langobardischen Stammsage wiederkehrt .
194 362 1401 409 Um sich ihrer Feinde zu erwehren haben sie im Drange der Not
195 409 1400 464 freigelassene Knechte und Schwärme besiegter Völkerschaften in das
196 455 1400 509 Volksheer aufgenommen . Fremde Elemente sind auf diese Weise
197 501 1400 558 in den Volkskörper eingedrungen, ein Umstand, der es erklären hilft,
199 549 1403 603 daſs der überlieferte Sprachschatz der hochdeutschen Langobarden
199 597 1404 647 vereinzelte Worte aufweist, die als germanische zu bestimmen oder
200 645 1403 702 überhaupt aufzuhellen der Sprachwissenschaft bisher nicht gelungen ist.
280 694 1405 742 Im Verhältnis zu den Römern und zu den römischen Institutionen
200 740 1406 789 ist das Auftreten der Langobarden ein durchaus anderes als das der
203 787 1407 843 Ostgoten. Wo die Langobarden festen Fuſs faſsten, haben sie das
203 835 1407 882 römische Verwaltungssystem und die römische Ämterverfassung hin-
204 880 1408 935 weggefegt und nicht einen Zwitterstaat, sondern ein rein nationales
205 926 1408 978 Staatswesen geschaffen. Die Römer wurden nicht als gleichberech-
205 973 1408 1029 tigtes, sondern als unterjochtes Volk behandelt. Noch um die Mitte
207 1019 1410 1069 des siebenten Jahrhunderts ist das Volksrecht der Langobarden fast
206 1067 1411 1125 völlig frei von römischen Einflüssen. Erst als der Staat eine feste
207 1116 1412 1168 volkstümliche Grundlage gewonnen hatte, begann eine maſsvolle An-
208 1165 1413 1222 lehnung an römische Einrichtungen und begann die öffentlichrechtliche
210 1212 1414 1267 Gleichstellung der römischen Bevölkerung sich anzubahnen. Nach
209 1261 1414 1312 mehr wie zweihundertjährigem Bestande ging das Reich der Lango-
209 1307 1415 1358 barden auf Karl den Groſsen über. Es ist damals nicht innerer Ent-
210 1354 1415 1410 kräftung erlegen, sondern durch das übermächtige Bündnis der denk-
212 1402 1416 1457 bar gefährlichsten Gegner, nämlich durch die geeinte Kraft des frän-
212 1453 1418 1497 kischen Reiches und durch die Todfeindschaft des römischen Papsttums
213 1512 562 1545 überwunden worden.
293 1542 1419 1591 Die Reiche der Vandalen, der Burgunder, der Westgoten, der
216 1586 1418 1647 Ostgoten und der Langobarden haben das gemeinsame Merkmal, daſs
214 1636 1420 1689 in ihnen von Anfang an auſser dem nationalen Gegensatze der ger-
216 1681 1419 1734 manischen und der ihr an Kopfzahl überlegenen römischen Bevöl-
216 1730 1422 1787 kerung ein folgenschwerer konfessioneller Zwiespalt obwaltete. Durch
217 1778 1421 1832 ihre Berührung mit den Oströmern hatten ostgermanische Stämme
1356 139 1393 169 55
340 1897 567 1922 Germania c. 40.
341 1925 1304 1968 Origo, SS rer. Lang. 2: erat gens parva quae Winnilis vocabatur.
341 1961 1423 2006 Pauli Hist. Lang. I 13, I 20 a. E., I 27, II 26: certum est autem tunc
221 1996 1424 2043 Alboin multos secum ex diversis, quas vel alii reges vel ipse ceperat, gentibus ad
222 2036 1424 2081 Italiam adduxisse. Unde usque hodie eorum, in quibus habitant vicos Gepidos,
222 2076 1425 2126 Vulgares, Sarmatas, Pannonios, Suavos, Noricos sive aliis huiuscemodi nominibus
223 2134 384 2164 appellamus.
