1600 2367
168 230 1372 269 Freien durch ein höheres Wergeld ausgezeichnet ist. Für diesen
169 278 1372 314 Geburtsadel überliefert uns das Volksrecht der Angeln und Warnen
169 324 1372 364 den deutschen Ausdruck Adaling. Ein Bericht über die alten Sachsen
168 372 1373 410 unterscheidet bei ihnen aedhilingi, frilingi und lazzi. Ebenso gliedert
168 418 1372 457 sich der Stamm der Friesen nach jüngeren Quellen in ethelinga, fri-
168 464 1370 508 linga, letslachta. Den æđeling kennen auch die Angelsachsen, doch
169 512 1372 553 wenden ihre Gesetze und die übrigen Prosadenkmäler das Wort nicht
168 560 1372 601 auf den Adel schlechtweg, sondern nur auf die männlichen Mitglieder
169 608 1371 650 des Königsgeschlechtes an. Bei den Langobarden erscheinen die
169 656 1372 698 Adeligen als primi, nobiles, bei den Alamannen als primi oder
169 703 1372 742 meliorissimi. Auch fehlt es nicht an Spuren, daſs ihnen der Aus-
170 750 1373 791 druck Adeling, Edeling geläufig war. Das Volksrecht der Baiern
169 797 1373 835 zählt neben dem Herzogsgeschlechte der Agilolfinger die Geschlechter
169 844 1372 882 der Huosi, Drozza, Fagăna, Hahilinga und Anniona auf, die als
169 889 1372 934 quasi primi post Agilolfingos durch das zweifache Wergeld des freien
168 936 1372 974 Mannes sich auszeichnen. Bei den Franken ist der Adel zwar für das
168 983 1372 1029 Königsgeschlecht der Merowinger bezeugt, aber auſser ihm ein alter
1315 149 1373 179 105
631 151 900 184 § 14. Die Stände.
169 1094 1373 1133 Warnkönig, Flandr. RG II 1 Nr 34 S 62, findet sich das Wort Adeling in der
169 1135 1372 1173 Bedeutung von Geschlechtsgenosse, Mag schlechtweg: Es ooc eenich adelinc, die
170 1175 1373 1211 dat eerve … wilt coepen … syn die drie Sondaghe leden, een vremde mach
169 1209 1372 1252 dat eerve coepen. Daſs adelinc hier so viel wie propinquus, bestätigt zum Über-
168 1254 1372 1291 fluſs die Vergleichung mit dem lateinischen Texte der Keure des Landes Waes
169 1297 811 1332 § 31 Warnkönig a. O. II 2 S 182, c. 31.
289 1332 1372 1369 Lex Angl. et Werin. I 1: LL V 119. Dazu die Anmerkung v. Richt-
168 1375 810 1406 hofens und Schröder, Z2 f. RG VII 20.
288 1413 1373 1444 Nithard IV 2 MG SS II 668. Der Heliand hat ađali, ađalkunni, ađalknôsal
168 1453 1351 1483 um das edle Geschlecht, ađali auch um die Gesamtheit des Adels zu bezeichnen.
289 1492 887 1524 v. Richthofen, Fries. WB S 720. 896.
288 1530 1372 1566 Leges Edw. Confess. c. 35 § 1. Quia vero heredem putabat eum facere,
169 1568 1374 1606 nominavit eum æđeling, quod nos dicimus domicellum; sed nos de pluribus, quia
169 1608 1372 1644 filios baronum vocamus domicellos, Angli autem nullum praeter filios regum vocant.
170 1645 1374 1685 Siehe Schmid, Gesetze der Ags. S 527, der für die Beschränkung der Bezeichnung
170 1684 1374 1726 æđeling auf die Männer des Königsgeschlechtes eine Reihe von überzeugenden Be-
169 1723 1374 1765 legstellen anführt. In den Denkmälern der ags. Poesie, so insbesondere im Beó-
169 1762 1375 1803 vulf wird æđeling im weiteren Sinne zur Bezeichnung des Geburtsadels überhaupt
170 1802 1057 1844 gebraucht. Scherer in der Z f. österr. Gymn. 1869 S 108.
291 1842 1374 1879 Liu. 62 nennt das Wergeld des primus, Liu. 89 die im Betrage ent-
171 1881 1378 1922 sprechende meta des nobilis. Adelingi heiſsen die Langobardenkönige bis auf
170 1920 1373 1954 Waltari im Chronicon Gothanum LL V 644. Eine italienische Urkunde von 1280,
171 1960 1374 2000 Schupfer, Wiener Sitzungsber. XXXV 240, nennt edelingi. Zusammensetzungen
170 1997 1374 2039 mit adal bieten langobardische Eigennamen wie Adelbert, Adelchis, Adelcho, Adal-
171 2037 1375 2078 wald. Bezüglich der Alamannen s. Pactus Alam. II 39, III 27 und die ahd. Glossen
171 2085 454 2111 bei Graff I 141 ff.
292 2116 1375 2156 Greg. Tur. Hist. Fr. II 9: ibique iuxta pagus vel civitates regis crinitos super
