1600 2404
340 179 1053 214 § 61. Titel, Ehrenzeichen und Regierungsantritt.
181 257 1300 299 Eine Neuerung Karls des Groſsen war es, daſs er, höchst wahr-
97 301 1301 343 scheinlich nach angelsächsischem Vorbilde , seit 768 die Demutsformel
96 352 1301 397 gratia Dei gebrauchte , welche in der Folge auch durch synonyme
98 395 1300 441 Wendungen ersetzt wurde . Sie entspricht der seit Pippin aufgekom-
97 447 1303 488 menen Salbung und führt die Würde des gottgesalbten Königs auf
97 489 1299 534 göttliche Fügung zurück. Übrigens war die Formel nicht auf das
96 539 1299 584 Königtum beschränkt; vielmehr wurde sie schon früher gelegentlich
96 590 1298 632 von geistlichen, nachmals auch von weltlichen Beamten gebraucht .
175 645 1299 681 Von den Söhnen Karls des Groſsen nannte sich bei Lebzeiten des
97 690 1299 736 Vaters Pippin rex Langobardorum oder gentis Langobardorum, Ludwig
95 740 1298 780 rex Aquitanorum. Bernhard, der Neffe Ludwigs I., urkundet als rex
96 785 1297 829 Langobardorum, Ludwig der Deutsche 830 —833 als rex Baioariorum,
1264 188 1301 216 15
204 901 1296 940 So auch Viollet, Histoire S. 273. Bei den Angelsachsen läſst sich der Ge-
94 939 1295 978 brauch der Demutsformel mit Sicherheit bis in den Ausgang des siebenten Jahr-
94 975 1296 1018 hunderts verfolgen. Am häufigsten tritt sie zuerst bei den Königen von Mercien
93 1015 1294 1059 auf. Birch, Cartularium Saxonicum Nr. 75: Christo donante rex Mercensium;
92 1056 1295 1097 Nr. 137: ex divina dispensatione Merc. rex; Nr. 139: divina dispensante gratia
92 1097 1293 1139 Merc. rex; Nr. 201: divina gubernante gratia rex Merciorum. Den Grundgedanken
93 1139 1296 1178 der Formel entwickelt Nr. 230: Ego Offa deo cuncta pie dispensante, in cuius
93 1181 1297 1214 manu sunt omnia regnorum, absque ullo antecidente merito rex Merciorum. Doch
92 1220 1295 1257 taucht auch bei den Westsachsen die Formel frühzeitig auf. Ine nennt sich in
93 1260 1295 1298 seinen Gesetzen, Schmid, Ges. der Ags. S. 21: Ic Ine mid Godes gife West-
88 1299 1292 1339 seaxena kyning. Vgl. die von Kemble, Cod. dipl. I, Introduction p. XXVII, zu-
90 1339 1294 1379 sammengestellten Formeln. Von den Urkunden, die Viollet S. 274, Anm. 1 citiert,
89 1377 1294 1413 hat schon Kemble viele als verdächtig besternt. Daſs die Formel so vielfach
86 1419 1293 1457 variiert wird und häufig fehlt, hängt mit der angelsächsischen Sitte zusammen, den
88 1456 1293 1489 Text der Urkunde vom Destinatär im Namen des Ausstellers niederschreiben zu
86 1495 1073 1530 lassen. Siehe H. Brunner, Rechtsgeschichte der Urkunde S. 162.
194 1544 1291 1579 Nicht schon Pippin. Th. Sickel, Beiträge zur Diplomatik III 182 ff.
85 1581 462 1615 Mühlbacher p. LXXIV.
193 1629 1291 1671 Z. B. per misericordiam Dei in Karls Kaisertitel, divina ordinante provi-
82 1667 1292 1707 dentia unter Ludwig I., divina favente gratia unter Ludwig dem Deutschen, divina
83 1705 552 1736 favente clementia unter Karl III.
192 1757 1289 1797 Von Bischöfen Marculf II 40, Form. Bitur. 8, von Äbten Form. Bignon. 26,
83 1790 1288 1831 Form. Merkel. 54, von Grafen Vaissete II 65. 79 aus d. J. 804, 813. Weitere Bei-
81 1833 1289 1875 spiele bei Viollet, S. 274, Anm. 2. 3, und insbesondere bei W. Sickel, Gött.
82 1870 1288 1910 gel. Anzeigen 1890, S. 571 ff. Bei den Angelsachsen kommt es seit dem achten
82 1905 1288 1948 Jahrhundert vor. Birch, Cart. Sax. Nr. 203. 204 v. J. 770: Uhtredus deo donante
82 1950 1287 1992 regulus Huicciorum. Nr. 217 v. J. 774: Milredus Christi tribuente gratia humilis
82 1980 1287 2026 Huicciorum episcopus. Nr. 220 von 757—775: abbas dono Dei. Nr. 271 von
81 2019 1285 2066 786—796: abbas gratia Dei. Aus dem neunten Jahrhundert führt Kemble a. O.
82 2063 1285 2111 p. XXVIII an: aldormon mid godes gæfe, dei gratia presbyter, mid godes gifa
81 2101 1283 2147 ancilla Dei. Auf die staatsrechtliche Stellung der Beamten dürfen aus dem Ge-
98 2141 824 2185 brauch der Formel keine Schlüsse gezogen werden.
