1600 2404
256 264 1464 309 völkerungszahl, sondern auch politische Bedeutung, Ertragsfähigkeit
257 312 1462 357 und geschichtliche Zusammengehörigkeit der Teilgebiete ins Gewicht
257 359 1464 397 fielen. Sie waren ferner Teilungen zu gleichem Rechte, indem keiner
259 405 1464 450 der Teilkönige eine Oberhoheit über die anderen erhielt. Die Teilungen
258 453 1464 496 waren endlich genau genommen nicht Teilungen des Reiches, sondern
259 500 1464 544 Teilungen der Reichsverwaltung, so daſs theoretisch eine Gesamtherr-
259 548 1464 586 schaft bestand und der Gedanke der Reichseinheit lebendig blieb.
259 596 1466 639 Begrifflich war und blieb das Königtum ein Recht des merowingischen
258 643 1466 686 Königsgeschlechtes, gewissermaſsen ein Familiengut, insofern den Gan-
259 690 1466 731 erbschaften des jüngeren deutschen Rechtes vergleichbar, bei welchen
262 737 1467 776 zwar eine Teilung der Nutzungen, eine sogen. Mutschierung, nicht
263 783 1467 824 aber eine Teilung des Eigentums, eine sogen. Totteilung, also keine
263 831 1467 874 völlige Aufhebung der Gemeinschaft zulässig war. Jeder der Teil-
263 878 1468 923 könige war rex Francorum. Jeder datierte seine Urkunden schlecht-
265 928 1468 972 weg „anno regni nostri“, ohne die Bezeichnung des Teilreiches hinzu-
263 977 1469 1021 zufügen. Succedierte ein Teilkönig in das Reich eines anderen, so
257 1023 1467 1062 zählte man in dem neu erworbenen Gebiete die Regierungsjahre nicht
265 1071 1468 1113 seit der Zeit, da er in diesem, sondern seit der Zeit, da er in seinem
263 1117 1470 1162 ursprünglichen Anteil König geworden war . Der Anteil des Ein-
265 1164 1469 1206 zelnen hieſs sors oder pars und bildete nicht immer einen zusammen-
264 1211 1472 1254 hängenden Komplex. Einzelne Städte oder Gebiete blieben mitunter
264 1259 1471 1302 in gemeinschaftlichem Besitze . Gemeinsam traten die Teilregenten
265 1306 1470 1347 nach auſsen hin auf, gemeinsam führten sie Kriege und nahmen Unter-
268 1353 1471 1398 werfungen entgegen . Kämpfe, die unter ihnen stattfanden, hieſsen
267 1402 1471 1447 Bürgerkriege . Der Unterthan eines Teilreiches galt in einem anderen
267 1448 1472 1489 rechtlich nicht als ein Fremder, der auf den Königsschutz angewiesen
267 1496 1471 1543 war; sein Personalrecht blieb anerkannt. Die Teilungen schloſsen
266 1544 1473 1590 gemeinsame Satzungen nicht aus. Auch konnten gemeinschaftliche
267 1594 1472 1635 Versammlungen von den Groſsen und gemeinschaftliche Synoden von
269 1641 1143 1678 den Bischöfen der Teilreiche abgehalten werden .
350 1684 1471 1723 Seit dem siebenten Jahrhundert, seit dem Siege, welchen die
272 1731 1472 1769 fränkische Aristokratie durch die Erhebung Chlothars II. zur Allein-
272 1777 1473 1819 herrschaft über Brunhilde errungen hatte, geriet die Thronfolge
255 195 294 225 26
692 186 1020 222 § 62. Die Thronfolge.
389 1885 1263 1925 Havet, Questions Mérov. III 4 f. Zeumer, NA XI 329 f.
390 1933 757 1963 Waitz, VG II 1 S. 149.
393 1970 949 2004 Greg. Tur. Hist. Franc. IV 42, IX 18.
392 2012 882 2044 Greg. Tur. Hist. Franc. V prolog.
391 2044 1476 2080 Waitz, VG II 1 S. 157 Anm. 1. 3; II 2 S. 195 ff. Die gemeinsamen
268 2084 1475 2120 fränkischen Nationalkonzilien, welche trotz der Reichsteilungen zusammentreten,
269 2124 1476 2159 fallen erst seit der zweiten Hälfte des siebenten Jahrhunderts aus. E. Loening,
269 2169 593 2198 Kirchenrecht II 131 ff.
