1600 2367
223 249 1430 287 Freiheit. Nahm ein Dritter ihn als Knecht in Anspruch, so war er
223 295 1429 338 nicht in der Lage, seine Freiheit selbst zu verteidigen, sondern es
223 344 917 379 muſste sein Schutzherr für ihn eintreten.
304 388 1430 431 Um die Abhängigkeit des Freigelassenen vollständig zu zerreiſsen
223 435 1429 475 bedarf es eines öffentlich-rechtlichen Aktes, bei welchem neben dem
224 484 1431 524 Freilasser noch andere Mächte wirksam werden, welche die rechtliche
226 531 1430 576 Tragweite der Freilassung über die der Machtsphäre des Freilassers
225 577 1430 624 gezogenen Schranken erweitern. Nach älterem schwedischen Rechte
226 625 1432 664 wird die Freilassung zu vollem Rechte dadurch vermittelt, daſs der
226 670 1432 714 Freigelassene vor der Landesgemeinde oder im Thing oder vor der
227 717 1431 760 Kirchengemeinde in ein freies Geschlecht aufgenommen wird (ætle-
227 764 1431 809 þing, Geschlechtsleite). Der Akt der Geschlechtsleite ist auch dem
228 812 1432 850 altdänischen Rechte bekannt. Auf Island bedarf es zur Freilassung
228 861 1430 904 einer Rechtshandlung, die leiđa í lög genannt wird und darin besteht,
227 910 1431 953 daſs der Häuptling (der Gode) den Freigelassenen in die Rechts-
227 957 1432 1003 gemeinschaft der Volksgenossen aufnimmt. Bei den Langobarden
227 1006 1433 1049 vermag eine Freilassung durch die Hand des Königs, bei den Baiern
228 1053 1432 1089 eine solche durch die Hand des Herzogs die volle Freiheit zu ge-
228 1099 1433 1136 währen. Nach fränkischem Recht hat diese Wirkung eine Frei-
227 1145 1433 1187 lassung vor dem König, der darauf hin den Freigelassenen für vollfrei
230 1191 1434 1230 erklärt. Eine Freilassung, welche in öffentlicher Versammlung durch
229 1240 1432 1279 Wehrhaftmachung geschah, bezeugt das älteste anglonormannische
229 1286 1432 1325 Recht und eine solche scheint auch die langobardische manumissio
229 1335 991 1381 per gairethinx ursprünglich gewesen zu sein.
223 178 282 207 100
691 170 959 204 § 14. Die Stände.
352 1437 1435 1468 Das salische Recht verlangt für den Freiheitsbeweis die Eidhilfe von Vater-
232 1476 1434 1509 und von Muttermagen. Der Freigelassene hat weder die einen noch die anderen.
232 1516 1436 1553 Das langobardische Recht macht bei der Freilassung zum amund das Eintreten des
231 1553 1437 1588 Herrn dadurch entbehrlich, daſs der Freizulassende dreimal tradiert wird und damit
232 1592 1437 1628 künstlich drei Gewährsmänner der Freiheit geschaffen werden. Vgl. Pappenheim,
232 1632 817 1674 Launegild und Garethinx S 37 Anm 28.
355 1676 678 1709 Schröder, RG I 38.
353 1710 1346 1745 Andr. Sunesen c. 73, vgl. 51. Kolderup-Rosenvinge § 41.
354 1749 1442 1790 Pappenheim a. O. S 41. Auch das norwegische frelsisöl ist vielleicht
235 1788 1439 1822 aus einer öffentlich-rechtlichen Freilassungsform hervorgegangen. Es scheint an
236 1828 1439 1865 Stelle eines in heidnischer Zeit dargebrachten Opfers getreten zu sein, welches die
235 1867 1438 1909 Aufnahme des Freigelassenen in die Opfergemeinschaft und damit in die Volks-
236 1907 1439 1947 genossenschaft bedeutete. Der vom König freigelassene Knecht gilt nach norwegi-
237 1946 1439 1983 schem Rechte für vollkommen frei, ohne daſs es auf die Haltung des Freilassungs-
236 1991 728 2023 biers ankommt. Gulaþíngsl. § 61.
357 2031 720 2063 Rothari 224; Liu. 51. 52.
359 2070 895 2097 Tassil. decr. Niuh. c. 8: LL III 465.
360 2109 566 2141 S. unten § 31.
360 2137 1442 2180 Schröder, Garethinx, Z2 f. RG VII 55 f. Das Moment der Öffentlichkeit
