1600 2367
626 179 963 212 § 23. Der Rechtsgang.
196 258 1407 298 ältester Zeit die Rechtshändel mit billiger Berücksichtigung des ein-
195 305 1407 343 zelnen Falles in gemütvoll patriarchalischer Weise entschieden worden
195 353 285 382 seien.
275 400 1406 438 Das gerichtliche Verfahren bezweckt, soweit es sich um sühnbare
194 447 1406 488 Rechtsverletzungen handelt, an Stelle des Streites einen Vertrag, eine
196 496 1406 529 Sühne der Parteien zu setzen. Durch das Urteil des Gerichts wird
195 543 1404 583 den Parteien auferlegt, einen Sühnevertrag abzuschlieſsen, indem es
195 590 1406 625 den Inhalt desselben näher bestimmt. Das Urteil wird daher selbst
194 638 1405 677 als Sühne, sôna, suona , der iudex als Sühner, sôneo, sônari, iudicare
194 687 1405 727 als sônjan, gasônjan  bezeichnet. Vorbild der gerichtlichen Sühne
194 734 1405 774 dürfte die auſsergerichtliche Sühne gewesen sein. In Fällen, in
194 783 1405 820 welchen eine solche nicht zustande kam, machte die von dem Ver-
193 830 1405 869 letzten angerufene Gesamtheit einen Sühnezwang geltend. Wer sich
193 876 1404 916 weigerte, die durch das Urteil auferlegte Sühne einzugehen, wurde
193 923 1404 961 aus der Friedens- und Rechtsgemeinschaft ausgeschlossen und damit
192 971 867 1002 zum Feinde des Gemeinwesens erklärt.
273 1020 1403 1060 Die Einleitung des Verfahrens ist Sache des Verletzten. Sie ge-
192 1069 1400 1107 schieht regelmäſsig durch auſsergerichtliche Ladung, welche als rechts-
191 1116 1405 1157 förmliche Parteihandlung vom Kläger in Gegenwart von Zeugen in
192 1164 1404 1204 der Wohnung des Beklagten vollzogen wird. Die fränkischen Quellen
191 1212 1403 1253 überliefern uns dafür die technische Bezeichnung mannire (manôn),
191 1261 546 1298 mannitio (Mahnung).
271 1308 1405 1347 Vor Gericht bringt der Kläger seine Klage unter Anrufung der
190 1356 1403 1393 heidnischen Götter  in rechtlich hergebrachten Formen vor. Alt-
190 1404 1402 1443 hochdeutsche Glossen haben für klagen die Ausdrücke mahalan,
190 1451 1400 1491 stowan, sachan, harên, zîhan, klagôn . Die Klage heiſst mâlî,
190 1498 1401 1540 mahalizze, stowunga, sachunga, chlagunga, anasprâcha, ziht, ags. tiht.
190 1545 1402 1586 Während er die Klagformel spricht, hält der Kläger einen Stab in
189 1594 1401 1634 der Hand, eine Förmlichkeit, nach welcher klagen auch bestaben
189 1643 1401 1682 (bistabôn ) und stabsagen (stapsakên ) genannt wird. Auf die Klage
1349 182 1406 211 179
297 1735 1400 1767 Schade, Ahd. WB s. v. sôna. Graff, Ahd. Sprsch. VI 242. Sôna wird
187 1775 1400 1805 in zahlreichen daselbst verzeichneten Glossen mit iudicium, sententia zusammen-
186 1814 1400 1845 gestellt. Praeiudicium heiſst furisôna. Tribunal suonstuol. Suonatac ist dies iudicii
186 1854 1358 1886 (tuomtac) Grimm, RA S 749. Vgl. suona, suonari in Muspilli 6. 74. 78 u. ö.
297 1893 671 1920 Graff a. O. VI 243. 244.
296 1933 1398 1968 Siegel, Gerichtsverfahren S 118 f. Bethmann-Hollweg, Civilprozeſs
185 1974 398 1998 IV 26 Anm 6.
295 2013 622 2045 Grimm, RA S 854 f.
295 2053 1398 2084 Graff VI 612. Für Klage accusatio findet sich die Glosse ruagstab, für
186 2093 723 2119 controversia widarstab. Graff a. O.
294 2132 1397 2159 Decreta Tassil. Niuh. 6. Nach der aus dem 12. Jahrh. stammenden Ordalien-
183 2169 1396 2203 formel bei Zeumer, Form. S 628, welche dem Wasserordal eine formelhafte Wieder-
