1600 2404
412 184 1129 230 § 61. Titel, Ehrenzeichen und Regierungsantritt.
171 261 1376 310 751 und zwar mit Zustimmung des Papstes von den Bischöfen, dann
172 306 1375 358 754 samt seinen Söhnen Karlmann und Karl vom Papste gesalbt .
172 356 1380 405 Bei Antritt ihrer Regierung (768) haben diese die Salbung aufs neue
176 392 1381 462 empfangen. Als Karl 771 das Reich Karlmanns in Besitz nahm, lieſs
174 446 1377 502 er sich abermals salben. Der Gesalbte galt für von Gott gesalbt .
174 494 1382 551 Die Salbung wird auch Konsekration genannt . Als Karl der Kahle
176 546 1380 596 869 in Metz durch Hinkmar von Reims gesalbt wurde, wagte es
177 592 1382 647 dieser, sein Auftreten in Metz u. a. durch die Erfindung zu begründen,
179 640 1384 692 daſs schon Chlodovech durch den heiligen Remigius gesalbt und ge-
179 687 1384 740 weiht worden sei mit einem vom Himmel gekommenen Salböl, von
182 739 977 786 welchem die Reimser Kirche annoch besitze .
261 780 1386 831 Erst im neunten Jahrhundert trat der Salbung eine Krönung des
183 825 1386 885 Königs zur Seite . Zuerst fand die Krönung ihre Anwendung bei
184 873 1387 929 der Erhebung Karls des Groſsen zur Kaiserwürde. Sie entstammt
186 922 1388 976 dem Brauche des byzantinischen Kaiserhofes, wo sie seit langer Zeit
190 972 1391 1026 bekannt war, während eine kirchliche Salbung der oströmischen Kaiser
187 1018 1390 1077 nicht erfolgte . Wie im oströmischen Reiche, so findet sich auch bei
169 204 208 234 20
191 1133 1391 1189 dings gehen die sicher bezeugten Beispiele nicht über die letzten Decennien des
192 1166 1395 1223 achten Jahrhunderts zurück. Doch lassen sie die Quellen als hergebrachte Sitte
190 1213 1394 1263 erscheinen. Auch dürfte das Aufkommen der Formel Christo donante, ex divina
191 1254 1398 1309 dispensatione oben S. 15 Anm. 4 damit zusammenhängen. Birch, Cart. Saxon. Nr. 370
193 1295 1393 1343 v. J. 822: consecrationis meae, quam .. per gratiam Dei accepi. Siehe Stubbs,
195 1336 1396 1383 Constit. History I, ch. 6, 60, wo aber Salbung und Krönung, Krone und angel-
198 1375 1397 1422 sächsischer Königshelm confundiert werden. Daſs Pippin von dem Angelsachsen
195 1414 1400 1464 Bonifatius gesalbst worden sei, berichten die Ann. Lauriss. Mühlbacher,
194 1446 1401 1503 62 a. Derselbe, Deutsche Geschichte unter den Karolingern S. 56. Über die
195 1501 898 1547 Salbung Maskell, Monum. ritualia II p. III f.
316 1536 1297 1581 De unctione Pippini nota monachi Sancti Dionysii, MG SS XV 1.
319 1575 1401 1619 Cod. Carolinus ep. 7: ideo vos dominus unxit in reges … Siehe oben
198 1631 406 1660 Anm. 27 a. E.
321 1652 1405 1700 Fredegarii Cont. 33 (117): cum consecratione episcoporum … sublimatur
203 1691 1404 1745 in regno. Annales Einhardi z. J. 754: Stephanus papa .. ipsum (Pippinum) sacra
200 1737 930 1780 unctione ad regiae dignitatis honorem consecravit.
320 1768 1405 1817 Hludowici regis Francorum inclyti per beati Remigii .. praedicationem ..
202 1807 1407 1855 conversi … et coelitus sumpto chrismate, unde adhuc habemus, peruncti et
202 1846 1406 1900 in regem sacrati. Pertz, LL I 514. Vgl. Dümmler, Geschichte des ostfrän-
202 1901 651 1932 kischen Reiches 2. A. II 282 f.
325 1925 1408 1973 Von einer Krönung Pippins wissen die Quellen nichts. Was von Krö-
205 1965 1409 2016 nungen der Söhne Karls des Groſsen aus dem Jahre 781 berichtet wird, stammt
206 2005 1410 2050 aus Nachrichten des neunten Jahrhunderts, welche die Krönung als selbstverständ-
206 2059 769 2091 liches Beiwerk der Salbung betrachten.
330 2084 1412 2129 Döllinger, Münchener histor. Jahrb. VI 363. Maskell, Monum. ritualia
208 2123 1413 2174 II p. IV Anm. 6. H. Brunner, Die Constantinische Schenkungsurkunde S. 26. Aus
210 2163 1415 2208 der Unbekanntschaft der Griechen mit der Salbung erklärt sich, daſs Theophanes,
