1600 2367
175 254 1381 292 das ostgotische Königtum über. Die den Goten eingeräumten Land-
174 301 1381 341 lose waren der Grundsteuerpflicht unterworfen und hieſsen tertiae .
174 349 1142 388 Die Landanweisung wird tertiarum deputatio genannt .
255 392 1384 435 Über die ältesten Landteilungen der Westgoten sind wir nicht
174 442 1383 483 unterrichtet. Es wird uns erzählt, daſs ihnen schon 419 in der
174 490 1381 530 Aquitania secunda von den Römern Land überwiesen worden sei .
175 537 1383 578 Der Teilungsfuſs könnte bei dem von Anfang an selbständigeren Auf-
174 586 1384 626 treten der Westgoten von vorneherein ein für sie günstigerer gewesen
175 632 1384 673 sein, als bei den Ostgoten. Nach der ältesten westgotischen Rechts-
174 680 1385 719 quelle hat der Gote zwei Drittel des Ackerlandes, und heiſst der
175 729 1384 766 römische Anteil tertia . Nicht aufgeteiltes Waldland und nicht um-
174 775 1385 815 hegtes Weideland gehörte dem gotischen und dem römischen hospes
175 822 1384 860 zu gemeinschaftlichem Gebrauche . Wenn der eine der beiden
176 869 1384 904 consortes ein Stück des gemeinsamen Waldlandes ausrodete, sollte
176 914 1384 952 der andere durch eine gleich groſse Waldfläche entschädigt oder das
175 961 1384 1000 Rottland geteilt werden . Die westgotischen sortes waren steuer-
174 1011 275 1042 frei .
255 1055 1385 1097 Durch die Art der Landteilung wurden die germanischen An-
174 1104 1386 1146 kömmlinge räumlich unter die römischen Provinzialen verteilt. „Wie
175 1153 1386 1186 die Felder des Schachbrettes durchsetzen sich die Wohnsitze der alten
174 1201 1386 1240 und neuen Bewohner .“ Nirgends saſs die germanische Bevölkerung
174 1247 1384 1289 in geschlossener Masse beisammen. Das Nachbarverhältnis muſste
174 1294 1385 1337 zahlreiche persönliche Beziehungen erzeugen, um so mehr als die
175 1341 1386 1384 Landteilung zunächst nur ein Miteigenthum der Konsorten herbei-
174 1389 1387 1431 führte, das erst später einer Realteilung Platz machte, während Wald
175 1438 1386 1477 und Weideland noch längere Zeit gemeinschaftlich blieben. Die all-
176 1485 1385 1525 mähliche Romanisierung der neuen Ansiedler, die Ausgleichung ger-
176 1531 1384 1570 manischer und römischer Lebensführung konnten bei dieser Sachlage
1339 173 1378 202 67
584 176 964 201 des römischen Westreichs.
1152 2180 1188 2203 5*
295 1629 1383 1665 Das Wort tertiae kommt auch für eine Abgabe aus Leiheverhältnissen vor.
175 1676 395 1708 Gaupp S 483.
303 1706 1385 1742 Cassiodori Varia II 16. Da der Kriegsdienst ausschlieſslich auf den
176 1747 1384 1786 Goten und sonstigen Germanen lastete, konnte Theoderich a. O. sagen: in parte
176 1788 1207 1825 agri defensor acquisitus est, ut substantiae securitas integra servaretur.
296 1826 1384 1863 Epitome Philostorgii bei Gaupp S 379: cum prius ipsi annonas ab im-
174 1866 1187 1903 peratore et quandam Galliae partem ad agros excolendos accepissent.
298 1904 1381 1940 Antiqua 277: sortes Gothicas et tertiam Romanorum … Lex Wis. X 1, 8:
175 1942 1383 1981 nec de duabus partibus Gothi aliquid sibi Romanus praesumat aut vindicet, aut de
176 1985 1124 2018 tertia Romani Gothus sibi aliquid audeat usurpare aut vindicare.
298 2025 716 2059 Lex Wis. X 1, 9; VIII 5, 5.
298 2068 554 2098 Lex Wis. X 1, 9.
298 2099 1374 2137 Helfferich, Entstehung und Gesch. des Westgothenrechts, 1858, S 112.
298 2146 528 2177 Binding S 36.
