1600 2404
419 307 1135 346 § 68. Königshort und Königsgut.
169 366 1377 401 Waitz, VG II 1, S. 182. II 2, S. 246 ff. IV 3 ff. v. Sybel, Entstehung des
169 405 1376 442 deutschen Königtums S. 409 ff. v. Daniels, Handbuch I 526 ff. Sohm, Reichs-
170 445 1376 482 und Gerichtsverfassung S. 27 ff. L. v. Maurer, Geschichte der Frohnhöfe
172 486 1377 522 I (1862) 121 ff. 212 f. 229 ff. v. Inama Sternegg, Deutsche Wirtschaftsgeschichte
172 526 1375 559 I 321 ff. Heusler, Institutionen I 308 ff. R. Schröder, RG S. 181. Viollet,
172 566 1379 601 Histoire des institutions politiques I 318 ff. Fustel de Coulanges, Monarchie
172 606 1379 641 franque, ch. 11. Pückert, Die sogen. Notitia (Constitutio Hludovici Pii) de servitio
170 644 1378 679 monasteriorum, Berichte der königl. sächs. Gesellsch. der Wiss. vom 19. Juli 1890.
258 717 1380 756 Macht und Ansehen des germanischen Volkskönigs beruhten
170 764 1380 805 einst vornehmlich auf dem persönlichen Einflusse, den er auf seine
174 813 1381 854 Umgebung und auf sein Volk auszuüben verstand. Dieser Einfluſs
173 861 1381 902 hing aber zum guten Teile von dem Reichtum ab, über den der König
174 909 1381 950 verfügte. Der Königshort  ist darum von dem Begriff des germanischen
174 954 1381 997 Königtums geradezu untrennbar. Geschichte und Sage legen auf ihn
172 1001 1381 1044 das gröſste Gewicht. Er liefert die Mittel, ein stattliches und ansehn-
175 1048 1380 1093 liches Gefolge zu unterhalten; er birgt nicht bloſs gemünztes Gold,
175 1096 1382 1142 sondern auch die Ringe und Spangen, die Ehrenwaffen und Kleider,
175 1145 1381 1187 mit welchen der König treue Dienste und wackere Thaten belohnt.
176 1194 1384 1234 Auch in merowingischer Zeit üben die schimmernden Schätze des
174 1241 1385 1283 königlichen Hortes noch ihre zauberhafte Macht. ‘Fast nicht weniger
173 1289 1385 1330 als das Reich gilt der Schatz’ . Hort und Reich gewinnen heiſst die
175 1337 1386 1378 Herrschaft ergreifen. Bei den Reichsteilungen wird wie das Reich
174 1385 1384 1425 auch der Hort geteilt. In kritischen Momenten werden die Schätze
174 1430 1386 1473 des königlichen Hortes geflüchtet oder verteilt, um in der Not des
176 1477 1386 1520 Augenblicks festen Anhang zu gewinnen. Als Lothar 842 vor seinen
176 1523 1386 1561 Brüdern von Aachen fliehen muſste, raffte er die Kostbarkeiten des
178 1571 1387 1611 Hortes zusammen; einen kunstvoll gearbeiteten silbernen Tisch aus
176 1620 1389 1658 dem Erbe Karls des Groſsen lieſs er in Stücke zerschlagen und ver-
178 1668 1389 1708 teilen, um die schwankend gewordene Treue seiner Anhänger zu be-
179 1719 335 1756 festigen .
259 1763 1389 1802 Mit Tresekammer (Schatzkammer) übersetzen alte Glossen das
181 1810 1389 1848 Wort fiscus . Zum Fiskus gehörte aber nicht bloſs der eigentliche
179 1857 1390 1897 Hort, sondern das ganze Vermögen, insbesondere auch der Grund-
562 181 599 206 67
530 179 1019 213 § 68. Königshort und Königsgut.
1208 2198 1241 2221 5*
289 1966 1390 2000 Got. huzd, alts. und ags. hord. Schatz bedeutete ein einzelnes Geldstück.
181 2006 1391 2038 Aus dem lateinischen thesaurus bildete die altdeutsche Sprache trëso, triso, trë-
184 2048 775 2081 sur, trisur. Vgl. das französische trésor.
290 2087 673 2119 Waitz, VG II 1, S. 182.
264 2125 1067 2156 Dümmler, Geschichte des ostfränk. Reiches I2 175.
292 2164 972 2197 Diefenbach, Glossarium latino-germ. S. 236.
