1600 2404
232 234 1363 277 In geistlichen Angelegenheiten übte die Kirche gegen Geistliche
151 283 1362 321 und Laien ihre Straf- und Zuchtmittel völlig unabhängig und selb-
151 329 1363 371 ständig aus. Ihr dafür den weltlichen Arm zu leihen, hatte sich der
151 377 1362 420 merowingische Staat weder verpflichtet noch berufen gefühlt. Anders
152 427 1360 467 das theokratisch gefärbte Königtum der Karolinger. Diesem war es
151 474 1363 516 Regierungsprogramm, der Kirche bei Durchführung ihrer Aufgaben mit
151 521 1362 564 dem Apparat der weltlichen Zwangsgewalt zur Seite zu stehen. Aus
153 569 1362 609 der Fülle der dahin gehörigen Thatsachen genügt es hier nur einzelne
151 616 1362 660 Beispiele anzuführen. Der Graf und eventuell der König helfen den
151 662 1362 702 Bischöfen u. a. den Gehorsam der Äbte, Priester und übrigen Kleriker
152 712 1362 755 erzwingen. Exkommunizierte, die es verweigern sich zu fügen und
151 760 1362 800 Buſse zu thun, werden mit Kerker und Verbannung bedroht. Wenn
152 809 1363 847 der Bischof die Diöcese bereist, um gewisse kirchliche Vergehen zu
156 857 1363 896 erforschen und mit geistlichen Strafen zu ahnden, soll der Graf oder
152 904 1363 939 sein Unterbeamter ihn unterstützen. Der Graf soll als ‘defensor
153 951 1361 986 ecclesiae’ dem Bischof zur Seite stehen, um heidnischen Brauch und
153 998 1362 1041 Aberglauben zu unterdrücken. In Sachsen wird u. a. die Ver-
152 1041 1362 1088 schmähung der Taufe, das Übertreten des Fastengebotes, die Leichen-
151 1093 1362 1137 verbrennung mit dem Tode bestraft. Königliche Anordnungen regeln
152 1143 1363 1182 die Kirchenbaulast und die Dotierung vermögensloser Kirchen. Die
152 1191 1363 1234 allgemeine Zehntpflicht wird zu Gunsten der Kirche in gröſserem Um-
151 1240 1364 1283 fange durchgeführt, wiederholt eingeschärft und für die Eintreibung
152 1289 1362 1326 des Zehnten das weltliche Beamtentum zur Verfügung gestellt. Im
149 1337 1362 1378 allgemeinen weist der König die kirchlichen Organe und die welt-
150 1384 1362 1423 lichen Beamten an, sich in Erfüllung ihrer Aufgaben gegenseitig zu
152 1431 1361 1471 unterstützen und gegenseitig zu kontrollieren. Durch Königsbann
150 1476 1362 1513 erhalten die Kirchen einen höheren Frieden. Das Wergeld der
1301 155 1358 184 321
620 156 889 189 § 96. Die Kirche.
197 2160 1216 2191 Binding, Handbuch. II. 1. II: Brunner, Deutsche Rechtsgesch. II. 21
271 1593 992 1631 Arg. Synodus Franconofurt. v. J. 794, c. 6, I 74.
273 1641 1363 1676 Conc. Vern. v. J. 755, c. 9, I 35: quod si aliquis ista omnia contempserit
152 1681 1362 1721 et episcopus hoc minime emendare potuerit, regis iudicio exilio condamnetur. Cap.
152 1721 1363 1756 Olonn. eccles. v. J. 825, c. 1, I 326: si vero excommunicatus corrigi nequiverit, a
152 1762 1361 1797 comite vinculis constringatur, quousque nostrum is contemptor suscipiat iudicium.
150 1799 919 1839 Synodus Suession. v. J. 853, c. 10, Pertz, LL I 420.
273 1848 803 1887 Cap. Aquisgr. 801—813, c. 1, I 170.
272 1895 891 1935 Cap. Mantuanum v. J. 781 (?), c. 6, I 190.
271 1944 1361 1983 Cap. Karlom. v. J. 742, c. 5, I 25. Cap. Karoli v. J. 769 (?), c. 6, I 45.
272 1992 914 2025 Siehe die Stellen bei Waitz, VG IV 120 f.
270 2041 1361 2077 Eine Unterordnung der Grafen unter die Bischöfe hat nicht bestanden,
153 2080 1362 2114 sondern das Verhältnis zwischen beiden ist als ein ebenbürtiges gedacht. Siehe
150 2119 1203 2154 die bei Hinschius, Kirchenrecht III 710, Anm. 3, angeführten Stellen.
