1600 2367
321 219 1453 259 Barbarische Soldatennamen nehmen seit dem dritten Jahrhundert
242 267 1453 307 mehr und mehr zu. Die in Armins Zeiten übliche Annahme italischer
242 315 1453 355 Namen unterbleibt. Vom vierten bis sechsten Jahrhundert ist bar-
243 359 1453 405 barus technische Bezeichnung des Soldaten, ja der Militärfiskus wird
243 409 1453 458 gelegentlich als fiscus barbaricus bezeichnet. Germanische Sitte
244 434 1452 505 dringt in das römische Heer ein. Echt germanische Züge sind es,
245 504 1452 552 wenn die Truppen den Feldherrn, den sie zum Augustus ausrufen,
245 545 1454 596 auf den Schild erheben, wie dies über Julian und Valentinian I. be-
245 599 1454 645 richtet wird, oder wenn das römische Heer i. J. 377 eine Schlacht
246 650 1155 697 gegen die Westgoten mit dem Schildgesang eröffnet.
326 695 1455 736 Das letzte Jahrhundert der römischen Geschichte darf man dreist
246 743 1456 784 als das Jahrhundert der Germanenherrschaft bezeichnen. Denn Ger-
246 789 1456 834 manen sind es, die im Besitze der höchsten Ämter thatsächlich das
246 841 1457 879 Heer und den Staat regieren. Um nicht Gestalten zweiten Ranges zu
247 883 1457 930 nennen genügt es, auf die Franken Merobaudes und Arbogast, auf
247 932 1456 973 den Vandalen Stilicho, auf den Sueben Ricimer, auf den Burgunder
248 979 1456 1024 Gundobad und auf den Goten Aspar zu verweisen, glänzende Heer-
248 1028 1455 1073 führer und Staatsmänner germanischer Abstammung, welchen aus der
248 1076 1457 1121 Zeit der letzten Entscheidungskämpfe der aus Niedermösien stammende
248 1126 1458 1172 Aëtius gewissermaſsen als letzter Vertreter römisch-illyrischen Soldaten-
247 1178 869 1220 tums gegenübergestellt werden darf.
328 1223 1459 1263 Indem es durch die Germanen gleichzeitig von auſsen zertrümmert
248 1269 1459 1313 und von innen heraus aufgelöst wurde, ist das weströmische Reich zu
249 1315 1459 1364 Grunde gegangen. Der gröſste Teil seines Gebietes war an die feind-
248 1368 1457 1406 lichen oder an die föderierten Germanenstämme verloren gegangen,
250 1412 1460 1451 die Idee einer das West- und Ostreich verbindenden Gesamtherrschaft
248 1462 1458 1505 zur Illusion geworden, als ein Akt der inneren Auflösung, eine Meu-
248 1508 1457 1554 terei germanischer Soldtruppen, der römischen Herrschaft auch in
248 1555 1456 1596 Italien ein Ende machte. Das aus Skiren, Rugiern, Herulern, Goten,
251 1601 1459 1644 Vandalen und anderen Völkerschaften zusammengesetzte Söldnerheer
249 1648 1458 1698 empörte sich unter der Führung Odovakers, der den letzten im West-
250 1696 1354 1741 reich anerkannten Kaiser beseitigte und den Königstitel annahm.
510 141 1175 178 § 7. Das Germanentum im römischen Reich.
1408 139 1447 168 39
372 1800 1458 1839 Marini, Pap. dipl. Nr 73. Spangenberg, Tabulae negotiorum S 371.
371 1842 935 1876 Grimm, Rechtsaltertümer S 234. 235.
370 1880 1458 1916 In der einzigen von ihm erhaltenen Urkunde einer pagina donationis
250 1919 1459 1960 regiae, regiae largitatis (Marini Nr 83; Spangenberg S 164) urkundet Odo-
249 1959 1459 1995 vaker als rex. Das Diplom ist von einem notarius regni eius, regiae sedis ge-
250 1998 1458 2035 schrieben und iussu regio von dem magister officiorum et consiliarius domini regis
250 2038 1457 2073 Andromachus unterschrieben. Die Kurie, bei der die Schenkung insinuiert wird,
250 2082 772 2116 handelt secundum praecepta regalia.
