1600 2367
240 249 1447 288 väterlichen Hause leben. Des Vaters Wille entscheidet, ob das neu-
240 297 1447 337 geborene Kind in die Familie aufgenommen oder ausgesetzt werden
240 345 1447 382 solle. Die Aussetzung war gestattet bis zur Zeit da dem Kinde ein
240 392 1447 431 Name gegeben worden. Die Namengebung pflegte binnen neun
241 437 1447 474 Nächten nach der Geburt zu erfolgen und war schon in heidnischer
238 485 1446 522 Zeit mit Wassertauche oder Wasserbegieſsung verbunden. Mit diesem
239 532 1446 571 Akte trat das Kind in seine volle Rechtsfähigkeit und in sein volles
239 579 1446 621 Wergeld ein, während es bis dahin nur durch ein halbes Wergeld
238 631 473 667 geschützt war.
319 674 1446 712 Bezüglich der Kinder hat der Vater gleichfalls das Recht, sie
240 720 1447 758 wegen echter Not in die Unfreiheit zu verkaufen. Ebenso darf er
238 767 1445 800 sie zur Strafe töten oder verkaufen. Der Vater haftet für das
239 816 1446 854 Hauskind, vertritt es vor Gericht, schwört Eide für den in der
238 864 1446 896 Were befindlichen Sohn. Aus der väterlichen Gewalt scheiden die
237 913 1445 950 Töchter durch die Ehe aus, um in die Munt des Ehemannes einzu-
236 962 1446 999 treten, die Söhne durch Gründung eines selbständigen Haushalts, ferner
238 1008 1444 1044 durch Eintritt in eine Gefolgschaft und durch Annahme an Kindes-
236 1054 1443 1094 statt. Der Sohn, der die wirtschaftliche Selbständigkeit erlangte,
239 1101 1445 1137 was regelmäſsig bei der Verheiratung, mitunter aber nicht immer bei
238 1147 1444 1182 der Wehrhaftmachung geschah, scheidet wie aus dem Hause so auch
238 1194 1443 1233 aus der Munt des Vaters aus, er wird homo suae potestatis, selb-
241 176 281 205 76
721 173 971 204 § 12. Das Haus.
359 1302 1443 1336 Die Ausdrücke Degen, Knabe bezeichnen einerseits den puer, anderer-
237 1342 1443 1376 seits den Diener. Knecht ist ursprünglich Knabe. Got. magus ist Knabe und
238 1381 813 1413 Knecht, angels. mago Sohn und Diener.
360 1421 1442 1459 Nach einer Nachricht über die heidnischen Friesen war der Vater befugt,
238 1460 1443 1498 das Kind zu töten oder töten zu lassen, so lange es keine Nahrung zu sich ge-
238 1498 1442 1538 nommen hatte. Grimm, RA S 458. Lex Fris. 5 betrachtet nur die Tötung des
238 1537 988 1571 neugeborenen Kindes durch die Mutter für straflos.
360 1576 1425 1609 Lex Sal. 24, 4; Rib. 36, 10. Vgl. Pact. Alam. 2, 31; Lex Al. Hloth. 79.
359 1612 1443 1650 K. Maurer, Über die Wasserweihe des germ. Heidentums, Abhandl. der
238 1655 1443 1691 bayr. Akad. XV 3. Abteil. 1880. Spuren dieser Sitte hat für die Westgermanen
237 1694 1072 1731 Müllenhoff, Anzeiger f. DA VII 407 ff. nachgewiesen.
358 1734 1443 1770 Ursprünglich mag die Namengebung und Taufe wohl auch die Erbfähigkeit
238 1774 1441 1811 bedingt haben, und vermutlich ist es das Ergebnis einer jüngeren Rechtsbildung,
238 1813 1442 1845 wenn sie nur von bestimmten Merkmalen der Lebensfähigkeit — von der Annahme
239 1853 1442 1888 der ersten Nahrung bei den Nordgermanen, von einer Stunde Leben und der Öff-
238 1893 1169 1927 nung der Augen bei den Alamannen — abhängig gemacht wird.
360 1932 1441 1965 S. oben Anm 36. Edictum Pistense v. J. 864 c. 34. Theodorus, Cap. Dach.
236 1971 1442 2006 c. 114 bei Wasserschleben, Buſsordnungen S 155. Theod., Poenit. c. 13 a. O.
238 2009 1185 2045 S 217. Weitere Belege und Litteratur bei Dargun a. O. S 49.
359 2052 997 2084 Rothari 221. Kraut, Vormundschaft I 46.
360 2090 1258 2123 Greg. Tur. 8, 43. Cap. Worm. v. J. 829 c. 4. Pertz I 353.
361 2131 612 2162 Form. Andeg. 11.
