1600 2367
224 226 1434 264 Aus ihnen bestanden jene zahlreichen Heere, an welchen schlieſs-
224 271 1436 311 lich die Schärfe der römischen Waffen sich stumpf schlug. Dagegen
224 319 1430 358 kann die Zahl der Knechte und Liten nicht groſs gewesen sein. Wie
225 366 1432 404 schon innerhalb der agrarischen Verhältnisse der germanischen Zeit
224 412 1431 451 kein Raum bleibt für eine ausgedehnte Verwertung unfreier Arbeits-
224 458 1430 498 kräfte, so bietet der Mangel an solchen den eigentlichen Schlüssel für
225 505 1431 541 das Verständnis der Entwicklung, welche in dem Wirtschaftsleben der
224 553 1430 588 fränkischen Zeit durch die Ausbildung zahlreicher Leiheverhältnisse
227 603 478 640 eingetreten ist.
238 646 1431 687 Der Knecht wird nicht als Person, sondern als eine im Eigen-
226 693 1432 730 tum des Herrn stehende Sache angesehen. Noch in den Volksrechten
227 741 1431 778 wird er gelegentlich als Vermögensobjekt mit den Haustieren zu-
229 788 1432 825 sammengestellt. Wie das Pferd oder das Rind kann der Knecht
228 837 1431 875 seinem Herrn gestohlen werden. Wird er durch einen Dritten ge-
226 885 1432 924 tötet, so wird er nicht durch Zahlung eines Wergeldes, sondern durch
227 934 1431 971 den Ersatz des Sachwertes vergolten. Wird er verletzt, so hat er
225 981 1436 1020 keinen Anspruch auf Buſse, wohl aber der Herr einen Anspruch auf
226 1028 1433 1065 Entschädigung. Der Herr kann den Knecht ungestraft töten und nach
227 1074 1432 1114 Belieben züchtigen. Er kann ihm ungemessene Dienste auferlegen.
227 1119 1433 1159 Der Knecht ist nicht fähig Vermögen zu haben und zu erwerben; er
228 1166 1432 1205 erwirbt nur seinem Herrn. Wie überhaupt keinen Vertrag kann er
229 1212 1432 1251 auch keine Ehe schlieſsen; selbst die mit Zustimmung des Herrn ein-
227 149 266 177 96
692 146 959 178 § 14. Die Stände.
230 1321 1433 1357 gegenüber dem Leibeigenen; dem aufsteigenden Adel gegenüber ward er aber erst
231 1361 1433 1396 zur Bezeichnung der Gemeinfreien, der freien Bauern, als Standesname, dann aber
230 1400 1433 1433 zu Bauer im späteren Sinne.“ Grimm, WB V 571. Da das Wort auch für
230 1440 1432 1478 maritus und senex vorkommt, ist vielleicht in der Stellung des Hausherrn zu Frau,
230 1479 1433 1513 Kindern und Knechten ein einheitlicher Ausgangspunkt für die verschiedenen älteren
230 1517 743 1552 Bedeutungen des Wortes zu finden.
340 1556 1440 1593 Got. skalks, ahd. scalc, Schalk, ferner got. þius, ahd. dëo, tëo, in der
230 1596 1431 1633 malberg. Glosse theo, ags. þeóv. Die Magd diu, thiu, diorna, thiorna. Nordisch
231 1636 1432 1672 þræll Knecht, ambat Magd. Zu þræll ahd. drëgil, drigil, Diener. Grimm, RA
231 1674 1181 1710 S 302. 303 und Nachtrag; Grimm, Gesch. d. DSpr S 283 (404).
339 1714 1444 1751 Z. B. Lex Fris. Add. 7: De rebus fugitivis. Si servus aut ancilla aut equus
232 1754 1351 1790 aut bos aut quodlibet animal fugiens dominum suum ab alio fuerit receptum.
340 1793 1431 1829 Lex Sal. 10: si quis servo aut caballo vel jumentum furaverit. Ine 53:
232 1833 1433 1867 Wenn man einen gestohlenen Mann in Beschlag nimmt bei einem anderen. Das
233 1872 1442 1906 salische Recht hat für den am Knechte begangenen Diebstahl die technische Be-
232 1913 541 1945 zeichnung theotexaca.
341 1951 1435 1984 Lex Fris. 4, 1: si quis servum alterius occiderit, componat eum iuxta quod
234 1990 1443 2025 a domino eius fuerit aestimatus; 1, 11: iuxta quod fuerit adpretiatus et dominus
234 2030 1440 2063 eius ipsius pretii eum fuisse sacramento suo iuraverit. Wenn jemand, sagt die
233 2070 1442 2102 norweg. Gulaþíngslög 182, eines andern Knecht erschlägt, so soll man ihn er-
235 2110 733 2140 setzen, wie man ihn nackt schätzt.
