<?xml version="1.0" encoding="UTF-8"?>
<PcGts xmlns="http://schema.primaresearch.org/PAGE/gts/pagecontent/2019-07-15" xmlns:xsi="http://www.w3.org/2001/XMLSchema-instance" xsi:schemaLocation="http://schema.primaresearch.org/PAGE/gts/pagecontent/2019-07-15 http://schema.primaresearch.org/PAGE/gts/pagecontent/2019-07-15/pagecontent.xsd">
<Metadata>
<Creator>regJS2PAGE.py</Creator>
<Created>2021-02-16T11:02:36.537736</Created>
<LastChange>2021-02-16T11:02:36.537736</LastChange>
</Metadata>
<Page imageFilename="tmp/brunner_rechtsgeschichte02_1892_0066.png" imageWidth="1600" imageHeight="2404">
<TextRegion id="block_0" custom="structure {type:body;}">
<Coords points="351,255 351,294 351,303 275,303 275,339 275,350 275,389 275,467 668,467 668,506 668,530 276,530 276,563 275,570 275,603 275,609 275,640 275,649 275,681 276,689 276,721 276,728 276,760 278,766 278,800 280,806 280,840 277,846 277,881 277,920 362,920 362,958 362,968 277,968 277,1007 277,1016 277,1051 279,1063 279,1099 278,1110 278,1147 279,1156 279,1188 278,1203 278,1243 280,1250 280,1291 282,1298 282,1337 281,1348 281,1384 281,1396 361,1396 361,1432 361,1443 280,1443 280,1481 281,1491 281,1531 282,1539 282,1577 282,1587 282,1624 282,1632 282,1670 1486,1670 1486,1632 1484,1624 1484,1587 1486,1577 1486,1539 1485,1531 1485,1491 1484,1481 1484,1443 1483,1432 1483,1396 1092,1396 1092,1384 1092,1348 1486,1348 1486,1337 1486,1298 1483,1291 1483,1250 1482,1243 1482,1203 1483,1188 1483,1156 1484,1147 1484,1110 1481,1099 1481,1063 1484,1051 1484,1016 1481,1007 1481,968 1481,958 1481,920 1482,881 1482,846 1481,840 1481,806 1481,800 1481,766 1481,760 1481,728 1480,721 1480,689 1480,681 1480,649 1480,640 1480,609 1480,603 1480,570 1479,563 1479,530 1087,530 1087,506 1087,467 876,467 876,389 876,350 1479,350 1479,339 1479,303 1479,294 1479,255 351,255"/>
<TextLine id="line_0">
<Coords points="351,257 439,257 460,257 511,257 538,258 603,258 626,256 834,256 863,256 990,256 1019,255 1071,255 1096,256 1264,256 1292,256 1479,256 1479,292 1292,292 1264,294 1096,294 1071,285 1019,285 990,285 863,285 834,290 626,290 603,287 538,287 511,287 460,287 439,287 351,287 351,257"/>
<Baseline points="351,287 439,287 460,287 511,287 538,287 603,287 626,290 834,290 863,285 990,285 1019,285 1071,285 1096,294 1264,294 1292,292 1479,292"/>
<TextEquiv><Unicode>Nicht auf dem Volksrechte, sondern auf speziellem königlichen</Unicode></TextEquiv>
</TextLine>

<TextLine id="line_1">
<Coords points="275,305 515,305 542,304 650,304 681,303 734,303 760,303 869,303 897,303 1019,303 1049,304 1173,304 1200,304 1255,304 1282,304 1347,304 1376,304 1479,304 1479,333 1376,333 1347,333 1282,333 1255,332 1200,332 1173,333 1049,333 1019,339 897,339 869,332 760,332 734,332 681,332 650,335 542,335 515,336 275,336 275,305"/>
<Baseline points="275,336 515,336 542,335 650,335 681,332 734,332 760,332 869,332 897,339 1019,339 1049,333 1173,333 1200,332 1255,332 1282,333 1347,333 1376,333 1479,333"/>
<TextEquiv><Unicode>Friedensbanne beruht der höhere Friede, welcher mit dem beson-</Unicode></TextEquiv>
</TextLine>

<TextLine id="line_2">
<Coords points="275,353 366,353 386,352 617,352 638,350 809,350 831,351 876,351 876,379 831,379 809,379 638,379 617,389 386,389 366,382 275,382 275,353"/>
<Baseline points="275,382 366,382 386,389 617,389 638,379 809,379 831,379 876,379"/>
<TextEquiv><Unicode>deren Königsschutze verbunden ist.</Unicode></TextEquiv>
</TextLine>

<TextLine id="line_3">
<Coords points="668,467 683,467 705,468 751,468 794,470 1087,470 1087,506 794,506 751,498 705,498 683,506 668,506 668,467"/>
<Baseline points="668,506 683,506 705,498 751,498 794,506 1087,506"/>
<TextEquiv><Unicode>§ 66. Königsschutz.</Unicode></TextEquiv>
</TextLine>

<TextLine id="line_4">
<Coords points="276,532 420,532 438,530 553,530 572,530 687,530 704,540 748,540 764,532 919,532 935,532 983,532 1001,532 1048,532 1060,530 1224,530 1244,531 1418,531 1429,532 1479,532 1479,556 1429,556 1418,557 1244,557 1224,560 1060,560 1048,555 1001,555 983,556 935,556 919,563 764,563 748,556 704,556 687,562 572,562 553,560 438,560 420,557 276,557 276,532"/>
<Baseline points="276,557 420,557 438,560 553,560 572,562 687,562 704,556 748,556 764,563 919,563 935,556 983,556 1001,555 1048,555 1060,560 1224,560 1244,557 1418,557 1429,556 1479,556"/>
<TextEquiv><Unicode>Theodor Sickel, Beiträge zur Diplomatik III: Die Mundbriefe, Immunitäten und</Unicode></TextEquiv>
</TextLine>

<TextLine id="line_5">
<Coords points="275,571 423,571 450,570 494,570 520,573 601,573 625,570 773,570 798,572 836,572 859,579 913,579 937,572 1013,572 1039,571 1097,571 1118,570 1179,570 1200,570 1250,570 1267,571 1292,571 1310,571 1412,571 1441,571 1480,571 1480,596 1441,596 1412,597 1310,597 1292,595 1267,595 1250,595 1200,595 1179,595 1118,595 1097,601 1039,601 1013,596 937,596 913,596 859,596 836,596 798,596 773,603 625,603 601,595 520,595 494,594 450,594 423,602 275,602 275,571"/>
<Baseline points="275,602 423,602 450,594 494,594 520,595 601,595 625,603 773,603 798,596 836,596 859,596 913,596 937,596 1013,596 1039,601 1097,601 1118,595 1179,595 1200,595 1250,595 1267,595 1292,595 1310,597 1412,597 1441,596 1480,596"/>
<TextEquiv><Unicode>Privilegien der ersten Karolinger bis zum Jahre 840, 1864 und in Wiener SB</Unicode></TextEquiv>
</TextLine>

<TextLine id="line_6">
<Coords points="275,611 369,611 389,610 434,610 445,609 470,609 511,610 725,610 743,612 790,612 806,611 943,611 964,611 1038,611 1058,611 1109,611 1138,611 1238,611 1256,610 1294,610 1312,611 1379,611 1396,611 1444,611 1455,611 1480,611 1480,635 1455,635 1444,635 1396,635 1379,635 1312,635 1294,635 1256,635 1238,635 1138,635 1109,639 1058,639 1038,635 964,635 943,635 806,635 790,635 743,635 725,640 511,640 470,634 445,634 434,634 389,634 369,634 275,634 275,611"/>
<Baseline points="275,634 369,634 389,634 434,634 445,634 470,634 511,640 725,640 743,635 790,635 806,635 943,635 964,635 1038,635 1058,639 1109,639 1138,635 1238,635 1256,635 1294,635 1312,635 1379,635 1396,635 1444,635 1455,635 1480,635"/>
<TextEquiv><Unicode>XLVII 175 ff. Mühlbacher, Die Urkunden Karls III., Wiener SB XCII 443 ff.</Unicode></TextEquiv>
</TextLine>

<TextLine id="line_7">
<Coords points="275,650 390,650 408,650 452,650 471,650 495,650 515,649 534,649 553,649 577,649 595,649 642,649 655,650 691,650 709,651 746,651 763,650 811,650 822,649 860,649 882,650 917,650 935,650 983,650 994,649 1018,649 1053,649 1145,649 1167,650 1309,650 1324,650 1374,650 1392,651 1480,651 1480,675 1392,675 1374,674 1324,674 1309,674 1167,674 1145,680 1053,680 1018,674 994,674 983,674 935,674 917,674 882,674 860,680 822,680 811,675 763,675 746,675 709,675 691,681 655,681 642,674 595,674 577,674 553,674 534,679 515,679 495,674 471,674 452,674 408,674 390,679 275,679 275,650"/>
<Baseline points="275,679 390,679 408,674 452,674 471,674 495,674 515,679 534,679 553,674 577,674 595,674 642,674 655,681 691,681 709,675 746,675 763,675 811,675 822,680 860,680 882,674 917,674 935,674 983,674 994,674 1018,674 1053,680 1145,680 1167,674 1309,674 1324,674 1374,674 1392,675 1480,675"/>
<TextEquiv><Unicode>Waitz, VG II 1, S. 330 ff.; III 323 ff.; IV 234 ff. Roth, Feudalität und Unter-</Unicode></TextEquiv>
</TextLine>

<TextLine id="line_8">
<Coords points="276,690 446,690 461,689 485,689 498,690 545,690 556,690 581,690 615,691 646,691 664,691 813,691 832,690 941,690 960,689 1011,689 1028,690 1280,690 1299,690 1342,690 1359,690 1480,690 1480,721 1359,721 1342,714 1299,714 1280,719 1028,719 1011,713 960,713 941,720 832,720 813,720 664,720 646,714 615,714 581,714 556,714 545,714 498,714 485,713 461,713 446,715 276,715 276,690"/>
<Baseline points="276,715 446,715 461,713 485,713 498,714 545,714 556,714 581,714 615,714 646,714 664,720 813,720 832,720 941,720 960,713 1011,713 1028,719 1280,719 1299,714 1342,714 1359,721 1480,721"/>
<TextEquiv><Unicode>thanverband S. 266 ff. H. Brunner, Zeugen- und Inquisitionsbeweis der karoling.</Unicode></TextEquiv>
</TextLine>

<TextLine id="line_9">
<Coords points="276,730 338,730 360,729 427,729 445,729 468,729 481,729 510,729 523,729 547,729 582,730 744,730 761,729 852,729 870,728 920,728 939,728 1079,728 1097,728 1219,728 1232,729 1271,729 1283,729 1390,729 1411,729 1481,729 1481,758 1411,758 1390,760 1283,760 1271,753 1232,753 1219,759 1097,759 1079,759 939,759 920,752 870,752 852,754 761,754 744,759 582,759 547,753 523,753 510,752 481,752 468,753 445,753 427,757 360,757 338,759 276,759 276,730"/>
<Baseline points="276,759 338,759 360,757 427,757 445,753 468,753 481,752 510,752 523,753 547,753 582,759 744,759 761,754 852,754 870,752 920,752 939,759 1079,759 1097,759 1219,759 1232,753 1271,753 1283,760 1390,760 1411,758 1481,758"/>
<TextEquiv><Unicode>Zeit, 1866, S. 51 ff. Derselbe, Mithio und Sperantes, Festgabe für Beseler, 1885,</Unicode></TextEquiv>
</TextLine>

<TextLine id="line_10">
<Coords points="278,768 302,768 320,768 370,768 413,768 609,768 637,769 839,769 868,767 918,767 943,766 1088,766 1111,767 1175,767 1201,767 1367,767 1393,769 1481,769 1481,798 1393,798 1367,793 1201,793 1175,791 1111,791 1088,798 943,798 918,793 868,793 839,794 637,794 609,800 413,800 370,792 320,792 302,793 278,793 278,768"/>
<Baseline points="278,793 302,793 320,792 370,792 413,800 609,800 637,794 839,794 868,793 918,793 943,798 1088,798 1111,791 1175,791 1201,793 1367,793 1393,798 1481,798"/>
<TextEquiv><Unicode>S. 6 ff. Ehrenberg, Commendation und Huldigung nach fränkischem Recht,</Unicode></TextEquiv>
</TextLine>

<TextLine id="line_11">
<Coords points="280,809 350,809 373,808 396,808 415,808 527,808 572,809 601,809 619,809 771,809 789,808 970,808 995,807 1018,807 1042,806 1097,806 1138,806 1280,806 1306,808 1481,808 1481,832 1306,832 1280,836 1138,836 1097,831 1042,831 1018,831 995,831 970,833 789,833 771,840 619,840 601,832 572,832 527,831 415,831 396,831 373,831 350,837 280,837 280,809"/>
<Baseline points="280,837 350,837 373,831 396,831 415,831 527,831 572,832 601,832 619,840 771,840 789,833 970,833 995,831 1018,831 1042,831 1097,831 1138,836 1280,836 1306,832 1481,832"/>
<TextEquiv><Unicode>1877, S. 68—85. E. Loening, Kirchenrecht II 386. Heusler, Institutionen</Unicode></TextEquiv>
</TextLine>

<TextLine id="line_12">
<Coords points="277,848 289,848 309,847 388,847 422,847 555,847 577,848 684,848 708,849 757,849 781,849 889,849 911,847 941,847 963,847 1100,847 1123,846 1218,846 1241,847 1252,847 1274,846 1355,846 1372,847 1395,847 1414,847 1444,847 1456,847 1482,847 1482,872 1456,872 1444,871 1414,871 1395,871 1372,871 1355,877 1274,877 1252,871 1241,871 1218,871 1123,871 1100,871 963,871 941,872 911,872 889,881 781,881 757,873 708,873 684,878 577,878 555,879 422,879 388,873 309,873 289,873 277,873 277,848"/>
<Baseline points="277,873 289,873 309,873 388,873 422,879 555,879 577,878 684,878 708,873 757,873 781,881 889,881 911,872 941,872 963,871 1100,871 1123,871 1218,871 1241,871 1252,871 1274,877 1355,877 1372,871 1395,871 1414,871 1444,871 1456,872 1482,872"/>
<TextEquiv><Unicode>I 109 ff. Jacques Flach, Les origines de l’ancienne France I (1886) S. 79 ff.</Unicode></TextEquiv>
</TextLine>

<TextLine id="line_13">
<Coords points="362,921 435,921 456,920 610,920 631,921 857,921 886,920 1047,920 1074,920 1126,920 1148,920 1290,920 1319,921 1399,921 1428,921 1481,921 1481,950 1428,950 1399,950 1319,950 1290,950 1148,950 1126,950 1074,950 1047,958 886,958 857,958 631,958 610,958 456,958 435,950 362,950 362,921"/>
<Baseline points="362,950 435,950 456,958 610,958 631,958 857,958 886,958 1047,958 1074,950 1126,950 1148,950 1290,950 1319,950 1399,950 1428,950 1481,950"/>
<TextEquiv><Unicode>Dem gemeinen Königsfrieden entspricht der Gedanke eines all-</Unicode></TextEquiv>
</TextLine>

<TextLine id="line_14">
<Coords points="277,970 433,970 457,969 718,969 752,970 876,970 909,969 1061,969 1090,969 1297,969 1326,970 1377,970 1404,968 1481,968 1481,997 1404,997 1377,998 1326,998 1297,999 1090,999 1061,998 909,998 876,999 752,999 718,1006 457,1006 433,1007 277,1007 277,970"/>
<Baseline points="277,1007 433,1007 457,1006 718,1006 752,999 876,999 909,998 1061,998 1090,999 1297,999 1326,998 1377,998 1404,997 1481,997"/>
<TextEquiv><Unicode>gemeinen Königsschutzes, welcher sämtliche Unterthanen des frän-</Unicode></TextEquiv>
</TextLine>

<TextLine id="line_15">
<Coords points="277,1018 399,1018 413,1017 554,1017 578,1017 697,1017 715,1018 775,1018 791,1018 852,1018 868,1017 942,1017 963,1016 1015,1016 1034,1017 1081,1017 1095,1016 1242,1016 1261,1017 1412,1017 1434,1016 1484,1016 1484,1045 1434,1045 1412,1051 1261,1051 1242,1046 1095,1046 1081,1046 1034,1046 1015,1046 963,1046 942,1046 868,1046 852,1047 791,1047 775,1047 715,1047 697,1047 578,1047 554,1047 413,1047 399,1047 277,1047 277,1018"/>
<Baseline points="277,1047 399,1047 413,1047 554,1047 578,1047 697,1047 715,1047 775,1047 791,1047 852,1047 868,1046 942,1046 963,1046 1015,1046 1034,1046 1081,1046 1095,1046 1242,1046 1261,1051 1412,1051 1434,1045 1484,1045"/>
<TextEquiv><Unicode>kischen Reiches umfaſst und sich auch auf die Fremden erstreckt, die</Unicode></TextEquiv>
</TextLine>

<TextLine id="line_16">
<Coords points="279,1066 388,1066 408,1065 592,1065 615,1064 812,1064 832,1064 959,1064 1001,1064 1168,1064 1197,1065 1236,1065 1262,1064 1292,1064 1319,1064 1376,1064 1404,1063 1481,1063 1481,1093 1404,1093 1376,1093 1319,1093 1292,1093 1262,1093 1236,1093 1197,1093 1168,1099 1001,1099 959,1094 832,1094 812,1094 615,1094 592,1095 408,1095 388,1095 279,1095 279,1066"/>
<Baseline points="279,1095 388,1095 408,1095 592,1095 615,1094 812,1094 832,1094 959,1094 1001,1099 1168,1099 1197,1093 1236,1093 1262,1093 1292,1093 1319,1093 1376,1093 1404,1093 1481,1093"/>
<TextEquiv><Unicode>keinen besonderen Schutzherrn haben. Allerdings ist in den frän-</Unicode></TextEquiv>
</TextLine>

<TextLine id="line_17">
<Coords points="278,1112 399,1112 422,1112 547,1112 563,1112 644,1112 659,1120 715,1120 729,1113 811,1113 825,1112 919,1112 942,1111 1037,1111 1051,1110 1292,1110 1306,1111 1358,1111 1372,1111 1484,1111 1484,1147 1372,1147 1358,1138 1306,1138 1292,1138 1051,1138 1037,1138 942,1138 919,1144 825,1144 811,1140 729,1140 715,1141 659,1141 644,1140 563,1140 547,1146 422,1146 399,1141 278,1141 278,1112"/>
<Baseline points="278,1141 399,1141 422,1146 547,1146 563,1140 644,1140 659,1141 715,1141 729,1140 811,1140 825,1144 919,1144 942,1138 1037,1138 1051,1138 1292,1138 1306,1138 1358,1138 1372,1147 1484,1147"/>
<TextEquiv><Unicode>kischen Quellen nicht von einer Munt, einem mundiburdium des Königs</Unicode></TextEquiv>
</TextLine>

<TextLine id="line_18">
<Coords points="279,1159 352,1159 373,1158 431,1158 453,1158 659,1158 680,1158 727,1158 741,1157 853,1157 895,1157 993,1157 1014,1156 1104,1156 1126,1156 1174,1156 1195,1156 1254,1156 1276,1156 1370,1156 1392,1158 1483,1158 1483,1188 1392,1188 1370,1186 1276,1186 1254,1185 1195,1185 1174,1185 1126,1185 1104,1185 1014,1185 993,1185 895,1185 853,1186 741,1186 727,1187 680,1187 659,1187 453,1187 431,1187 373,1187 352,1188 279,1188 279,1159"/>
<Baseline points="279,1188 352,1188 373,1187 431,1187 453,1187 659,1187 680,1187 727,1187 741,1186 853,1186 895,1185 993,1185 1014,1185 1104,1185 1126,1185 1174,1185 1195,1185 1254,1185 1276,1186 1370,1186 1392,1188 1483,1188"/>
<TextEquiv><Unicode>über alle Unterthanen die Rede. Allein schon die Lex Salica bietet</Unicode></TextEquiv>
</TextLine>

<TextLine id="line_19">
<Coords points="278,1207 309,1207 337,1206 419,1206 440,1204 551,1204 581,1213 639,1213 668,1205 878,1205 903,1203 1032,1203 1052,1203 1285,1203 1314,1205 1365,1205 1393,1206 1482,1206 1482,1243 1393,1243 1365,1235 1314,1235 1285,1241 1052,1241 1032,1239 903,1239 878,1233 668,1233 639,1233 581,1233 551,1233 440,1233 419,1234 337,1234 309,1236 278,1236 278,1207"/>
<Baseline points="278,1236 309,1236 337,1234 419,1234 440,1233 551,1233 581,1233 639,1233 668,1233 878,1233 903,1239 1032,1239 1052,1241 1285,1241 1314,1235 1365,1235 1393,1243 1482,1243"/>
<TextEquiv><Unicode>in einer Anzahl von Rechtssätzen logische Konsequenzen des allge-</Unicode></TextEquiv>
</TextLine>

<TextLine id="line_20">
<Coords points="280,1254 397,1254 418,1251 663,1251 685,1251 746,1251 769,1251 817,1251 838,1250 899,1250 925,1251 1044,1251 1071,1252 1208,1252 1239,1262 1282,1262 1305,1262 1336,1262 1358,1263 1394,1263 1417,1255 1483,1255 1483,1284 1417,1284 1394,1283 1358,1283 1336,1283 1305,1283 1282,1283 1239,1283 1208,1291 1071,1291 1044,1287 925,1287 899,1279 838,1279 817,1279 769,1279 746,1286 685,1286 663,1286 418,1286 397,1283 280,1283 280,1254"/>
<Baseline points="280,1283 397,1283 418,1286 663,1286 685,1286 746,1286 769,1279 817,1279 838,1279 899,1279 925,1287 1044,1287 1071,1291 1208,1291 1239,1283 1282,1283 1305,1283 1336,1283 1358,1283 1394,1283 1417,1284 1483,1284"/>
<TextEquiv><Unicode>meinen Königsschutzes dar, die sich geltend machen, wo es an dem</Unicode></TextEquiv>
</TextLine>

<TextLine id="line_21">
<Coords points="282,1302 406,1302 429,1301 481,1301 502,1300 592,1300 613,1298 776,1298 800,1300 875,1300 897,1299 959,1299 982,1301 1046,1301 1063,1301 1228,1301 1250,1303 1280,1303 1303,1303 1359,1303 1379,1304 1486,1304 1486,1332 1379,1332 1359,1332 1303,1332 1280,1331 1250,1331 1228,1331 1063,1331 1046,1330 982,1330 959,1329 897,1329 875,1328 800,1328 776,1336 613,1336 592,1337 502,1337 481,1330 429,1330 406,1332 282,1332 282,1302"/>
<Baseline points="282,1332 406,1332 429,1330 481,1330 502,1337 592,1337 613,1336 776,1336 800,1328 875,1328 897,1329 959,1329 982,1330 1046,1330 1063,1331 1228,1331 1250,1331 1280,1331 1303,1332 1359,1332 1379,1332 1486,1332"/>
<TextEquiv><Unicode>Schutze der Sippe gebricht, ohne daſs eine Aufnahme in den beson-</Unicode></TextEquiv>
</TextLine>

<TextLine id="line_22">
<Coords points="281,1350 372,1350 393,1348 499,1348 518,1349 570,1349 591,1348 703,1348 725,1356 985,1356 1007,1353 1092,1353 1092,1379 1007,1379 985,1384 725,1384 703,1384 591,1384 570,1378 518,1378 499,1379 393,1379 372,1380 281,1380 281,1350"/>
<Baseline points="281,1380 372,1380 393,1379 499,1379 518,1378 570,1378 591,1384 703,1384 725,1384 985,1384 1007,1379 1092,1379"/>
<TextEquiv><Unicode>deren Schutz des Königs vorausgegangen wäre.</Unicode></TextEquiv>
</TextLine>

<TextLine id="line_23">
<Coords points="361,1397 465,1397 486,1397 553,1397 575,1396 771,1396 786,1396 1025,1396 1049,1399 1101,1399 1122,1398 1183,1398 1204,1398 1278,1398 1296,1397 1353,1397 1375,1397 1483,1397 1483,1426 1375,1426 1353,1425 1296,1425 1278,1426 1204,1426 1183,1426 1122,1426 1101,1427 1049,1427 1025,1432 786,1432 771,1432 575,1432 553,1426 486,1426 465,1427 361,1427 361,1397"/>
<Baseline points="361,1427 465,1427 486,1426 553,1426 575,1432 771,1432 786,1432 1025,1432 1049,1427 1101,1427 1122,1426 1183,1426 1204,1426 1278,1426 1296,1425 1353,1425 1375,1426 1483,1426"/>
<TextEquiv><Unicode>Neben dem allgemeinen Königsschutze, der sich über alle Unter-</Unicode></TextEquiv>
</TextLine>

<TextLine id="line_24">
<Coords points="280,1447 391,1447 420,1445 597,1445 629,1445 687,1445 714,1452 745,1452 772,1444 810,1444 840,1443 1027,1443 1051,1445 1160,1445 1188,1444 1274,1444 1301,1444 1484,1444 1484,1473 1301,1473 1274,1472 1188,1472 1160,1474 1051,1474 1027,1474 840,1474 810,1474 772,1474 745,1473 714,1473 687,1481 629,1481 597,1480 420,1480 391,1476 280,1476 280,1447"/>
<Baseline points="280,1476 391,1476 420,1480 597,1480 629,1481 687,1481 714,1473 745,1473 772,1474 810,1474 840,1474 1027,1474 1051,1474 1160,1474 1188,1472 1274,1472 1301,1473 1484,1473"/>
<TextEquiv><Unicode>thanen erstreckte, gab es im fränkischen Reiche einen besonderen</Unicode></TextEquiv>
</TextLine>

<TextLine id="line_25">
<Coords points="281,1494 502,1494 525,1493 616,1493 631,1492 761,1492 776,1493 828,1493 842,1492 939,1492 960,1493 1017,1493 1035,1492 1204,1492 1225,1500 1277,1500 1299,1491 1365,1491 1381,1491 1485,1491 1485,1520 1381,1520 1365,1520 1299,1520 1277,1521 1225,1521 1204,1528 1035,1528 1017,1521 960,1521 939,1528 842,1528 828,1522 776,1522 761,1522 631,1522 616,1523 525,1523 502,1531 281,1531 281,1494"/>
<Baseline points="281,1531 502,1531 525,1523 616,1523 631,1522 761,1522 776,1522 828,1522 842,1528 939,1528 960,1521 1017,1521 1035,1528 1204,1528 1225,1521 1277,1521 1299,1520 1365,1520 1381,1520 1485,1520"/>
<TextEquiv><Unicode>Königsschutz, durch welchen der König den Schützling aus dem Kreise</Unicode></TextEquiv>
</TextLine>

<TextLine id="line_26">
<Coords points="282,1543 334,1543 348,1542 600,1542 615,1540 789,1540 804,1550 853,1550 871,1540 922,1540 936,1540 1073,1540 1087,1539 1256,1539 1277,1539 1486,1539 1486,1569 1277,1569 1256,1574 1087,1574 1073,1577 936,1577 922,1570 871,1570 853,1570 804,1570 789,1576 615,1576 600,1577 348,1577 334,1571 282,1571 282,1543"/>
<Baseline points="282,1571 334,1571 348,1577 600,1577 615,1576 789,1576 804,1570 853,1570 871,1570 922,1570 936,1577 1073,1577 1087,1574 1256,1574 1277,1569 1486,1569"/>
<TextEquiv><Unicode>der Rechtsgenossen heraushob, um ihn gewisser Vorrechte, insbesondere</Unicode></TextEquiv>
</TextLine>

<TextLine id="line_27">
<Coords points="282,1589 364,1589 391,1588 520,1588 547,1588 698,1588 724,1588 870,1588 892,1589 1010,1589 1038,1597 1075,1597 1100,1588 1206,1588 1248,1587 1304,1587 1326,1587 1392,1587 1413,1587 1484,1587 1484,1616 1413,1616 1392,1615 1326,1615 1304,1615 1248,1615 1206,1617 1100,1617 1075,1616 1038,1616 1010,1617 892,1617 870,1624 724,1624 698,1624 547,1624 520,1617 391,1617 364,1617 282,1617 282,1589"/>
<Baseline points="282,1617 364,1617 391,1617 520,1617 547,1624 698,1624 724,1624 870,1624 892,1617 1010,1617 1038,1616 1075,1616 1100,1617 1206,1617 1248,1615 1304,1615 1326,1615 1392,1615 1413,1616 1484,1616"/>
<TextEquiv><Unicode>eines höheren Friedens, teilhaftig werden zu lassen. Die dem Ver-</Unicode></TextEquiv>
</TextLine>

<TextLine id="line_28">
<Coords points="282,1634 391,1634 412,1642 449,1642 463,1633 584,1633 605,1635 741,1635 755,1634 825,1634 846,1635 884,1635 905,1634 1104,1634 1127,1634 1201,1634 1223,1633 1306,1633 1326,1640 1356,1640 1370,1632 1486,1632 1486,1661 1370,1661 1356,1660 1326,1660 1306,1661 1223,1661 1201,1662 1127,1662 1104,1670 905,1670 884,1663 846,1663 825,1663 755,1663 741,1669 605,1669 584,1662 463,1662 449,1662 412,1662 391,1663 282,1663 282,1634"/>
<Baseline points="282,1663 391,1663 412,1662 449,1662 463,1662 584,1662 605,1669 741,1669 755,1663 825,1663 846,1663 884,1663 905,1670 1104,1670 1127,1662 1201,1662 1223,1661 1306,1661 1326,1660 1356,1660 1370,1661 1486,1661"/>
<TextEquiv><Unicode>hältnis zu Grunde liegende Idee ist germanisch; doch weist es formell</Unicode></TextEquiv>
</TextLine>

</TextRegion>
<TextRegion id="block_1" custom="structure {type:pageNum;}">
<Coords points="270,180 270,209 309,209 309,180 270,180"/>
<TextLine id="line_29">
<Coords points="270,180 309,180 309,209 270,209 270,180"/>
<Baseline points="270,209 309,209"/>
<TextEquiv><Unicode>48</Unicode></TextEquiv>
</TextLine>

</TextRegion>
<TextRegion id="block_2" custom="structure {type:header;}">
<Coords points="726,177 726,209 1020,209 1020,177 726,177"/>
<TextLine id="line_30">
<Coords points="726,177 739,177 758,177 796,177 830,177 1020,177 1020,207 830,207 796,202 758,202 739,209 726,209 726,177"/>
<Baseline points="726,209 739,209 758,202 796,202 830,207 1020,207"/>
<TextEquiv><Unicode>§ 66. Königsschutz.</Unicode></TextEquiv>
</TextLine>

</TextRegion>
<TextRegion id="block_3" custom="structure {type:note;}">
<Coords points="393,1715 393,1748 393,1754 283,1754 283,1787 283,1793 283,1828 284,1833 284,1870 284,1876 393,1876 393,1902 394,1910 394,1947 394,1950 394,1986 394,1990 285,1990 285,2025 285,2030 285,2065 285,2069 285,2105 285,2108 285,2142 287,2147 287,2181 1199,2181 1199,2147 1489,2147 1489,2142 1489,2108 1488,2105 1488,2069 1488,2065 1488,2030 1487,2025 1487,1990 1489,1986 1489,1950 1358,1950 1358,1947 1358,1910 648,1910 648,1902 648,1876 943,1876 943,1870 943,1833 1487,1833 1487,1828 1487,1793 1486,1787 1486,1754 1486,1748 1486,1715 393,1715"/>
<TextLine id="line_31">
<Coords points="393,1720 502,1720 521,1718 565,1718 582,1718 605,1718 623,1717 645,1717 664,1717 688,1717 707,1717 754,1717 765,1717 802,1717 823,1718 859,1718 876,1717 936,1717 954,1717 988,1717 1006,1716 1060,1716 1095,1717 1131,1717 1149,1715 1269,1715 1287,1715 1319,1715 1333,1716 1408,1716 1431,1717 1486,1717 1486,1742 1431,1742 1408,1746 1333,1746 1319,1740 1287,1740 1269,1739 1149,1739 1131,1739 1095,1739 1060,1739 1006,1739 988,1740 954,1740 936,1746 876,1746 859,1740 823,1740 802,1744 765,1744 754,1740 707,1740 688,1740 664,1740 645,1746 623,1746 605,1741 582,1741 565,1742 521,1742 502,1748 393,1748 393,1720"/>
<Baseline points="393,1748 502,1748 521,1742 565,1742 582,1741 605,1741 623,1746 645,1746 664,1740 688,1740 707,1740 754,1740 765,1744 802,1744 823,1740 859,1740 876,1746 936,1746 954,1740 988,1740 1006,1739 1060,1739 1095,1739 1131,1739 1149,1739 1269,1739 1287,1740 1319,1740 1333,1746 1408,1746 1431,1742 1486,1742"/>
<TextEquiv><Unicode>Waitz, VG II 2, S. 213 ff.; III 327; IV 235. Zu beachten ist auch, daſs</Unicode></TextEquiv>
</TextLine>

<TextLine id="line_32">
<Coords points="283,1762 317,1762 335,1759 442,1759 460,1759 504,1759 522,1757 661,1757 678,1756 841,1756 861,1756 898,1756 916,1755 1053,1755 1071,1754 1216,1754 1232,1755 1300,1755 1339,1756 1486,1756 1486,1787 1339,1787 1300,1779 1232,1779 1216,1778 1071,1778 1053,1779 916,1779 898,1780 861,1780 841,1786 678,1786 661,1782 522,1782 504,1783 460,1783 442,1785 335,1785 317,1786 283,1786 283,1762"/>
<Baseline points="283,1786 317,1786 335,1785 442,1785 460,1783 504,1783 522,1782 661,1782 678,1786 841,1786 861,1780 898,1780 916,1779 1053,1779 1071,1778 1216,1778 1232,1779 1300,1779 1339,1787 1486,1787"/>
<TextEquiv><Unicode>im Heliand der Herrscher schlechtweg als mundboro bezeichnet wird. Heusler,</Unicode></TextEquiv>
</TextLine>

<TextLine id="line_33">
<Coords points="283,1801 363,1801 386,1801 396,1801 416,1799 468,1799 506,1798 644,1798 667,1803 718,1803 741,1795 821,1795 841,1795 960,1795 982,1794 1045,1794 1067,1793 1114,1793 1138,1793 1246,1793 1268,1803 1316,1803 1335,1796 1419,1796 1442,1804 1487,1804 1487,1821 1442,1821 1419,1821 1335,1821 1316,1820 1268,1820 1246,1818 1138,1818 1114,1817 1067,1817 1045,1817 982,1817 960,1818 841,1818 821,1819 741,1819 718,1820 667,1820 644,1828 506,1828 468,1823 416,1823 396,1824 386,1824 363,1825 283,1825 283,1801"/>
<Baseline points="283,1825 363,1825 386,1824 396,1824 416,1823 468,1823 506,1828 644,1828 667,1820 718,1820 741,1819 821,1819 841,1818 960,1818 982,1817 1045,1817 1067,1817 1114,1817 1138,1818 1246,1818 1268,1820 1316,1820 1335,1821 1419,1821 1442,1821 1487,1821"/>
<TextEquiv><Unicode>Instit. I 112. Uebrigens war dieser Gedanke auch den Römern von Hause aus</Unicode></TextEquiv>
</TextLine>

<TextLine id="line_34">
<Coords points="284,1839 398,1839 431,1839 486,1839 505,1836 649,1836 666,1835 724,1835 743,1835 766,1835 784,1834 822,1834 840,1833 887,1833 904,1833 943,1833 943,1857 904,1857 887,1857 840,1857 822,1858 784,1858 766,1858 743,1858 724,1860 666,1860 649,1863 505,1863 486,1870 431,1870 398,1870 284,1870 284,1839"/>
<Baseline points="284,1870 398,1870 431,1870 486,1870 505,1863 649,1863 666,1860 724,1860 743,1858 766,1858 784,1858 822,1858 840,1857 887,1857 904,1857 943,1857"/>
<TextEquiv><Unicode>geläufig. Vgl. Cassiodori Var. II 29. VII 39.</Unicode></TextEquiv>
</TextLine>

<TextLine id="line_35">
<Coords points="393,1878 466,1878 484,1878 548,1878 565,1878 576,1878 594,1876 648,1876 648,1901 594,1901 576,1902 565,1902 548,1902 484,1902 466,1902 393,1902 393,1878"/>
<Baseline points="393,1902 466,1902 484,1902 548,1902 565,1902 576,1902 594,1901 648,1901"/>
<TextEquiv><Unicode>Siehe oben I 273.</Unicode></TextEquiv>
</TextLine>

<TextLine id="line_36">
<Coords points="394,1916 451,1916 467,1918 507,1918 525,1917 573,1917 591,1915 787,1915 821,1913 875,1913 894,1910 1028,1910 1047,1910 1103,1910 1122,1912 1165,1912 1183,1915 1241,1915 1262,1914 1286,1914 1304,1914 1358,1914 1358,1938 1304,1938 1286,1938 1262,1938 1241,1945 1183,1945 1165,1936 1122,1936 1103,1935 1047,1935 1028,1939 894,1939 875,1944 821,1944 787,1947 591,1947 573,1941 525,1941 507,1941 467,1941 451,1941 394,1941 394,1916"/>
<Baseline points="394,1941 451,1941 467,1941 507,1941 525,1941 573,1941 591,1947 787,1947 821,1944 875,1944 894,1939 1028,1939 1047,1935 1103,1935 1122,1936 1165,1936 1183,1945 1241,1945 1262,1938 1286,1938 1304,1938 1358,1938"/>
<TextEquiv><Unicode>Wie bei den Angelsachsen. Vgl. Schmid, Ges. der Ags. S. 551.</Unicode></TextEquiv>
</TextLine>

<TextLine id="line_37">
<Coords points="394,1954 427,1954 444,1955 488,1955 500,1956 652,1956 671,1955 727,1955 746,1954 790,1954 801,1953 884,1953 901,1951 945,1951 957,1951 1022,1951 1034,1950 1151,1950 1164,1952 1207,1952 1220,1954 1363,1954 1374,1954 1489,1954 1489,1983 1374,1983 1363,1985 1220,1985 1207,1977 1164,1977 1151,1982 1034,1982 1022,1975 957,1975 945,1976 901,1976 884,1984 801,1984 790,1979 746,1979 727,1980 671,1980 652,1986 500,1986 488,1979 444,1979 427,1979 394,1979 394,1954"/>
<Baseline points="394,1979 427,1979 444,1979 488,1979 500,1986 652,1986 671,1980 727,1980 746,1979 790,1979 801,1984 884,1984 901,1976 945,1976 957,1975 1022,1975 1034,1982 1151,1982 1164,1977 1207,1977 1220,1985 1363,1985 1374,1983 1489,1983"/>
<TextEquiv><Unicode>So der Rechtssatz, daſs der König das volle Wergeld des sippelosen Mannes,</Unicode></TextEquiv>
</TextLine>

<TextLine id="line_38">
<Coords points="285,1993 341,1993 359,2000 386,2000 402,1993 442,1993 465,1995 660,1995 678,1995 758,1995 780,1994 823,1994 842,1991 981,1991 1004,1990 1101,1990 1125,1998 1195,1998 1217,2000 1243,2000 1266,2001 1298,2001 1316,1994 1487,1994 1487,2024 1316,2024 1298,2017 1266,2017 1243,2017 1217,2017 1195,2016 1125,2016 1101,2020 1004,2020 981,2024 842,2024 823,2019 780,2019 758,2025 678,2025 660,2025 465,2025 442,2017 402,2017 386,2018 359,2018 341,2019 285,2019 285,1993"/>
<Baseline points="285,2019 341,2019 359,2018 386,2018 402,2017 442,2017 465,2025 660,2025 678,2025 758,2025 780,2019 823,2019 842,2024 981,2024 1004,2020 1101,2020 1125,2016 1195,2016 1217,2017 1243,2017 1266,2017 1298,2017 1316,2024 1487,2024"/>
<TextEquiv><Unicode>daſs er die entsprechende Quote der Magsühne nimmt, wenn es an Vatermagen,</Unicode></TextEquiv>
</TextLine>

<TextLine id="line_39">
<Coords points="285,2035 360,2035 388,2040 420,2040 446,2033 627,2033 653,2034 696,2034 722,2034 869,2034 895,2030 1014,2030 1055,2030 1127,2030 1153,2030 1197,2030 1219,2033 1351,2033 1376,2032 1421,2032 1440,2032 1488,2032 1488,2056 1440,2056 1421,2057 1376,2057 1351,2063 1219,2063 1197,2055 1153,2055 1127,2053 1055,2053 1014,2064 895,2064 869,2059 722,2059 696,2058 653,2058 627,2065 446,2065 420,2057 388,2057 360,2059 285,2059 285,2035"/>
<Baseline points="285,2059 360,2059 388,2057 420,2057 446,2065 627,2065 653,2058 696,2058 722,2059 869,2059 895,2064 1014,2064 1055,2053 1127,2053 1153,2055 1197,2055 1219,2063 1351,2063 1376,2057 1421,2057 1440,2056 1488,2056"/>
<TextEquiv><Unicode>bezw. an Muttermagen des Getödteten gebricht. Auch der Anspruch auf den</Unicode></TextEquiv>
</TextLine>

<TextLine id="line_40">
<Coords points="285,2074 377,2074 395,2072 443,2072 454,2072 498,2072 510,2073 592,2073 604,2073 628,2073 642,2073 826,2073 837,2069 1131,2069 1143,2069 1306,2069 1323,2072 1363,2072 1375,2072 1488,2072 1488,2096 1375,2096 1363,2096 1323,2096 1306,2096 1143,2096 1131,2104 837,2104 826,2104 642,2104 628,2096 604,2096 592,2103 510,2103 498,2097 454,2097 443,2096 395,2096 377,2105 285,2105 285,2074"/>
<Baseline points="285,2105 377,2105 395,2096 443,2096 454,2097 498,2097 510,2103 592,2103 604,2096 628,2096 642,2104 826,2104 837,2104 1131,2104 1143,2096 1306,2096 1323,2096 1363,2096 1375,2096 1488,2096"/>
<TextEquiv><Unicode>reipus, den der König in Ermangelung empfangsberechtigter Verwandten bei Wieder-</Unicode></TextEquiv>
</TextLine>

<TextLine id="line_41">
<Coords points="285,2113 461,2113 477,2111 544,2111 553,2111 642,2111 660,2112 759,2112 776,2113 865,2113 883,2111 933,2111 952,2110 996,2110 1008,2109 1088,2109 1105,2108 1149,2108 1163,2109 1229,2109 1246,2111 1297,2111 1308,2111 1427,2111 1444,2111 1489,2111 1489,2135 1444,2135 1427,2142 1308,2142 1297,2135 1246,2135 1229,2134 1163,2134 1149,2132 1105,2132 1088,2132 1008,2132 996,2134 952,2134 933,2136 883,2136 865,2141 776,2141 759,2142 660,2142 642,2135 553,2135 544,2135 477,2135 461,2142 285,2142 285,2113"/>
<Baseline points="285,2142 461,2142 477,2135 544,2135 553,2135 642,2135 660,2142 759,2142 776,2141 865,2141 883,2136 933,2136 952,2134 996,2134 1008,2132 1088,2132 1105,2132 1149,2132 1163,2134 1229,2134 1246,2135 1297,2135 1308,2142 1427,2142 1444,2135 1489,2135"/>
<TextEquiv><Unicode>verheiratung einer Witwe geltend macht, und das Recht auf Erbe und Wergeld der</Unicode></TextEquiv>
</TextLine>

<TextLine id="line_42">
<Coords points="287,2151 414,2151 429,2151 507,2151 525,2150 588,2150 606,2150 617,2150 635,2149 682,2149 696,2150 722,2150 738,2151 837,2151 856,2151 928,2151 945,2148 1078,2148 1093,2147 1199,2147 1199,2171 1093,2171 1078,2180 945,2180 928,2175 856,2175 837,2174 738,2174 722,2179 696,2179 682,2173 635,2173 617,2173 606,2173 588,2174 525,2174 507,2181 429,2181 414,2179 287,2179 287,2151"/>
<Baseline points="287,2179 414,2179 429,2181 507,2181 525,2174 588,2174 606,2173 617,2173 635,2173 682,2173 696,2179 722,2179 738,2174 837,2174 856,2175 928,2175 945,2180 1078,2180 1093,2171 1199,2171"/>
<TextEquiv><Unicode>cartularii (siehe oben I 243 f.) können dafür angeführt werden.</Unicode></TextEquiv>
</TextLine>

</TextRegion>
</Page>
</PcGts>