1600 2404
134 246 1342 292 domus ducis domus publica est. Höheren Frieden genieſsen in Chur-
135 296 1341 339 rätien die Stadt, die Burg und das Haus, wo der Bischof sich gerade auf-
135 341 1340 387 hält. Wer daselbst einen Todschlag verübt, hat neben dem Wergeld
134 390 1340 434 eine Brüche von 60 Solidi zu zahlen. Wer in Gegenwart des Bischofs
134 437 1340 479 das Schwert zückt, verliert die Hand; wer es thut in der Stadt oder
135 485 1339 528 in dem Hause, wo der Bischof sich aufhält, aber nicht in dessen
133 532 669 575 Gegenwart, wird ausgestäupt.
215 584 1338 626 Das alemannische Recht dehnt den Frieden der herzoglichen Pfalz
134 631 1338 674 und die dreifache compositio auf den Herzogsweg aus, ut unusquisque
133 676 1338 716 homo pacem habeat ad dominum suum veniendo et de illum rever-
133 726 1338 767 tendo. Daſs auch der Weg zum fränkischen König und von ihm
133 774 1337 815 zurück durch dreifache Buſse geschützt war, bezeugt uns eine Vor-
132 820 1338 861 schrift des sächsischen Volksrechtes, welche selbstverständlich nur
133 867 1336 905 unter fränkischem Einfluſs entstanden sein kann. Der Sonderfriede
131 913 1337 979 des Königsweges läſst auf einen analogen Sonderfrieden des fränkischen
132 959 618 996 Königshofes zurückschlieſsen.
213 1007 1335 1050 Deutlich wird der fränkische Pfalzfriede in einem Kapitular Karl-
132 1055 1334 1095 manns von 884 vorausgesetzt, nach welchem alle, die in der Pfalz
129 1104 1336 1146 des Königs wohnen oder von auswärts dahin gelangen, in Frieden
129 1150 1334 1194 leben sollen. Bricht jemand den Frieden durch Raub, so hat er seine
132 1200 1334 1242 Missethat dreifach zu büſsen und den Königsbann zu bezahlen.
130 1246 1334 1287 Wohl eine Nachbildung des fränkischen Pfalzfriedens war der örtliche
132 1295 1334 1340 Kirchenfriede, welcher sich nach einem Kapitular Ludwigs I. darin
129 1344 1333 1387 äuſserte, daſs der in der Kirche begangene Todschlag mit dem Leben,
130 1392 1334 1434 unter Umständen mit 600 Solidi und dem Königsbanne, die in der
129 1438 1333 1480 Kirche an Klerikern verübte Verwundung mit dreifacher compositio
127 1487 1332 1524 und der Bannbuſse gesühnt werden muſste. Wahrscheinlich hatte
127 1533 1333 1572 nach älterem fränkischen Rechte auf Todschlag im Hause oder in der
129 1580 1332 1623 Nähe des Königs Friedlosigkeit, also Verwirkung des Lebens, gestan-
125 1628 1333 1665 den, während leichtere Missethaten mit mehrfacher Buſse und mit
124 1675 712 1713 dem Königsbanne gebüſst wurden.
1303 178 1342 207 47
599 174 885 206 § 65. Königsfriede.
248 1756 1332 1797 Cap. Remedii c. 3. Über die staatsrechtliche Stellung des Bischofs von
125 1799 464 1825 Chur siehe oben I 364.
248 1837 1299 1875 Lex Alam. 28. Ähnlich das langobardische Recht gemäſs Roth. 17, 18.
249 1878 1078 1913 Lex Sax. c. 37. Vgl. Cap. Harist. v. J. 779 c. 17, I 51.
248 1919 1332 1952 Karlomanni Cap. apud Vernis palatium v. J. 884, c. 2 Pertz, LL I 551: ut
126 1958 1330 1994 omnes in palatio nostro commanentes et illud undique adeuntes pacifice vivant.
126 1994 1330 2032 Quod si aliquis corrupta pace rapinam exercuerit … ad palatinam adducatur au-
123 2019 1330 2074 dientiam, ut, secundum quod in capitulis antecessorum continetur, legali multetur
125 2070 1329 2109 iudicio, tripla compositione peracta cum banno dominico. Die Stelle bezieht sich
121 2111 519 2141 auf Benedictus VI 97. 383.
246 2154 768 2186 Cap. legg. add. 818/9 c. 1. 2, I 281.
