1600 2404
620 162 1052 196 § 63. Der unmündige König.
238 240 1441 280 der Herrschaft, den Speer, tradierte . Ebenso ergiebt ein Diplom
235 287 1441 328 Sigiberts II., welches mit Bezug auf das Erfordernis der legitima aetas
235 335 1441 372 nur die seit dem vierzehnten Regierungsjahre vollzogenen Veräuſse-
236 382 1441 424 rungen von Fiskalgut für rechtsbeständig gelten läſst, daſs er erst
238 428 1442 469 nach Vollendung des fünfzehnten Lebensjahres zur Mündigkeit und zur
236 475 1441 517 Selbstregierung gelangte . Bei der Bedeutung, welche gerade die
238 523 1439 564 Heergewalt für das Königtum hatte, kann es nicht Wunder nehmen,
237 570 1440 610 daſs die staatsrechtliche Mündigkeit nicht schlechtweg mit der privat-
236 617 1442 655 rechtlichen zusammenfiel. Freilich war die Wehrhaftmachung nicht
237 663 1440 705 an die Vollendung des fünfzehnten Lebensjahres gebunden. Allein
239 710 1442 749 für die Wahl dieses Termins muſste es ins Gewicht fallen, daſs so-
241 757 1441 799 wohl nach ribuarischem als nach burgundischem Rechte die privat-
239 804 1441 844 rechtliche Mündigkeit mit dem vollendeten fünfzehnten Jahre eintrat .
239 853 1442 892 Die Wehrhaftmachung war mit einer Thronbesteigung, als dem feier-
237 903 1044 941 lichen Antritt der Selbstregierung, verbunden .
231 167 271 195 32
352 999 1084 1031 Siehe oben S. 16. Vgl. Waitz, VG II 1, S. 173.
349 1037 1442 1071 Pertz, Dipl. M. 23. König Sigibert gewährt dem Kloster Stablo Zoll- und
239 1076 1444 1112 Hafengerechtsame. Si ante superiores annos, quando adhuc sub tenera videbamur
243 1115 1445 1148 aetate consistere, aliquis ex hoc cessionem instrumenti accepit, nullus mancipetur
240 1153 1442 1188 effectus, sed vacua et inanis permaneat, dum et aliter cum pluribus fidelibus nostris
240 1193 1444 1227 noscitur esse conventum, ut dummodo auxiliante Domino in regni solium ad legiti-
240 1232 1444 1268 mam provenimus aetatem, cessiones illius, quae de originario fisco aliquid sere-
238 1271 1444 1306 nitas nostra concesserit, deinceps inantea, hoc est de anno quarto decimo regni
243 1311 1443 1346 nostri, debeant in Dei nomine esse stabiles. Nach Fredegar IV c. 59 nahm Dago-
241 1350 1444 1383 bert I. im achten Jahre seiner Regierung eine Beischläferin an, de qua eo anno
238 1390 1444 1425 habuit filium nomen Sigybertum. Laut Fredegar IV c. 75 wurde Sigibert im elften
241 1430 1444 1468 Regierungsjahre Dagoberts König von Austrasien. Er wird also zu Beginn seines
240 1470 1444 1505 vierzehnten Regierungsjahres in seinem sechzehnten Lebensjahre gestanden haben,
241 1510 1445 1542 nachdem er es wahrscheinlich kurz vorher erreicht hatte. Daſs man als Anfangs-
240 1551 1445 1584 termin den Beginn des vierzehnten Regierungsjahres und nicht den sechzehnten
241 1589 1445 1623 Geburtstag oder den Tag der Wehrhaftmachung wählte, erklärt sich daraus, daſs
241 1628 1445 1662 die Vergabungsurkunden, deren Rechtsbeständigkeit in Frage stand, nach Regierungs-
237 1660 1448 1704 jahren, nicht nach Geburtsjahren datiert waren. In das dreizehnte Regierungsjahr
241 1702 1446 1742 fiel jedenfalls noch eine Zeit der Unmündigkeit des Königs. Die Vergabungen aus
242 1743 1448 1779 dem vierzehnten Regierungsjahre werden für gültig erklärt. Damit ist noch nicht
242 1782 1447 1821 gesagt, daſs etwa diejenigen ungültig seien, die etwa im dreizehnten Regierungs-
239 1821 1448 1859 jahr, aber nach erreichter Mündigkeit, erfolgt waren. Die positive Fassung ist mit
243 1860 1447 1898 Absicht gewählt. Die Rechtsbeständigkeit der Vergabungen wird deutlich genug
245 1898 1449 1942 durch die legitima aetas begründet. W. Sickels Skepsis a. O. S. 969 ist
244 1938 1448 1975 überflüssig. Über die Unveräuſserlichkeit von Erbgütern des Mündels siehe Cap.
243 1978 1181 2016 legi Sal. add. c. 5, I 293; Cap. Worm. pro lege ten. c. 4, II 19.
352 2022 771 2055 Lex Rib. 81. Lex Burg. 87.
354 2058 1449 2094 Dipl. M. 23: in regni solium ad legitimam provenimus aetatem. Dipl. M. 57:
246 2097 1449 2132 dum et nobis divina pietas ad legitema aetate fecit pervenire et in solium rigni
243 2139 677 2174 parentum nostrorum succidire.
