1600 2367
282 196 1488 241 gewendet, um die an der Volkssprache festhaltenden Deutschen von
282 242 1244 283 ihren verwälschten Stammesgenossen zu unterscheiden .
364 296 1487 345 Trotz der politischen Zersplitterung bestand wenigstens bei den
284 342 1487 390 Westgermanen ein Bewuſstsein der Zusammengehörigkeit. Es äuſsert
282 389 1486 441 sich in einer Sage über die Abstammung und Gliederung des Volkes,
282 437 1486 483 laut welcher die Germanen nach den drei Söhnen des ersten Menschen
283 484 1487 531 Mannus in die Hauptstämme der Ingväonen, Istväonen und Herminonen
282 531 1486 578 zerfallen . Wie die vielen Völkerschaftsnamen, die uns bei den Alten
283 578 1486 625 genannt werden, sich unter diese drei Gruppen verteilen, muſs als
283 623 1487 676 zweifelhaft dahingestellt bleiben. Die Ostgermanen sind in jener
284 669 1484 724 Stammsage schwerlich inbegriffen. Für ziemlich sicher darf gelten,
284 715 1485 768 daſs die Ingväonen den Kern jener Völkerschaften in sich fassen, die
284 765 1486 812 uns später als Sachsen und Friesen entgegentreten, während die Ist-
284 813 1486 860 väonen am Rhein aus Völkerschaften bestanden, die nachmals in den
283 857 1485 908 Stamm der Franken aufgingen, und den Herminonen u. a. die
283 906 1007 949 Schwaben, Baiern und Thüringer zufallen.
363 963 1485 1011 Bei den römischen Schriftstellern, welche den Namen der Sueben
282 1009 1484 1059 in vielfach schwankender Anwendung gebrauchen, begegnet uns eine
284 1054 1484 1105 Scheidung der Germanen in suebische und nichtsuebische Völker-
284 1100 1485 1156 schaften, von welchen jene als die älteren, diese als die jüngeren
702 120 1067 151 § 6. Das deutsche Volk.
282 119 321 147 30
393 1210 1484 1257 Die älteste Fundstelle ist der Bericht der Annales Laurissenses zum Jahre
285 1250 1484 1301 788, MG SS I 172, 29 über die Verurteilung Tassilos wegen des Verbrechens, quod
284 1290 1482 1338 theodisca lingua harisliz dicitur. Der betreffende Teil der Annalen ist jedenfalls
283 1328 1484 1377 noch bald nach 788 entstanden (Wattenbach, Geschichtsquellen 5 I 184) und der
284 1367 1483 1419 Bericht vermutlich auf Grundlage eines amtlichen, über die Verurteilung Tassilos
284 1406 1483 1460 aufgenommenen Aktenstückes abgefaſst worden. Vgl. Barchewitz, Königsgericht
282 1446 1483 1493 zur Zeit der Merowinger u. Karolinger, 1882, S 44 ff. — Genau in derselben Wen-
283 1485 1481 1535 dung begegnet uns das Wort in Karls d. Gr. Capit. ital. von 801 Nr 98 c. 3, I 205:
282 1526 1481 1577 quod nos teudisca lingua dicimus herisliz. — Als älteste Stelle zitieren Grimm,
282 1566 1481 1617 Grammatik I 3, 1840, S 13 und Waitz, VG V 8 Anm 2 Conc. Turon. v. J. 813 c. 17,
281 1605 1482 1647 Mansi 14, 85: transferre studeat in rusticam Romanam linguam aut Theotiscam. —
281 1645 1480 1689 Zur Bezeichnung der Volksangehörigkeit Muratori, Ant. II 971, Urk. von 843:
281 1683 1482 1731 vassi domnici tam Teutisci quam et Langobardi. — Diutisc, alts. thiudisc, bedeutet
283 1723 1482 1768 ursprünglich gentilis, popularis. Grimm, Grammatik I 3 12 und WB II 1043.
283 1759 440 1785 1048. 1144.
390 1799 1482 1846 Tacitus, Germ. c. 2. Als andere Gruppennamen werden daselbst die der
280 1838 1480 1886 Marser, Gambrivier, Sueben und Vandalen genannt. Plinius, Nat. hist. IV 28
280 1877 1481 1924 nennt fünf genera Germanorum, nämlich die drei Stämme der Taciteischen Stamm-
280 1918 1480 1964 sage, die Vandili und als quinta pars die Peucini und Bastarnae. Die Herminones
279 1957 1480 2002 kennt bereits Pomponius Mela neben Kimbern und Teutonen als ultimi Germaniae.
279 1996 1481 2041 Die tres fratres Erminus (Irmin), Inguo und Istio legt auch eine um 520 in Gallien
279 2036 1481 2081 aufgezeichnete Völkerstammtafel zu Grunde. Das H in Herminonen ist nach
278 2077 1031 2111 Müllenhoff, Z f. DA IX 245 ff. nicht wurzelhaft.
