1600 2367
561 161 1049 192 § 17. Königtum und Fürstentum.
203 240 1406 279 germanischen rex im römischen Sinne ist die ungeteilte Herrschaft,
204 286 1407 324 die Einherrschaft über die gesamte civitas. Den Völkerschaften mit
202 333 1406 375 Prinzipatsverfassung fehlt im Frieden ein gemeinsames Oberhaupt, die
203 380 1406 422 Führung der civitas steht einer Mehrzahl von principes zu. Diese
202 427 1406 469 grundsätzliche Unterscheidung scheinen aber die Germanen nicht ge-
201 474 1405 512 kannt, vielmehr die Stellung der Herrschenden als eine im wesent-
201 522 1406 561 lichen gleichartige aufgefaſst zu haben, mochten sie nun im römischen
202 569 922 607 Sinne reges oder principes gewesen sein .
283 616 1405 655 Auf die älteste gemeingermanische Bezeichnung des Volks-
201 662 1405 701 herrschers weist uns nach aller Wahrscheinlichkeit das gotische Wort
201 709 1405 749 thiudans hin , welches in Ulfilas’ Bibelübersetzung für βασιλεύς ge-
201 756 1405 795 braucht wird . Herrscher, Herr ist auch der altsächsische thiodan, der
201 804 1403 843 nordische thjóđann, der angelsächsische theóden. Bei den Baiern  und
201 852 1404 893 Franken ist uns deotan, theudan  wenigstens als Eigenname über-
200 901 1405 942 liefert. In dem ältesten Volksrechte der salischen Franken begegnet
200 950 1407 988 uns zu den Worten ante regem die Glosse ante theoda, welche auf
202 998 1405 1032 einen Nominativ theod, dominus zurückzuführen scheint . Das Wort
201 1044 1403 1081 König, ahd. chuning, angs. cyning, altn. konungr , im Gotischen nicht
201 1090 1403 1127 vertreten, bezeichnete nicht bloſs den Herrscher, sondern auch das
201 1137 1403 1176 Mitglied des herrschenden Geschlechtes, z. B. den nichtregierenden
201 1183 1403 1222 Königssohn . Litauer und Slawen, die das Wort entlehnten, be-
205 161 262 190 120
306 1270 1402 1298 Seit Ammianus Marcellinus macht sich auch bei den römischen Schrift-
199 1310 1403 1345 stellern die germanische Auffassung geltend. Ammian kennt bei den Burgundern
197 1350 1402 1383 neben dem Oberpriester des Staates mehrere reges und unterscheidet bei den
199 1389 1402 1426 Quaden und Alamannen reges, regales, reguli, subreguli. Regales sind die könig-
198 1428 1402 1462 lichen Prinzen, reguli die Unterkönige. Ein spätestens dem 6. Jahrhundert an-
198 1467 1402 1505 gehörender Grammatiker, der sog. Grammaticus de differentiis, sagt: inter regem
198 1507 1401 1542 et regalem hoc interest, quod regius puer est regalis, „rex“ qui regit regnum. Z2 f.
197 1546 1402 1578 RG V 228. Fahlbeck, La royauté et le droit royal francs, der in einem Exkurs
197 1585 1401 1620 S 293 ff. den Sprachgebrauch Ammians in ziemlich gewaltsamer Weise behandelt,
197 1624 1402 1660 hält die regales für die Taciteischen principes. Schröder, RG I 21 sieht in
196 1666 720 1699 ihnen erblich gewordene Gaufürsten.
305 1702 1402 1739 Eine Bemerkung des verewigten Müllenhoff. S. Vilmar, Deutsche alter-
196 1746 636 1777 tümer im Hêliand, 1845, S 50.
304 1778 1260 1817 Über den Gebrauch von þiudans bei Ulfilas Dahn, Könige VI 7.
305 1822 1401 1856 Meichelbeck, Hist. Fris. I Nr 70 von 780, Nr 93 von 780—784,
195 1860 513 1888 Nr 568 von 811—834.
305 1901 1294 1933 Förstemann, Altd. Namenbuch I: Personennamen, 1856, S. 1163.
305 1939 1400 1974 Lex Sal. 46; Kern bei Hessels, Lex Sal. col. 534 § 227. Vergl. Graff,
197 1980 811 2012 Sprachschatz V 125. 128 unter Werodiota.
307 2018 1402 2052 Grimm, RA S 229, WB V 1691. Hildebrand vermutet a. O. ein
196 2057 1401 2093 altgermanisches kuni, das selbst schon König hieſs, so daſs kuni als Masculinum
197 2098 1144 2131 den Geschlechtsherrn, als Neutrum das Geschlecht bedeutet habe.
303 2139 664 2171 Wie regalis bei Ammian.
