1600 2367
193 231 1394 270 erwähnt werden, gaben sie dem Kaiser Caracalla den Anlaſs, sie am
194 278 1393 318 Main zu bekämpfen. Nachdem sie den Grenzwall durchbrochen und
195 325 1396 369 den Römern das rechte Rheinufer entrissen hatten, fielen sie mehr-
195 373 1398 410 mals verheerend in Gallien und Italien ein. Von Aurelian zurück-
194 420 1394 465 geworfen, von Probus angegriffen und besiegt, vermögen sie sich den-
195 470 1395 514 noch jenseits des limes zu behaupten. Auf das nachdrücklichste be-
195 518 1398 559 schäftigen sie Julian, der ihnen 357 bei Straſsburg eine empfindliche
194 563 1397 608 Niederlage beibringt. Obwohl noch mehrmals überwunden haben die
195 613 1398 653 Alamannen schlieſslich das römische Obergermanien auf die Dauer
197 662 1398 704 erworben. Als die Burgunder vom Mittelrhein nach Gallien abgezogen
197 710 1399 744 waren, dehnten sich die Alamannen rheinabwärts aus, bis sie mit
198 754 1399 796 Chlodwig zusammentrafen, der sie 496 besiegte und unterwarf. In
198 803 1399 847 den Kämpfen gegen Julian standen die Alamannen unter einer Mehr-
197 850 1402 895 zahl von Königen, Chlodwig hat nur noch mit einem Alamannenkönig
198 900 336 931 zu thun.
277 957 1401 991 Etliche Jahrzehnte nach den Alamannen tauchen aus dem rhei-
199 1003 1400 1044 nischen Völkergewirre die Franken empor. So viel wie die Freien
197 1050 1402 1090 bedeutend, scheint der Name einen Gegensatz ausdrücken zu wollen
198 1097 1404 1138 zu dem Verhältnis von Unterthänigkeit, in welchem ein Teil der
199 1142 1401 1183 rheinischen Germanen zu den Römern stand oder gestanden hatte.
201 1189 1403 1237 So sehr die Vermutungen über den Ursprung der Franken auseinander-
200 1238 1403 1278 gehen, so herrscht doch kaum ein Zweifel, daſs sie sich überwiegend
200 1288 1404 1328 aus Völkerschaften zusammensetzten, welche von altersher am Nieder-
200 1333 1404 1373 rhein als Unterthanen oder in der Nachbarschaft der niedergerma-
201 1380 1404 1427 nischen Provinz als oft bekämpfte und oft genannte Gegner des römi-
202 1426 1405 1473 schen Reiches seſshaft waren. Eine glaubwürdige Nachricht über einen
202 1474 1405 1517 römischen Feldzug vom Jahre 392 läſst die Brukterer, die Chamaven,
204 1519 1405 1566 die Amsivarier und die Chatten als Träger des Frankennamens und
203 1567 1405 1608 als Verbündete erscheinen. Zu den Franken wurden nach sicherem
204 1613 1407 1661 Zeugnis ferner die Chattuarier gerechnet. Aber als das wichtigste
205 1658 1406 1707 Glied der Frankengruppe treten seit der zweiten Hälfte des vierten
190 153 229 182 42
475 152 1106 183 § 8. Das Auftreten der deutschen Stämme.
208 1761 1405 1811 Sitzen überflüssigen Raum für die Quaden gehabt haben sollten. Eher, daſs die
209 1799 1407 1850 Semnonen damals (um 178) schon im Abzuge begriffen waren und Wandergenossen
208 1839 466 1868 brauchen konnten.
317 1879 1407 1928 Gregor. Tur. Hist. Franc. II 9 S 74 aus dem vierten Buche des Sulpicius
209 1917 1407 1970 Alexander: Eodem anno Arbogastis Sunnonem et Marcomere subregulos Francorum
209 1964 1406 2020 gentilibus odiis insectans Agrepinam … petiit … omnes Franciae recessus pene-
221 2003 1408 2049 trandus urendusque … transgressus Rhenum Bricteros ripae proximos, pagum etiam
434 2039 1408 2090 quem Chamavi incolunt depopulatus est, nullo umquam occursante, nisi quod pauci
225 2078 1408 2128 ex Ampsivariis et Catthis Marcomere duce in ulterioribus collium iugis apparuere.
320 2114 1282 2164 Ammianus Marcellinus 20, 10: Francorum, quos Attuarios vocant.
