1600 2367
223 231 1424 273 aufzulegen, welche durch den Begriff der deutschen Rechtsgeschichte
223 277 1423 315 an sich nicht geboten waren. Er konzentrierte sich auf den Kreis
223 324 1422 364 der deutschen Rechtsquellen, indem er auf die Tochter- und Schwester-
223 371 1423 409 rechte geringe oder keine Rücksicht nahm. Er verlor sich nicht in
224 419 1426 463 erschöpfende Detailuntersuchungen und verzichtete auf lebendige Schil-
224 466 1423 509 derungen der vergangenen Rechtszustände, wie er denn von den
223 513 1423 556 heimischen Quellen diejenigen minder beachtete, in welchen der abs-
223 562 1423 599 trakte Rechtsgedanke hinter den anschaulichen Formen des Rechtslebens
224 610 1423 645 zurücktritt. Die Zeit bedurfte nicht eines abschlieſsenden oder aus-
222 656 1424 696 malenden, sondern eines bahnbrechenden Werkes, und ein solches ist
224 702 1424 746 seine Staats- und Rechtsgeschichte nicht nur in vollem Maſse gewor-
224 749 1424 792 den, sondern sie ist trotz zahlreicher Berichtigungen das leitende Buch
224 797 1006 841 der Disziplin geblieben, die es geschaffen hat.
302 853 1425 897 Eine bedeutsame Erweiterung ihres Gesichtskreises wurde der
224 904 1424 944 germanistischen Forschung durch Jakob Grimm  zuteil, dessen
223 949 1424 992 Rechtsaltertümer in gewissem Sinne ein ergänzendes Gegenstück zu
224 997 1424 1034 Eichhorns Rechtsgeschichte bilden . Jakob Grimm faſst nur das
225 1044 1424 1087 altertümliche Recht ins Auge. Er will „Materialien für das sinnliche
224 1089 1424 1129 Element der deutschen Rechtsgeschichte sammeln“. Seine Rechts-
226 1136 1424 1180 altertümer stellen sich in dieser Beziehung als eine unerschöpfliche
225 1182 1425 1228 Fundgrube dar, sie sind aber mehr wie dies, denn sie bringen die
225 1230 1425 1269 formelle Ausgestaltung des alten deutschen Rechtes mit feinstem Ver-
225 1277 1424 1319 ständnis zu lebensvoller Anschauung, sie beleuchten das Recht durch
226 1324 1425 1370 die Sprache und Kultur des Volkes und liefern durch die Heranziehung
226 1371 1425 1419 der nordischen Quellen und auſsergermanischer Rechte den groſsartigen
225 1419 1426 1458 Unterbau einer vergleichenden Altertumskunde des Rechtes . Der
221 155 262 184 20
650 153 994 187 § 5. Die Bearbeitungen
345 1527 1425 1568 Eine Darstellung seines Lebens und Wirkens giebt Wilhelm Scherer,
224 1566 644 1600 Jacob Grimm, 2. Ausg. 1885.
348 1606 1428 1647 Die erste Ausgabe erschien 1828; die zweite (1854) und die dritte (1881)
226 1646 1427 1684 sind nur ein unveränderter Abdruck der ersten. Ein Register zu den RA wurde
226 1686 1427 1727 von Al. Pogatscher aus dem Nachlaſs Th. v. Karajans 1877 in dem Programm
227 1725 1427 1759 der Salzburger Realschule herausgegeben. Jakob Grimm hat zu seinem Hand-
227 1765 1427 1804 exemplar der RA, welches zu benutzen mir verstattet war, teils auf dem Rande,
226 1804 1428 1842 teils auf losen eingelegten Blättern zahlreiche Nachträge vermerkt, weitere Quellen-
227 1843 1429 1881 belege, Litteraturnachweise, Ergänzungen, hie und da auch Einfälle, die er mit
227 1882 1428 1921 Fragezeichen versah. Wenn im folgenden ein „Nachtrag zu den RA“ zitiert wird,
228 1922 1113 1956 sind diese eigenhändigen Aufzeichnungen J. Grimms gemeint.
348 1962 1428 2000 Von den Männern, die Grimm in der Vorrede als seine Vorgänger nennt,
228 2002 1429 2035 Heineccius, Dreyer, Grupen, Haltaus, Kindlinger und Bodmann, sind die vier ersten
228 2042 1429 2073 schon oben S 17 u. 10 erwähnt. Kindlinger kommt nur als Quellensammler in Betracht.
228 2082 1430 2113 Bodmanns Arbeiten sind inzwischen z. T. als unzuverlässige, ja gewissenlose Mach-
228 2117 1429 2157 werke erkannt worden. — Teils Auszug, teils Übersetzung, teils Ergänzung aus
