1600 2367
163 247 1371 286 lobungsritus sind es die Magen der Braut in ihrer Gesamtheit, welche
165 294 1370 333 die vom Bräutigam angebotene Wette und die Bürgschaft annehmen,
164 342 1372 373 während sie ihrerseits die Braut zu rechtem Weibe wetten. Die
164 389 1373 427 Magschaft giebt ihre Erklärungen durch Vorsprecher ab; einer der
164 434 1372 475 Magen leitet die Verhandlungen des ganzen Aktes. In Schweden
164 482 1372 522 muſs nach ostgotischem Rechte der Bräutigam nicht bloſs dem Ver-
164 530 1373 568 lober der Braut, sondern auch den anderen Blutsfreunden derselben
166 577 1372 618 Geschenke (vingæf) geben. Wenn wir aus diesen Zeugnissen
166 624 1374 664 zurückschlieſsen, so stellt es sich als höchst wahrscheinlich dar, daſs
167 672 1374 712 die Eheschlieſsung durch Frauenkauf ursprünglich ein zwischen der
168 721 1374 760 Sippe des Bräutigams und der Sippe der Braut abgeschlossenes
167 767 1374 806 Rechtsgeschäft war. Auf den Willen der ersteren kam es an, weil
167 814 1375 851 die Braut durch die Ehe in deren Rechtssphäre eintrat, auf den
168 861 1374 897 der letzteren, weil sie im allgemeinen aus deren Rechtssphäre
168 910 330 940 ausschied.
248 952 1374 990 Wo die Ehre der Gesamtheit in Frage stand, hatte die Sippe
169 1001 1375 1042 eine Strafgewalt gegen ihre Mitglieder. Wenn eine Frauensperson
168 1050 1375 1091 sich verging, galt es für eine Pflicht des Geschlechtes, sie zu töten
170 1098 1375 1132 oder sonstwie die ihm widerfahrene Schande zu rächen. Selbst über
171 1146 1376 1183 die Ehre der Frau, die durch die Ehe in die Gewalt des Mannes
171 1193 1376 1233 gekommen ist, wachen ihre eigenen Blutsfreunde. Wird sie vom
171 1241 1375 1276 Mann des Ehebruches oder eines schweren Verbrechens bezichtigt, so
1330 168 1367 197 91
640 168 892 201 § 13. Die Sippe.
174 1349 1375 1385 et puellae parentibus. In den Formeln wird die Gegenwart oder der Konsens der
173 1389 1376 1423 beiderseitigen Verwandten nicht selten hervorgehoben. Roz. 228 (Lind. 7): apud
171 1430 1376 1462 pares vel parentibus nostris utrisque partibus conplacuit … 234 (Sang. 18): cum
173 1469 1377 1501 consensu utraque ex parte parentum nostrorum accepi neptem tuam in coniugium
172 1508 1377 1540 … 235 (Aug. B. 24): conventu parentorum nostrorum ex utraque parte. 236 (Aug.
172 1546 1377 1579 B. 25): consensu amicorum nostrorum. 219 (Tur. App. 2): per consensu vel vo-
172 1586 1377 1621 luntate parentum vel amicorum nostrorum. 220 (Tur. 14): cum consensu parentum
173 1623 1377 1658 vel amicorum nostrorum. 225 (Extr. I 11): ex consensu et voluntate virorum no-
173 1662 1377 1699 bilium parentum quondam nostrorum. Es ist daher ein Zufall, wenn Roz. 221
173 1701 1379 1737 (Bit. 15 a) und 222 (And. 1 c) nur der Konsens der Verwandten der Frau, 231 nur
174 1740 1381 1776 der der Verwandten des Mannes hervorgehoben wird. In Roz. 239 (Sang. 16)
173 1780 1379 1812 verheiratet der Vater seine Tochter cum consensu proximorum amicorumque suorum.
174 1818 1380 1852 Noch nach dem Stadtrechte von Zwolle (Dozy 1867) S 180 ist heimliche Trauung
176 1859 911 1895 diejenige, daer oerre beyder maghe niet by en sin.
296 1898 1380 1933 Schmid, Gesetze der Angels. Anh. 6: be wîfmannes beweddunge. Vgl.
175 1939 701 1973 Habicht, Die altd. Verlobung S 8.
295 1977 1028 2012 v. Amira, Schwedisches Obligationenrecht S 524.
297 2013 1381 2053 Rothari 189: potestatem habeant parentes in eam dare vindictam. Lex
175 2055 1381 2092 Wisig. III 4, 5. Bei Gregor von Tours, Hist. Fr. VI 36 verbrennen die Verwandten
177 2095 1382 2127 eine Frau ad ulciscendam humilitatem generis sui. Eine Strafpflicht statuieren
179 2135 693 2168 Rothari a. O. und Lex Burg. 35, 3.
