1600 2367
197 244 1410 285 lich die auf einem Denkmal aus der Zeit des Alexander Severus
201 292 1409 339 (222—235) genannten Tuihanten, die dem nachmaligen Gau Twente
201 339 1410 385 den Namen gegeben haben. Noch vor dem Ende des dritten Jahr-
200 386 1411 428 hunderts müssen die reichsangehörigen Friesen sich der römischen
201 433 1411 479 Herrschaft entledigt haben, wie aus den Unternehmungen der Franken
203 479 1409 523 am Niederrhein und an den Seeküsten geschlossen werden darf.
202 527 1412 573 Unter den Germanen, welche Constantius (Chlorus) nach dem Siege
203 577 1411 617 über die Franken der batavischen Insel auf römischem Boden an-
203 624 1414 670 siedelte, werden auch die Friesen genannt. Seit dem Auftreten der
203 672 1413 715 Franken und Sachsen sind abgesehen von dieser Notiz die Friesen
205 720 1414 761 aus dem Gesichtskreis der römischen Historiographie verschwunden
205 768 1415 808 und schlieſst der Name der Sachsen bei ihr mitunter auch den der
206 816 1415 854 Friesen in sich. Während sie vor der Bildung der neuen Stämme
206 863 1415 900 westlich an die Kannenefaten stieſsen und im Osten durch die Ems von
207 908 1416 951 den Chauken geschieden wurden, haben die Friesen nachmals ihre
207 954 1415 1001 Sitze längs der Meeresküste nach beiden Seiten ausgedehnt. In frän-
206 1003 1415 1046 kischer Zeit reicht Friesland, in West-, Mittel- und Ostfriesland zer-
207 1051 1416 1097 fallend, vom Sinkfal bei Brügge bis an die Weser. Später erscheinen
209 1100 1418 1141 an den Küsten und auf den Inseln des östlichen Schleswig die Nord-
209 1149 1419 1194 friesen, deren älteste Geschichte völlig unsicher ist. Die Friesen
210 1196 1419 1237 des siebenten und achten Jahrhunderts haben vor der fränkischen
209 1250 920 1290 Unterwerfung ein gemeinsames Königtum.
291 1301 1421 1341 Der Stammesname der Thüringer begegnet uns erst gegen
211 1346 1421 1389 Ende des 4. Jahrhunderts. Den Grundstock des Stammes bilden die
212 1396 1422 1439 alten Hermunduren, von welchen wir nach der Zeit des Markomannen-
1365 165 1405 193 45
487 167 1118 203 § 8. Das Auftreten der deutschen Stämme.
339 1503 1423 1544 Die Notitia dignitatum nennt Friesen nur auf Britannien, wo 40, 36
213 1541 1422 1584 ein tribunus cohortis primae Frixagorum (Frisiavonum) erscheint. Allein nach
212 1580 1422 1625 Mommsen, Conscriptionsordn. S 234 weisen die britannischen Kapitel der No-
213 1620 1423 1664 titia keine einzige sichere Spur nachdiokletianischer Abfassung auf, und ist zu
213 1658 1424 1705 vermuten, daſs sie die militärischen Verhältnisse von etwa 300 darstellen. Daſs die
213 1698 1422 1743 von Constantius angesiedelten Friesen Rekruten stellen muſsten, wird von dem
214 1739 1239 1782 Panegyriker des Constantius (Paneg. V 9) ausdrücklich hervorgehoben.
336 1778 1425 1815 Noch in der Vorrede zur Lex Fris. verwarf Richthofen diese Angabe
216 1819 1425 1859 des Ptolomaeus, indem er den pagus Hugmerki mit Grimm als Grenzgau der Friesen
216 1860 1425 1902 gegen die Chauken (Hugen) auffaſste. Allein wie er dann in den Untersuchungen
216 1897 1446 1938 über friesische Rechtsgesch. II 754 Anm 1 dargethan hat, ist hugmerki die Flur
217 1935 1426 1981 des Hug, Hug aber ein Pfahlwerk, das man in einem Flusse zum Fischfang oder
216 1980 1206 2019 zur Schlieſsung gegen das Eindringen feindlicher Schiffer errichtete.
339 2022 932 2055 Die Frisia minor des Saxo Grammaticus.
338 2053 1426 2095 Im J. 677 erscheint ein König Aldgils (vgl. den Eadgils im Víđsíþ), in der
217 2094 1426 2136 Zeit Karl Martells ein König Redbad (Ratbod). v. Richthofen, Untersuchungen
218 2144 635 2173 über friesische RG II 349 ff.
