1600 2404
200 241 1406 299 potentes , drei Fälle des Verordnungsbannes, nämlich Frauenraub,
202 284 1406 345 Heimsuchung und Brandstiftung, und ein Fall des Verwaltungsbannes,
201 336 1406 388 nämlich das Versäumnis des Heerdienstes. In diesem Vorgehen Karls
198 379 1403 435 des Groſsen lag nicht etwa ein Verzicht des Königtums, die Bann-
198 432 1406 482 gewalt auch in anderen Fällen geltend zu machen; vielmehr behielt
199 475 1404 532 Karl sich in einem Kapitular für Baiern ausdrücklich vor, noch
196 527 1403 575 sonstige Fälle zu bezeichnen, in welchen die Bannsumme zu bezahlen
196 572 284 603 sei .
278 630 1402 678 Für die Geltendmachung des Bannbruchs war die öffentliche
196 673 1401 725 Gewalt im Allgemeinen nicht auf die Formen des Gerichtsverfahrens
197 724 1400 774 und auf den ordentlichen Rechtsgang angewiesen. Die Bannbuſse
195 768 1400 823 konnte im Verwaltungswege beigetrieben werden, wie uns dies von
194 816 1399 876 der Heerbannbuſse ausdrücklich bezeugt ist . Gegen den Säumigen
191 866 1398 922 stand dem Fiskus eine administrative Auspfändung und die Fronung
193 910 1397 966 des Vermögens zu Gebote. War der Bannbruch zugleich Friedens-
192 957 1398 1010 bruch, so muſste die Missethat, wenn sie geleugnet wurde und nicht
191 1004 1395 1055 handhaft war, sicherlich im Wege gerichtlichen Beweisverfahrens kon-
191 1054 1395 1104 statiert werden, ehe die Bannbuſse beigetrieben werden durfte. Dies-
189 1099 1395 1153 falls konnte der Fiskus die Bannbuſse durch gerichtliches Urteil aus-
188 1152 1394 1202 sprechen lassen , vorausgesetzt, daſs der betreffende Bannfall in das
189 1194 700 1240 Volksrecht aufgenommen war.
269 1256 1393 1308 Die Bedeutung, welche die Banngewalt des Königs für die Aus-
186 1298 1392 1352 bildung des Königsrechtes besaſs, ist schon erörtert worden . Die
186 1345 1391 1403 Banngewalt der königlichen Beamten wird bei Darstellung des Ämter-
186 1400 687 1437 wesens zur Sprache kommen.
632 171 975 206 § 64. Der Königsbann.
1370 184 1405 213 41
304 1518 1390 1563 D. h. an Schwachen, Armen, Hilfsbedürftigen. Die Summula de bannis
183 1559 1390 1605 nennt statt der homines minus potentes: pauperinus, qui se ipsus defendere non
181 1600 1389 1648 possunt, qui dicuntur unvermagon (unvermögende), das Cap. miss. v. J. 802 c. 5,
183 1635 1389 1688 I 93 dagegen die peregrini, Pilger. Vgl. Cap. miss. Aquisgr. v. J. 810 c. 20. I 154:
180 1679 1119 1722 ut pauperes, orfani et viduae et ecclesiae Dei pacem habeant.
301 1728 1389 1776 Haec octo capitula in assiduitate; reliqua autem reservata sunt regibus, ut
180 1763 1144 1806 ipsi potestatem habeant nominative demandare, unde exire debent.
300 1814 1386 1859 Cap. de rebus exercitalibus v. J. 811, c. 6, I 165. Greg. Tur. Hist. Franc.
178 1844 1384 1899 V 26, vgl. X 7. Sohm a. O. S. 118. v. Bethmann-Hollweg, Civilprozeſs V 181.
178 1882 582 1926 Siehe unten § 87. 111. 112.
297 1939 1385 1985 In Meichelbeck Nr. 116 v. J. 802 wird dem Beklagten neben der com-
176 1975 875 2018 positio immunitatis das debitum regale erlassen.
297 2025 541 2058 Oben I 277. 380.
