1600 2404
169 252 1378 289 oder sub sua defensione et immunitatis tuitione gestellt habe, daſs der
169 299 1380 338 Kirchenvorstand die Güter der Kirche quieto ordine oder sub tuitionis
170 346 1380 386 atque immunitatis suae defensione quieto ordine besitzen solle. Solchen
171 392 1379 433 Schutz des Besitztums, der keinerlei persönliche Abhängigkeit in sich
170 439 1379 482 schloſs, lieſsen sich auch die Bischöfe für ihre Kirchen und für ihren
170 488 1377 530 Privatbesitz gefallen. Er wird von nun ab bei Verleihungen und
169 536 1380 578 Bestätigungen der Immunität regelmäſsig ausgesprochen und, weil
171 585 1381 625 durch allgemeinen Rechtssatz mit der Immunität verbunden, als selbst-
171 631 1380 672 verständliche Konsequenz früher verliehener Immunität angesehen.
250 686 1380 725 Auſserdem werden für Kirchen seit Ludwig I. Mundbriefe, in
172 735 1379 770 welchen der Schutz des Besitzstandes Ausfluſs des die Person und
169 784 1380 825 ihre Rechtssphäre befriedenden Mundiums ist, nur noch sehr selten
171 831 1380 873 ausgestellt. Die unter Ludwig I. verfaſste Sammlung der formulae
173 879 1381 921 imperiales enthält kein einziges Beispiel eines Mundbriefes für eine
170 927 1379 965 Kirche, eine Thatsache, welche auf die starke Abneigung der kirch-
170 973 1381 1015 lichen Kreise gegen die Gewährung derartiger Schutzbriefe helles
170 1019 1379 1060 Licht wirft. Unrichtig ist es dagegen, daſs der besondere Königsschutz,
172 1067 1382 1109 den die Mundbriefe gewährt hatten, in die Immunität aufgegangen
172 1116 1382 1157 oder constant mit ihr vereinigt worden sei. Vielmehr ist an Stelle
172 1166 1383 1208 des dem Episkopat unwillkommenen persönlichen Schutzverhältnisses
172 1214 1383 1254 ein davon unabhängiger Schutz des Besitzstandes, ein dinglicher Schutz
172 1261 1383 1304 getreten, welcher mit der Immunität als solcher verbunden war.
173 1310 1383 1352 Gelegentlich wird solcher Schutz des Besitzstandes selbständig ohne
1340 173 1378 202 55
628 173 922 205 § 66. Königsschutz.
294 1434 1383 1471 Bistumsgut konnte sogar unter dem Schutz eines Grafen stehen. Flo-
175 1473 1267 1509 doard, Hist. Rem. III 26, MG SS XIII 540, Waitz, VG IV 239, Anm. 6.
297 1519 1382 1557 Ludwig I. sagt in den Bestätigungen älterer Immunitätsbriefe von den Ur-
175 1560 1384 1596 kunden seiner Vorgänger, daſs sie defensio gewährten. Th. Sickel, Beiträge III
173 1606 327 1638 58 (232) ff.
295 1649 1385 1685 Th. Sickel, Beiträge III 83 (257), 90 (264). Mühlbacher, Urkunden
174 1690 1384 1722 Karls III. S. 443: Die Mundbriefe werden seit Ludwig dem Frommen immer sel-
172 1731 933 1760 tener und beschränken sich vornehmlich auf Italien.
295 1772 631 1803 Waitz, VG IV 290 ff.
295 1808 1384 1844 Gegen Th. Sickel, der unter der defensio der Immunitätsbriefe den all-
173 1847 1383 1884 gemeinen Kirchenfrieden verstehen zu können glaubt, siehe Waitz, VG IV 291,
173 1888 1385 1921 Anm. 1. Andererseits ist aber im Gegensatz zu Waitz der Schutz, den der eigent-
173 1927 1384 1963 liche Mundbrief gewährt, von der defensio des Immunitätsbriefes zu unterscheiden.
174 1967 1384 2003 Der Mundbrief sagt, daſs der Abt una cum monasterio u. s. w. in Schutz genom-
174 2005 1384 2041 men werde. Das seit Ludwig I. übliche Immunitätsformular bezieht die defensio
173 2043 1384 2080 nicht auf die Person, sondern auf die Güter der Kirche, indem es bestimmt, daſs
175 2085 1384 2120 das monasterium, seine Güter und Hintersassen (res, homines) die defensio ge-
174 2120 1384 2160 nieſsen, der Abt die Kirchengüter sub immunitatis tuitione besitzen solle. Vgl. die
175 2157 1383 2200 oben S. 52, Anm. 21 ff. angeführten Mundbriefformeln mit form. imper. 4. 11. 12. 28.
