1600 2404
603 157 983 189 § 129. Die Begünstigung.
189 236 1397 274 zu bringen . Der gebundene Dieb gehört nicht dem Bestohlenen,
189 284 1398 322 sondern dem Richter. Wer ihn der Bande, die er ihm angelegt hatte,
190 331 1398 370 entledigt, verwirkt 60 Solidi, gleiche Buſse der Dritte, der ihn ge-
192 379 1398 417 waltsam befreit oder den seiner Bewachung anvertrauten Dieb ent-
190 427 1397 466 weichen läſst. Die merowingische Gesetzgebung ging aber noch weiter.
189 474 1398 514 Sie verbot dem Bestohlenen schlechtweg, sich von dem Diebe, mag
188 523 1398 562 er nun gebunden worden sein oder nicht, durch auſsergerichtliche
191 564 1399 609 Sühne abfinden zu lassen. Die Übertretung des Verbotes galt für
187 618 1402 656 strafbare Begünstigung. Der Abgefundene sollte dieselbe Strafe erleiden
192 666 1398 704 wie der Dieb , eine Strafsatzung, die u. a. den Zweck hatte, dem
188 714 1398 754 Fiskus Friedensgeld und Straflösungsgebühr sicherzustellen, die ihm
188 764 859 801 durch die Taidigung entgangen wären.
269 812 1398 850 Noch andere Fälle der Begünstigung von Dieben werden in den
188 859 1398 897 Quellen ausdrücklich verpönt. Wer einem Diebe wissentlich Unter-
186 907 1398 945 stand gewährt, soll gleich dem Diebe verurteilt werden . Das lango-
189 954 1398 992 bardische Recht läſst den Fährmann, der den Dieb samt der ge-
186 1001 1398 1039 stohlenen Sache befördert, als Diebsgenossen für die Diebstahlsbuſse
190 1049 1400 1088 haften und legt ihm auſserdem eine Brüche von 20 Solidi auf . Der
188 1098 1398 1137 bekannte Satz, daſs der Hehler so gut wie der Stehler, wird zwar in
187 1148 1398 1187 den deutschen Volksrechten nicht geradezu ausgesprochen , ergab
185 1197 1397 1236 sich aber praktisch aus den Rechtssätzen über Haussuchung und Ane-
187 1244 1395 1284 fang. Nach der Lex Baiuwariorum wurde die Hehlerei gelinder als
186 1292 1395 1330 der Diebstahl bestraft. Doch büſste der Hehler wie der Dieb, wenn
185 1342 1395 1378 er die Sache ableugnete. In Sachsen haftete der Mitwisser begangenen
188 1387 739 1424 Diebstahls gleich dem Thäter .
268 1434 1396 1474 Mit Verlust des Lebens oder mit der Hochbuſse von 900 Solidi
187 1481 1398 1519 bedroht der Edictus Langobardorum einzelne schwerere Fälle von
1340 159 1398 188 579
1194 2199 1246 2224 37*
309 1600 920 1631 Lex Rib. 73, 1. Lex Franc. Chamav. 30.
311 1641 1399 1673 Diesen Grundsatz vertritt schon die Lex Burg. 71. Fränkisches Recht
186 1681 1397 1714 wurde er spätestens durch Pactus Childeberti et Chlotharii, c. 3. 13: uterque
186 1720 1397 1755 latronis culpa subiaceat. Von hier aus ist er in die Lex Baiuw. IX 16 (latronis
186 1761 1397 1794 culpa subiacebit) übergegangen. Ein italienisches Kapitular v. J. 801, Cap. ital.
184 1799 1399 1835 c. 7, I 205, verlangt die dem Diebe drohende compositio von dem, der ihn ge-
186 1838 998 1875 bunden und rechtswidrig freigelassen hat. Vgl. Ine 36.
308 1882 1268 1915 Lex Rib. 78. Cap. 803—813, c. 2, I 156. — Aethelstan VI 1, 4.
307 1923 1169 1956 Roth. 266: collega sit furoni et cum ipso furtum conponat.
307 1963 1396 1995 Wie in der Lex Wisig. VII 2, 7: non solum qui furtum fecerit, sed etiam
183 2000 1395 2036 quicunque conscius fuerit vel furtim ablata sciens susceperit, in numero furantium
184 2037 996 2075 habeatur et simili vindictae subiaceat. Vgl. Knut II 76.
304 2079 1394 2114 Lex Baiuw. IX 15: si autem ille, qui furtivam rem commendatum suscepit,
180 2120 1389 2157 et quaerentem dominum negaverit, ille fur est, sicut ille, qui furavit, et ita conponat,
182 2157 1192 2196 sicut lex habet. Decr. Niuh. c. 7. Vgl. oben S. 497. Lex Sax. 36.
