1600 2367
607 163 1013 198 § 9. Die Reichsgründungen
210 239 1413 286 lich einfügten. Als das abendländische Kaisertum erloschen war,
213 286 1415 336 galten die oströmischen Kaiser für die Träger des Imperiums und
214 332 1417 376 wurde nunmehr diesen gegenüber der äuſsere Schein der Abhängigkeit
214 379 1416 429 gewahrt. Am schärfsten kommt die Eingliederung in die römische
213 425 1417 471 Universalmonarchie bei den ersten Anfängen der neuen Staats-
214 474 1417 524 bildungen zum Ausdruck. Die Burgunder wurden nach einer beinahe
215 523 1417 564 vernichtenden Niederlage von den Römern in Savoien angesiedelt.
216 569 1419 611 Ein römischer Statthalter rief die Vandalen nach Afrika, wo sie sich
216 616 1418 661 435 verpflichteten, von den abgetretenen Gebieten Abgaben zu leisten.
218 661 1421 702 Als Föderaten Roms erhielten die Westgoten das südliche Aquitanien
219 707 1421 754 und gleichsam als ein Mandatar des Kaisers Zeno fiel der Ostgoten-
219 754 1423 801 könig Theoderich in Italien ein. Sobald die neuen Staaten sich
222 802 1423 849 einigermaſsen befestigt hatten oder dem Imperium feindlich gegenüber-
221 850 1424 897 traten, war freilich von einer staatsrechtlichen Abhängigkeit nichts zu
223 898 1425 948 spüren. Aber nur allmählich verblaſste bei den eingewanderten Ger-
221 947 1426 990 manen das Gefühl, die neue Heimat in einem Weltreiche gefunden
222 996 1425 1035 zu haben. War es vordem eine Verschleierung der germanischen
222 1043 1426 1081 Herrschaft im Innern des Reichs gewesen, daſs germanische Könige
225 1089 1426 1131 und königliche Prinzen sich in die römische Beamtenhierarchie ein-
227 1134 1428 1174 schieben lieſsen, die Ämter eines Konsuls, eines Heermeisters und
226 1181 1429 1221 Patricius erstrebten und empfingen, so war es andererseits eine
227 1228 1429 1269 nominelle Anerkennung römischer Oberhoheit, wenn sich auch noch
229 1276 1430 1323 Könige der auf dem Boden des Reiches erwachsenen germanischen
230 1324 1363 1364 Staaten vom Kaiser römische Würden und Titel verleihen lieſsen.
310 1373 1431 1410 Am meisten hielten das ostgotische und das burgundische Reich
230 1420 1432 1460 an der Zugehörigkeit zum Imperium fest, wogegen die Vandalen sich
232 1467 1433 1505 schon unter Genserich, die Westgoten unter Eurich davon emanzi-
232 1513 1434 1562 pierten. Für die Herrschaft des ostgotischen Theoderich war sie
232 1559 1436 1611 politisches Prinzip. Er hat als Herr von Italien den Gedanken der
232 1605 1436 1650 Reichseinheit, welche nach der römischen Theorie der Gesamtherr-
233 1652 1437 1698 schaft Occident und Orient verband, zu musterhaft korrektem Aus-
234 1699 1436 1749 druck gebracht und zwar nicht bloſs in Worten , sondern auch darin,
236 1747 1439 1789 daſs er den oströmischen Kaiser bat, der Ernennung des von ihm für
237 1793 1439 1840 den Westen designierten Konsuls zuzustimmen . Bei den Burgundern
237 1841 1440 1883 waren nicht nur fast sämtliche Könige von Gundiok bis Sigismund
209 177 248 205 52
348 1935 1441 1972 Cassiodori Variarum l. I ep. 1: quia pati vos non credimus inter utrasque
238 1973 1441 2019 respublicas, quarum semper unum corpus sub antiquis principibus fuisse declaratur,
241 2012 1442 2058 aliquid discordiae permanere … Romani regni unum velle, una semper opinio sit.
351 2051 1443 2091 Cassiod. Var. l. 2 ep. 1: atque ideo vos, so schlieſst der Brief, qui utriusque
242 2092 1443 2137 reipublicae bonis indiscreta potestis gratia delectari, iungite favorem, adunate sen-
241 2132 1383 2171 tentiam. Amborum iudicio dignus est eligi, qui tantis fascibus meretur augeri.
