1600 2404
233 224 1436 265 mit deutscher Bevölkerung blieben diese Einrichtungen fremd, wogegen
232 271 1436 305 hinwiederum die fränkische Hundertschaft in manchen Strichen Galliens
233 319 1436 366 erst spät oder gar nicht Wurzel faſste. Verschieden gestaltete sich auch
233 361 1436 407 das Ämterwesen in den verschiedenen Teilen des Reiches . Stellung
232 413 1436 452 und Kompetenz des merowingischen Grafen, mochte er nun ein Franke
234 460 1436 502 oder ein Römer sein, war eine andere, je nachdem er z. B. den pagus
234 507 1225 540 Turonicus oder den Gau der Bataver zu verwalten hatte.
313 562 1437 601 Sehen wir von solchen örtlichen Verschiedenheiten ab, die man
235 607 1436 651 nicht unterschätzen darf, weil sie im Lauf der Entwicklung mehr und
232 656 1436 694 mehr ausgeglichen wurden, fassen wir also nur das einheitliche frän-
232 702 1438 743 kische Staatsrecht ins Auge, so stellt es sich als das Ergebnis einer
232 750 1435 787 Mischung von Rechtssätzen germanischer und römischer Herkunft dar.
232 791 1438 835 Darüber herrscht so ziemlich allgemeine Übereinstimmung , und in der
234 845 1436 880 That kann man im Ernste nicht daran zweifeln, daſs etwa das frän-
234 892 1437 933 kische Zoll-, Münz- und Kanzleiwesen römische Einflüsse aufweist,
233 940 1439 980 daſs andererseits z. B. Heerwesen und Gerichtsdienst auf germanischer
233 989 1437 1028 Grundlage beruhen. Bestritten ist aber der verhältnismäſsige Anteil,
234 1038 1435 1075 der jedem der beiden geschichtlichen Elemente des fränkischen Staats-
234 1083 1437 1122 rechts zuzumessen sei. Denn die einen betrachten das germanische ,
232 1130 1438 1168 die anderen das römische Recht als den Hauptfaktor ; manche unter-
235 1177 1439 1215 lassen es, die Bilanz zu ziehen, oder finden gleiches Gewicht der ver-
232 1224 1438 1266 glichenen Gröſsen , wogegen eine in jüngster Zeit einseitig verfochtene
232 1271 1436 1312 Ansicht das Problem durch die Behauptung zu lösen glaubt, das fränkische
233 1319 1437 1357 Staatsrecht stelle im Verhältnis zu seinen geschichtlichen Vorläufern
237 146 254 173 2
708 147 962 178 § 59. Einleitung.
343 1413 1437 1445 Schon von Eichhorn in ihren Grundzügen richtig angedeutet, ist diese
232 1453 1307 1487 Unterscheidung von seinen Nachfolgern mehr als billig übersehen worden.
345 1495 1435 1527 Eine Ausnahme macht Fustel de Coulanges, dem alles römisch ist.
233 1535 1437 1567 Ein schätzbares, aber eigenartig beschränktes Talent, zimmert sich Fustel de
233 1574 1436 1606 Coulanges eine Methode zurecht, die grundsätzlich nur ein räumlich und zeitlich
232 1613 1437 1644 enge begrenztes Quellengebiet durchsucht, alles andere absichtlich ignoriert, daher
232 1651 1436 1681 die Quellen vielfach miſsversteht und vor gewaltsamen Auslegungen nicht zurück-
232 1689 1437 1723 schreckt, um das vermeintliche Durchschnittsergebnis des Untersuchungsfeldes zu
232 1728 1436 1759 retten. Es scheint nicht überflüssig, dies zu bemerken; denn es ist Grund zur Be-
232 1767 1437 1805 sorgnis vorhanden, dass Fustel de Coulanges auch in Deutschland anfängt
234 1806 1437 1840 Schule zu machen für ein wissenschaftliches Programm, welches zwar mit Recht
232 1846 1436 1883 gegen den babylonischen Turmbau geistreicher Einfälle opponiert, aber von vorn-
232 1884 1437 1923 herein jedes Verständnis für den Zusammenhang rechtsgeschichtlicher Entwicklung
233 1924 1436 1959 ausschlieſst, weil es schon den Versuch, zu einem solchen sich durchzuringen, als
233 1965 572 1991 unmethodisch verurteilt.
343 2004 1436 2042 Waitz, der VG II 1, S. 81 die Litteratur der Streitfrage bespricht.
232 2044 1145 2080 Dahn, Deutsche Geschichte II 522. Schröder, RG. S. 108.
344 2083 806 2115 Z. B. von Sybel und Tardif.
344 2123 1277 2156 So in der Hauptsache Arnold, Fränkische Zeit (1881 S. 113 f.
