1600 2367
540 163 1132 196 § 11. Die Landnahme in den Provinzen
230 239 1436 282 angesiedelt wurden, gewiſs nicht mehr als das dem römischen Ein-
232 288 1437 329 quartierungssystem entsprechende Landdrittel beansprucht haben .
231 335 1437 374 Als die Stellung der Burgunder zum Reiche eine selbständigere ge-
233 382 1437 421 worden, das Volk sich vermehrt, durch neuen Zuzug verstärkt und
233 428 1438 469 seine Gebiete ausgedehnt hatte, wurde das Quotenverhältnis ein an-
233 476 1439 515 deres. Nach den ältesten Stellen, welche die burgundische Gesetz-
233 523 1439 564 sammlung über die Landteilung enthält, umfaſste die burgundische
235 570 1440 609 sors die Hälfte von dem ganzen unbeweglichen Vermögen des
235 616 1441 655 Possessors . Gegen Ende des fünften Jahrhunderts wurde das Ver-
235 664 1441 702 hältnis derart geregelt , daſs der burgundische hospes vom Ackerlande
236 711 1442 748 zwei Drittel, von den Sklaven ein Drittel, von Hof, Garten, Wald
237 758 1441 796 und Weide die Hälfte beanspruchen konnte. Diejenigen Burgunder,
238 806 1443 845 welche durch königliche Schenkung Land und Sklaven erworben
238 855 1443 893 hatten, sollten an dieser Ausdehnung der burgundischen Quote nicht
239 904 1443 944 partizipieren, sondern auf die Hälfte des Ackerlandes beschränkt
238 951 1445 990 bleiben und von dem possessor keine Sklaven verlangen dürfen. Mit
240 999 1443 1031 der Hälfte des Landes muſsten sich nach einem vermutlich unter dem
238 1045 1445 1083 letzten burgundischen König entstandenen Gesetze auch neue An-
239 1091 1444 1129 kömmlinge begnügen , wahrscheinlich Burgunder, welche aus Gebieten,
242 1138 1445 1174 die das Reich eingebüſst hatte, zurückgewandert waren, um neue
241 1184 655 1217 Wohnsitze zu erhalten .
323 1231 1444 1269 Als die Ostgoten Italien erobert hatten, nahmen sie im An-
243 1276 1448 1316 schluſs an die von Odovaker durchgeführte Landteilung ein Drittel der
243 1326 1451 1363 Ländereien an sich . Das Fiskalgut ging damals von Odovaker auf
231 169 270 197 66
355 1427 906 1464 Vgl. Jahn, Burgundionen I 397. 475.
356 1467 1449 1503 Arg. Lex Burg. 13. 31. 67; Lex Rom. Burg. 17, 3. Siehe Binding a. O. S 28.
357 1510 558 1542 Lex Burg. 54.
355 1544 1452 1583 Lex Burg. 107, 11: De Romanis vero hoc ordinavimus, ut non amplius a
246 1583 1451 1630 Burgundionibus, qui infra venerunt, requiratur, quam ad praesens necessitas fuerit,
246 1623 1453 1663 medietas terrae. Infra ist soviel wie intra. S. den Index zu Greg. Tur. Opera
248 1662 1453 1703 in MG SS rer. Meroving. I 950 s. v. infra. Unter den Eingewanderten können
248 1701 1454 1746 nicht alle Burgunder verstanden werden, sonst wäre der Zusatz überflüssig, sondern
249 1741 1454 1784 nur solche, welche gekommen, als der groſse Teil des Volkes fest in seinen
248 1793 412 1818 Sitzen saſs.
360 1831 604 1862 Binding S 261.
361 1859 1457 1900 Procop, De bello Got. I 1. Daſs damit nicht ein bloſses Einrücken in
251 1898 1458 1942 die sog. herulischen Landlose gemeint sei, bemerkt mit Recht Gaupp a. O. S 470.
252 1936 1458 1977 In der Urk. Marini Nr 115 von 540 nimmt der Verkäufer in die Gewährleistungs-
253 1977 1458 2017 formel die Wendung auf, daſs er die verkauften portiones übereigne liberas a sorte
254 2015 1459 2055 barbarica. Es ist vermutlich gemeint, daſs die veräuſserten portiones einer Land-
255 2054 1458 2099 teilung nicht mehr unterworfen werden können, weil schon der ganze Gutskomplex,
256 2093 1461 2138 zu dem sie gehört hatten, Gegenstand einer Realteilung geworden war. Savigny
256 2141 842 2173 I 333. Anderer Ansicht Gaupp S 477.
