1600 2404
249 249 1454 289 nach Volksrecht wegen Infidelität Leben und Gut verwirkt . Die
248 295 1455 337 fränkischen Rechtsquellen der merowingischen Zeit unterlassen es die
249 344 1454 390 ‘infidelitas’ näher zu bestimmen. Jedenfalls fügen sich Angriffe und
246 391 1452 439 Anschläge gegen die Person des Königs und sein Haus, Empörung,
245 439 1452 479 Landesverrat, Heerflucht und Landesflucht unter diesen etwas dehn-
245 487 500 523 baren Begriff .
325 542 1451 583 Von der durch das Volksrecht gebotenen Treue ist die besondere
244 589 1451 637 Diensttreue zu unterscheiden, wie sie die Gefolgsgenossen, später die
243 637 1450 686 Vassallen kraft freiwillig eingegangener Verpflichtung auf Grundlage
243 684 1449 730 eines dem König abgelegten Treueides schuldeten. Sie verlangte volle
243 731 1449 778 Hingebung der eigenen Persönlichkeit an den König und allseitige
244 777 798 814 Wahrnehmung seiner Interessen.
323 832 1448 876 Neben dem Treueid bei Dienstverhältnissen kennt das fränkische
242 880 1447 930 Staatsrecht einen Treueid, den die Unterthanen als solche dem König
240 929 1446 972 zu leisten haben. Dieser allgemeine Unterthaneneid findet sich auch
239 978 1446 1026 bei den Ostgoten  und Westgoten , bei den Langobarden  und Angel-
239 1026 1445 1072 sachsen ; er soll der Treupflicht eine festere Unterlage geben und
237 1074 1447 1117 ist namentlich dort von praktischer Bedeutung, wo staatsrechtlich der
238 1119 1446 1168 Grundsatz der Absetzbarkeit des Königs besteht, gegen welche jener
237 1165 1444 1215 eine Sicherstellung gewähren soll . Im Reiche der Merowinger er-
236 1213 1445 1257 scheint die Huldigung der Unterthanen seit dem sechsten Jahrhundert
237 1259 1443 1313 als festes Herkommen . Der König pflegte sie aus Anlaſs des Regie-
236 1309 1442 1355 rungsantrittes entgegenzunehmen und zwar von den Groſsen, die bei
236 1356 1442 1399 der Erhebung am Hofe anwesend waren, indem sie bei diesem Akte
234 1405 1441 1446 persönlich huldigten, von den übrigen Unterthanen, indem er seine
233 1452 1441 1494 Umfahrt durch das Reich machte oder von seinen Missi das durch die
600 172 1104 207 § 67. Königstreue und Huldigung.
249 171 288 199 58
342 1578 1440 1619 Lex Rib. 69, 1: si quis regi infidelis exteterit, de vita componat et omnes
232 1616 1440 1658 res suas fisco censeantur. Cap. de part. Sax. c. 11: si quis domino regi infidelis
232 1655 787 1689 apparuerit, capitali sententia puniatur.
344 1696 1439 1740 Über Begriff und strafrechtliche Behandlung des Treubruchs wird unten
231 1740 1174 1777 in der Geschichte des Strafrechts des näheren gehandelt werden.
340 1787 722 1817 Cassiodor, Var. VIII 2—7.
340 1826 1436 1867 Conc. Tolet. IV (633) c. 75. Lex Wisig. V 7, 19. Vgl. Dahn a. O. VI 527 f.
339 1866 572 1898 Fredegar IV 70.
341 1905 1216 1943 Edmund III 1. Vgl. Stubbs, Constitut. Hist. I, ch. 6, 62.
336 1946 786 1976 v. Amira, Recht S. 126 a. E.
340 1991 1435 2039 Siehe die Belege bei Roth, Benefizialwesen S. 109 ff. Zuerst begegnet sie
227 2031 1447 2074 i. J. 532, Greg. Tur. Hist. Franc. III 14, wo der Prätendent Munderich erklärt:
228 2071 1435 2117 egrediar et collegam populum meum atque exegam sacramentum ab eis, ut sciat
227 2111 1434 2153 Theudoricus, quia rex sum sicut et ille. Demnach haben bereits Chlodovechs Söhne
228 2151 529 2182 sich huldigen lassen.
