1600 2404
665 170 1008 205 § 64. Der Königsbann.
235 244 1438 291 den bannus zu ersetzen, hatte den praktischen Wert, daſs damit die
235 290 1439 336 dem Fiskus zufallende Strafsumme erhöht wurde . Drohte bereits
233 339 1438 388 nach Volksrecht ein Friedensgeld, welches erheblich  höher war, als
233 385 1437 430 der bannus, so lieſs man im Interesse des Fiskus die volksrechtliche
233 433 1437 478 Satzung in Kraft bleiben, indem es vermieden wurde, den betreffenden
233 480 1069 518 Thatbestand unter die Bannfälle aufzunehmen .
312 528 1436 577 Die Kapitularien Karls des Groſsen heben aus der Masse der
233 574 1436 627 Bannfälle acht heraus, welche als die octo banni oder octo capitula
231 624 1435 667 zusammengefaſst und nicht nur in den capitula missorum mehrfach
232 671 1435 719 eingeschärft, sondern nachweislich bei den Sachsen und Baiern, teil-
234 719 1435 761 weise auch bei den Langobarden und Thüringern in das Volksrecht
231 763 1433 809 eingefügt wurden , wie dies vermutlich schon früher bei den Franken
231 812 1432 859 geschehen war . Es sind vier Fälle des Friedensbannes, nämlich
232 858 1432 905 der Friedensbruch an Kirchen, Witwen, Waisen und homines minus
234 166 274 194 40
229 962 1432 1008 gelder von 30, bezw. 5 Schillingen sind dagegen in der karolingischen Lex Angl.
230 1002 1431 1044 et Werin. durch den bannus dominicus von 60 Schillingen ersetzt. Siehe auſser-
228 1042 956 1075 dem die Stellen bei Sohm a. O. S. 110 Anm. 24.
348 1083 1432 1120 In den Stammesrechten, welche feste Friedensgelder hatten, stand auch der
230 1119 1093 1152 höchste Betrag des einfachen fredus unter der Bannsumme.
348 1159 1430 1199 Lex Chamav. c. 47 rundet bei einer compositio von 200 Solidi den ent-
228 1198 1430 1239 sprechenden fredus (66⅔ sol.) auf die Bannsumme ab. Vgl. Sohm a. O. und oben
225 1238 354 1262 Anm. 21.
346 1278 1428 1318 Daraus dürfte es sich erklären, daſs das Capitulare italicum v. J. 801
226 1316 1429 1365 c. 2, I 205 unter den daselbst eingeführten Bannfällen Frauenraub, Heimsuchung
226 1356 1428 1397 und Brandstiftung vermissen läſst. Nur Handschrift 10 (Cod. Cav.) hat sie auf-
222 1398 1427 1437 genommen. Nach Roth. 187 nahm der Fiskus bei Frauenraub 450 Solidi, die Hälfte
224 1436 1427 1481 der langobardischen Hochbuſse von 900 Solidi, ebensoviel bei haritraib, dem lango-
226 1477 1427 1519 bardischen Analogon der fränkischen Heimsuchung nach Roth. 19. 379 (vgl. Osen-
226 1516 1427 1559 brüggen, Strafrecht der Langob. S. 140). Was die Brandstiftung eines be-
224 1556 1428 1599 wohnten Hauses betrifft, so lassen Liu. 72 und Roth. 146 ein Friedensgeld ver-
222 1596 1428 1636 muten, welches regelmäſsig die fränkische Bannsumme überstieg. Wie die Lom-
222 1632 1427 1675 bardakommentare I 4. 19 ergeben, folgerte die langobardische Jurisprudenz aus
222 1671 1427 1710 Liu. 72 und Roth. 146 ein Wahlrecht des Beschädigten, entweder 300 Solidi oder den
223 1712 1427 1754 dreifachen Ersatz vom Brandstifter einzuklagen. Allerdings erscheinen jene drei
221 1751 1427 1790 fränkischen Bannfälle im Liber legis Lang. Karl 79. Allein die Lombardakommen-
221 1793 1426 1835 tare zeigen, daſs die langobardische Jurisprudenz Bedenken trug, sie dem lango-
221 1830 742 1866 bardischen Rechtssystem einzufügen.
340 1871 1425 1914 Alle acht Bannfälle nennen Cap. Saxon. v. J. 797 c. 1, I 71; Cap. ad leg.
220 1907 1424 1946 Baiuw. add. 801—813 c. 1. 2. 3, I 157 f. und die Summula de bannis I 224. Brand-
221 1946 1424 1991 stiftung und Heimsuchung fehlen in Cap. miss. v. J. 802 c. 40, I 98; Cap. miss.
219 1986 1424 2029 v. J. 802 c. 18, I 101; Cap. a misso cognita facta 803—813 c. 1, I 146; diese und
207 2026 1424 2065 der raptus in Cap. ital. c. 2, I 205. Die Lex Angl. et Werin. hat die Bannbuſse
220 2065 1425 2105 bei Brandstiftung (c. 43) und bei Heimsuchung (c. 57). Auf Frauenraub steht nach
219 2105 1098 2143 c. 46 das Wergeld, dem ein fredus von 40 Solidi entspricht.
340 2145 935 2181 Argum. Lex Chamav. c. 2 vgl. mit c. 47.
