1600 2367
136 258 1340 296 betrachtet werden dürfen. Soweit der Suebenname nur auf west-
136 311 1341 350 germanische Völkerschaften bezogen wird , scheint er sich mit der
138 352 1340 397 Gruppe der Herminonen zu decken. Auf einen engeren Zusammen-
138 400 1341 444 hang suebischer Völkerschaften weist wohl der Name der unstreitig
136 451 1340 491 suebischen Markomannen hin, als der Hüter der einem gröſseren
137 494 1339 540 Völkerverbande gemeinsamen Grenze. Unabhängig von dem Gegen-
137 547 1339 580 satze der suebischen und nichtsuebischen Völkerschaften ist die viel
135 590 1340 634 jüngere Scheidung der Westgermanen in Hochdeutsche und Nieder-
138 638 1341 682 deutsche. Sie beruht hauptsächlich auf einer Verschiebung der gemein-
139 690 1341 727 germanischen Lautstufen, welche zuerst und zwar vermutlich zu An-
138 732 1340 776 fang des 6. oder gegen Ende des 5. Jahrhunderts bei den Baiern,
138 779 1340 823 Schwaben und Langobarden eintrat und dann allmählich auch das
138 830 636 869 mittlere Deutschland ergriff .
217 879 1342 915 Zwischen stammverwandten Völkerschaften bestanden religiöse
141 922 1342 964 Verbände, welche durch die gemeinsame Verehrung einer Stammes-
139 972 1342 1012 gottheit und durch gemeinsame Kultusstätten zusammengehalten wur-
139 1018 1342 1053 den . Ein Hain im Gebiete der Semnonen zwischen Oder und Elbe
140 1066 1343 1107 war das Stammesheiligtum der suebischen Völkerschaften. Es war
141 1114 1343 1154 dem arischen Himmelsgotte, dem germanischen Ziu geweiht, dessen
140 1160 1344 1201 besondere Verehrung sich in den ältesten europäischen Sitzen der
139 1207 1343 1249 Germanen als eigenartiger Kultus der Sueben  erhielt, als die übrigen
139 1255 1343 1297 Stämme jüngere Götter an die Spitze ihrer Göttersysteme gesetzt
140 1302 1343 1344 hatten. Die ingväonischen Völker besaſsen auf einer Insel der Nord-
140 1351 1344 1391 see eine der Göttin Nerthus gewidmete Kultusstätte. Die gotisch-
141 1400 1344 1439 vandalischen Stämme hatten ihren religiösen Mittelpunkt in dem
139 1446 1344 1486 heiligen Hain der Naharvalen, wo sie ein jugendliches Brüderpaar als
141 1493 1345 1533 Stammesgottheit verehrten. Wodan, ursprünglich der Gott des Stur-
550 185 917 216 § 6. Das deutsche Volk.
1297 186 1334 214 31
249 1598 1345 1635 Tacitus, der die Sueben Germ. c. 38—46 behandelt, rechnet auch die Ost-
141 1645 421 1673 germanen zu ihnen.
251 1676 1344 1714 Scherer, Gesch. der deutschen Litteratur S 39 läſst sie um das Jahr 600,
142 1716 1345 1755 Arnold, Urzeit S 37 schon im 5. Jahrh. eintreten. Die Veränderung hat, wie
142 1755 1346 1793 Scherer bemerkt, einen bestimmten örtlichen Ausgangspunkt. Da sie uns in der
142 1795 1345 1826 ersten Hälfte des 7. Jahrh. bei den deutschen Wörtern des langobardischen Edikts
142 1835 1345 1871 begegnet, da ferner kaum zu vermuten ist, daſs die Langobarden erst in Italien,
142 1874 1346 1907 wo sie durch rätisch-romanische Bevölkerung von Baiern und Schwaben getrennt
142 1913 1345 1949 waren, in die Lautverschiebung hineingezogen wurden, so bleibt es das Wahrschein-
143 1953 1346 1988 lichste, daſs die Abzweigung des Hochdeutschen schon gegen Ende des 5. oder zu
143 1991 1344 2028 Anfang des 6. Jahrh. begann, als die Langobarden noch in Rugiland und Böhmen,
143 2033 815 2061 also in der Nachbarschaft der Baiern hausten.
250 2070 1345 2101 Müllenhoff in Schmidts Z f. Geschichtswissensch. VIII 209. Sohm, Reichs-
144 2112 894 2146 u. Gerichtsverfassung I 2 f. Scherer a. O. S 8 f.
250 2147 1312 2181 Die Semnonen hielten sich für die ältesten Sueben. Tacitus, Germ. c. 39.
