1600 2404
197 256 1402 296 sondern ihren besonderen Verwaltungsapparat besaſsen, so war auch
197 303 1405 344 im fränkischen Reiche die Verwaltung der Krongüter von der öffent-
197 350 1406 394 lichen Verwaltung getrennt. Als der fränkische König in die Rechte
198 396 1405 437 des römischen Domänenfiskus succedierte, lag es in seinem Interesse,
200 444 1407 486 das römische Vorbild beizubehalten, zumal es die Freiheit des Kron-
199 493 1405 540 gutes und seiner Hintersassen von fiskalischen Hebungen und Lasten,
199 541 1407 580 welche die ordentliche Grafschaftsverwaltung von den Unterthanen in
199 592 972 635 Anspruch nahm, am einfachsten sicherstellte.
280 637 1408 682 Auch in proceſsrechtlicher und privatrechtlicher Beziehung war
199 684 1409 729 das Krongut mit gewissen Vorrechten ausgestattet. Allerdings erweist
200 732 1411 777 sich die Behauptung, daſs der fränkische Fiskus nicht gerichtlich belangt
201 779 1410 822 werden konnte, sondern der Unterthan bei Ansprüchen an den Fiskus
202 827 1410 871 auf den Weg der Petition und der königlichen Gnade angewiesen
203 874 1410 918 war , nach Lage der Quellen als ein Irrtum. Vielmehr beruhte
203 921 1412 967 gerade darauf, daſs der Rechtsweg nicht ausgeschlossen war, der
202 968 1412 1009 Fiskus vor Gericht klagen und beklagt werden konnte, jene prozeſs-
204 1014 1412 1058 rechtliche Sonderstellung des Königsgutes, welche in der Geschichte
204 1062 1413 1109 des Rechtsgangs den Anstoſs gab zur Ausbildung bedeutsamer königs-
205 1112 1412 1152 rechtlicher Proceſsinstitutionen: so der gerichtlichen Stellvertretung,
208 1164 1062 1203 des Reklamationsrechtes, des Inquisitionsbeweises.
287 1205 1413 1252 Der König hatte in Fiskalsachen die Befugnis, sich in unbe-
207 1256 1414 1296 schränkter Weise vertreten zu lassen , während sonst die processuali-
209 1304 1414 1349 sche Stellvertretung im allgemeinen unstatthaft war. Wurde die Sache
208 1349 1414 1397 im Volksgerichte anhängig, so konnte der Vertreter des Fiskus sie
205 1400 1413 1446 jederzeit an den Hof des Königs dingen, das Reklamationsrecht aus-
208 1444 1416 1492 üben . In jedem Gerichte, in welchem eine Fiskalsache verhandelt
209 1491 1414 1537 wurde, war der Fiskus in beweisrechtlicher Beziehung begünstigt,
208 1538 1415 1583 indem er das ius inquisitionis, das Vorrecht des Inquisitionsbeweises
210 1592 650 1635 geltend machen konnte .
290 1635 1416 1677 Mitunter kam es vor, daſs der König anordnete, es sollten Fiskal-
209 1684 1416 1732 prozesse von vorneherein vor dem Königsgerichte angebracht werden.
210 1731 1418 1773 Doch ist das nicht immer geschehen; vielmehr war die Praxis in dieser
210 1778 1418 1822 Beziehung eine verschiedene . So weit es geschah, lag darin nichts
550 179 1040 214 § 68. Königshort und Königsgut.
1366 177 1404 205 73
332 1854 1417 1892 Vertreten durch Roth, Beneficialwesen S. 222, Anm. 95, Feudalität S. 225,
212 1894 1418 1935 Sohm, Reichs- und Gerichtsverfassung S. 26, Schröder, RG S. 114. Siehe da-
211 1933 1419 1978 gegen H. Brunner, Zeugen- und Inquisitionsbeweis S. 58—62, Entstehung der
213 1977 1059 2015 Schwurgerichte S. 71, E. Loening, Kirchenrecht II 755.
334 2010 1412 2054 Beispiele bei H. Brunner, Zeugen- und Inquisitionsbeweis S. 58 f. 78
214 2056 1045 2093 Anm. 2. 3. 4, bei E. Loening, a. O. Siehe unten § 95.
336 2101 590 2128 Siehe oben S. 50.
336 2139 609 2171 Siehe unten § 121.
337 2176 747 2205 H. Brunner a. O. S. 61 ff.
