1600 2367
476 155 1051 186 § 10. Das Wirtschaftsleben der Urzeit.
163 233 1371 272 Einöden . Nach einer ansprechenden Vermutung haben sie die Ger-
164 280 1370 320 manen von den durch sie verdrängten Kelten übernommen . Häufig
164 325 1371 367 stellt sich diese Niederlassungsform als eine Einrichtung jüngeren Ur-
164 372 1370 411 sprungs dar, indem eine von Dorfschaften ausgehende Kolonisation
164 418 1370 461 successive in Einzelhöfen erfolgte . Anderwärts, wie z. B. in Gebirgs-
163 466 1369 504 landschaften, waren sie von vorneherein durch die Bodenverhältnisse
166 516 332 553 bedingt .
243 558 1370 597 In den Gegenden des Dorfschaftssystems hatte das Ackerland eine
167 602 1369 649 lange Übergangsperiode abwechselnder Gemeinschaftsnutzung und
165 653 1370 695 Sondernutzung durchzumachen, ehe das Sondereigentum seine regel-
166 699 1369 736 mäſsige Besitzform wurde. Schon ehe ein solches an den Hofstätten
165 746 1369 787 entstand, muſs der Wechsel der Feldmarken innerhalb des ganzen
166 794 1369 829 Gaues verschwunden und das Land zunächst in dauernden Besitz der
165 842 1367 883 einzelnen Sippschaft gelangt sein, aus der die Markgenossenschaft als
165 891 1367 928 ein räumlich begrenzter wirtschaftlicher Verband herauswuchs. Die
164 939 1368 976 Markgenossenschaft fiel entweder mit der Dorfschaft zusammen oder
163 986 1366 1023 sie hatte gröſseren Umfang, indem sie mehrere Dorfschaften umfaſste.
163 1032 1366 1070 Wo dies der Fall war, müssen sich aus der groſsen Mark im Laufe
165 1077 1367 1116 der Zeit kleinere Dorfmarken abgesondert haben, indem das bau-
164 1124 1368 1160 würdige Land ganz oder zum gröſseren Teil in den Gemeinbesitz der
164 1170 1367 1209 Dorfschaft überging, als man angefangen hatte, gröſsere Mühe auf den
164 1218 1367 1254 Ackerbau zu verwenden und dieser sich deshalb in der Nähe der
163 1265 1366 1305 Dörfer konzentrierte. Herrschte in den Tagen Cäsars noch die
164 1312 1366 1352 gemeinschaftliche Bewirtschaftung des Bodens vor, so hat sie in der
164 158 203 186 60
289 1406 1366 1453 Der Gegensatz darf, wie Schröder, RG I 13 mit Recht bemerkt, nicht
162 1453 1364 1488 zu schroff gedacht werden, da auch in den Dörfern die Höfe sich nicht aneinander-
162 1492 1364 1527 schlossen und ein bestimmter Bebauungsplan regelmäſsig nicht vorhanden war.
161 1531 1365 1569 Tacitus, Germ. c. 16. In den Anfängen der Entwicklung sind Übergänge denk-
161 1571 1364 1606 bar. Bei den Russen standen zwischen den Dörfern (ssela), die eine gröſsere Zahl
161 1610 1364 1647 von Höfen umfaſsten, und den Einzelhöfen die derewni, kleinere Ansiedlungen
160 1649 1364 1680 von 1—4 Höfen. Jo. v. Keussler, Zur Geschichte und Kritik des bäuerlichen
161 1688 803 1724 Gemeindebesitzes in Ruſsland, 1876, S 58 f.
282 1729 1365 1764 Meitzen, Der älteste Anbau S 37. Erhardt, Älteste germ. Staaten-
161 1768 1363 1803 bildung S 33 Anm 1. Lamprecht, Z d. Bergischen Geschichtsvereins XVI 19 ff.
161 1806 1363 1840 Schröder, Z2 f. RG II 50 f. Das Hofsystem des Niederrheins und Westfalens
160 1848 893 1881 scheint auf die keltischen Menapier zurückzugehen.
281 1888 556 1912 Hanssen I 148 f.
281 1926 1364 1954 Meitzen a. O. S 44. Nach Denman Roſs haben die freien Männer mit
161 1964 1363 1998 ihren Familien in Einzelhöfen gewohnt, während die Unfreien von ihren Herren
160 2004 1363 2038 dörferweise angesiedelt wurden. Dann würden wahrscheinlich binnen kurzem die
160 2044 1363 2079 vereinigten Knechte die Herren, die isolierten Herren zu Knechten geworden, erstere
159 2083 1363 2116 aber klüglich im Dorfe beisammen geblieben sein, um nicht auf den Einzelhöfen
160 2123 1127 2154 einem ähnlichen Schicksale zu verfallen, wie ihre früheren Herren.
