1600 2367
337 249 1462 289 Die vertragsmäſsige Eheschlieſsung erfolgte einer ursprünglich
260 296 1465 337 altgermanischen Sitte gemäſs durch Frauenkauf. Der Kaufvertrag
260 342 1464 383 wurde zwischen dem Bräutigam und seinen Magen einerseits, dem
259 390 1465 430 Vater oder Vormund der Braut und ihren Magen andrerseits abge-
260 436 1467 479 schlossen. Die Braut selbst war nicht Kontrahentin, sondern Objekt
260 483 1466 522 des Kaufvertrags. Verheiraten heiſst noch in den Volksrechten der
259 530 1466 571 folgenden Periode uxorem emere, feminam vendere, der für die
262 578 1429 621 Braut gezahlte Preis wird pretium emtionis, pretium nuptiale
264 624 1467 668 oder pretium, die Braut puella emta, die Verlobung mercatio ge-
261 671 1467 709 nannt. Wenn man ein Mädchen kauft, so sagt ein kentisches Ge-
264 718 1467 758 setz, so sei es mit dem Kauf gekauft, falls kein Trug dabei ist.
264 765 1468 803 Ist aber Trug dabei, so bringe er sie nach Hause zurück und man
262 813 1467 853 gebe ihm sein Geld wieder. Noch roher klingt eine andere Stelle
262 861 1469 899 der Gesetze König Aethelbirhts: wenn ein Freier bei eines Freien Frau
261 910 1467 949 liegt, so kaufe er sie mit ihrem Wergeld und erwerbe mit seinem
263 956 1471 996 Gelde eine andere Frau, die er jenem heimbringe. Der Frauenkauf
261 1005 1468 1041 ist noch den jüngeren ostfriesischen Quellen bekannt und wurde noch
262 1051 1468 1089 im 15. Jahrhundert bei den Dietmarschen geübt. Und wie im
264 1097 1467 1139 Mittelalter die Redensart eine Frau kaufen vielfach verbreitet war,
264 1142 1469 1181 so bezeichnet in Holland der Volksmund noch jetzt die Braut als
269 1188 627 1226 „verkocht“ (verkauft).
343 1244 1468 1288 Wie jeder Kauf war auch der Frauenkauf ursprünglich ein Zug
263 1291 1468 1336 um Zug erfülltes Baargeschäft, indem von der einen Seite die Zahlung
264 1339 1467 1383 des Kaufpreises, von der anderen die Hingabe der Braut erfolgte.
263 1385 1469 1432 Aber schon früh hat mit der Verfeinerung der Sitte die Eheschlieſsung
266 1433 1469 1478 diesen Charakter eingebüſst und fielen der Veräuſserungsvertrag über
266 1472 1468 1523 die Braut und die Übergabe derselben zeitlich auseinander, so daſs
265 1526 1466 1566 der ursprünglich einheitliche Akt der Eheschlieſsung sich in die Akte
265 1572 1466 1615 der Verlobung und der Trauung spaltete. Die Verlobung (der Ver-
264 1621 1468 1661 äuſserungsvertrag) ist bindend, wenn der Kaufpreis bezahlt oder durch
263 1668 1469 1705 rechtsförmlichen Wettvertrag versprochen worden ist. Für den Kauf-
258 173 297 201 74
739 171 987 201 § 12. Das Haus.
385 1777 1256 1807 Lex Sax. c. 49. 65. Richthofen, Zur Lex Sax. S 288 f.
386 1819 610 1845 Lex Sax. c. 43.
385 1858 778 1891 Lex Burg. c. 34. 42, 2. 61.
387 1897 920 1930 Lex Wisigothorum III 1, 2. III 4, 7.
385 1936 1054 1969 Pactus Alam. 3, 29; Lex Alam. Lantfr. 97, 4.
385 1975 1465 2007 Form. Wisigoth. 18.Aethelbirht c. 77.Aethelbirht c. 31.
386 2015 908 2046 Richthofen, Zur Lex Sax. S 291.
387 2055 885 2086 Noordewier, Regtsoudh. S 177.
385 2094 1470 2128 Das läſst sich bereits aus Tacitus, Ann. I 55 schlieſsen: Arminius filiam
266 2132 803 2166 eius (Segestis) alii pactam rapuerat.
