1600 2404
238 276 1446 316 den karolingischen Kaisern die Krönung entweder in der Form eines
242 322 1450 366 weltlichen oder in der Form eines kirchlichen Aktes . Nach dem
239 370 1446 412 Vorbilde der abendländischen Kaiserkrönung entwickelte sich eine frän-
239 416 1445 457 kische Königskrönung. Auch diese konnte, und zwar unabhängig von
238 463 1445 506 der Salbung, als ein weltlicher Akt vollzogen werden . So wurde
237 511 1445 550 Karl der Kahle 838 aus Anlaſs der Wehrhaftmachung von seinem
243 561 1447 600 Vater gekrönt . Aber in der Regel gestaltete sich die Königskrönung
240 608 1447 644 als ein kirchlicher Akt und wurde sie derart mit der Salbung ver-
240 655 1447 695 bunden, daſs diese vorausging. So lieſs sich Karl der Kahle 848 zu
240 702 1447 749 Orléans, 869 zu Metz zuerst salben, dann von bischöflicher Hand
239 726 1448 787 die Krone reichen . Die Förmlichkeiten der Salbung und Krönung
241 796 1448 829 sind uns durch Aktenstücke der Jahre 869 und 877 überliefert .
245 842 1448 880 Sie lassen ersehen, daſs dafür im westfränkischen Reich bereits ein
240 885 1449 929 festes Rituale bestand. Der Krönung folgte die förmliche Übergabe
239 934 1449 998 des Scepters. Wahrscheinlich ist es, daſs die Feierlichkeit stets mit
241 980 745 1019 der Thronerhebung abschloſs.
325 1010 1448 1075 Weder die Salbung noch die Krönung haben staatsrechtliche Be-
242 1085 1451 1126 deutung. Die Führung des Königstitels, die Erlangung königlicher
244 1130 1450 1176 Gewalt sind davon unabhängig . Allerdings wird gemäſs dem Sprach-
241 1183 1453 1223 gebrauche des alten Testamentes die priesterliche Salbung in den
243 1231 1451 1269 Quellen als ein konstitutiver Akt bezeichnet, als ein solcher, der die
246 1279 1450 1320 Königswürde begründet . Wer die Salbung empfängt, wird in regem,
480 197 1197 231 § 61. Titel, Ehrenzeichen und Regierungsantritt.
1407 196 1443 225 21
241 1396 1453 1444 Chronographia S. 733, übertreibend berichten konnte, Karl der Groſse sei i. J. 800
243 1441 913 1489 vom Kopf bis zu den Füſsen gesalbt worden.
371 1481 682 1512 Siehe unten § 70.
368 1519 1454 1555 Von Arechis von Benevent erzählt Leo Marsicanus: ab episcopis ungi se
243 1551 1139 1590 fecit et coronam sibi imposuit. Waitz, VG III 66, Anm. 2.
369 1579 1455 1632 Vita Hludowici c. 59, SS II 643: dominus imperator filium suum Karolum
245 1638 1455 1674 armis virilibus i. e. ense cinxit, corona regali caput insignivit. Nithard I 6:
242 1679 1284 1715 Karolo arma et coronam necnon et quandam portionem regni .. dedit.
371 1720 1458 1755 Daſs 848 der Salbung eine Krönung folgte, ergiebt sich aus den Akten der
247 1759 1458 1794 Synode von Savonnières v. J. 859, c. 3, Pertz, LL I 462, wo über Wenilo von
241 1793 1458 1832 Sens berichtet wird: apud Aurelianis civitatem .. me (Karolum) secundum traditio-
250 1840 1458 1873 nem ecclesiasticam regem consecravit et in regni regimine chrismate sacro per-
247 1878 1224 1912 unxit et diademate atque regni sceptro in regio solio sublimavit…
372 1926 1458 1958 Krönung Karls des Kahlen in Metz 869, Pertz, LL I 512. Krönung
241 1963 1362 1999 seines Sohnes, Ludwigs des Stammlers, zu Compiègne 877, Pertz, LL I 542.
372 2003 1080 2046 Hinschius, Kirchenrecht IV 1 S. 158 Anm. 1.
372 2059 1458 2105 Ann. Einh. z. J. 754 oben Anm. 31. Die oben Anm. 38 angeführte Stelle
251 2094 1457 2134 fährt fort: a qua consecratione vel regni sublimitate supplantari vel proici non
248 2132 1458 2187 debueram, saltem sine audientia et iudicio episcoporum, quorum ministerio in regem
251 2177 492 2202 sum consecratus.
