<?xml version="1.0" encoding="UTF-8"?>
<PcGts xmlns="http://schema.primaresearch.org/PAGE/gts/pagecontent/2019-07-15" xmlns:xsi="http://www.w3.org/2001/XMLSchema-instance" xsi:schemaLocation="http://schema.primaresearch.org/PAGE/gts/pagecontent/2019-07-15 http://schema.primaresearch.org/PAGE/gts/pagecontent/2019-07-15/pagecontent.xsd">
<Metadata>
<Creator>regJS2PAGE.py</Creator>
<Created>2021-02-16T10:58:42.877236</Created>
<LastChange>2021-02-16T10:58:42.877236</LastChange>
</Metadata>
<Page imageFilename="tmp/brunner_rechtsgeschichte01_1887_0055.png" imageWidth="1600" imageHeight="2367">
<TextRegion id="block_0" custom="structure {type:body;}">
<Coords points="231,204 231,250 232,262 232,291 232,300 317,300 317,340 317,347 241,347 241,386 235,394 235,436 237,440 237,487 238,487 238,531 238,535 238,577 237,581 237,629 236,636 236,672 236,677 318,677 318,720 318,726 237,726 237,772 237,772 237,811 237,820 237,863 238,866 238,908 238,917 238,955 238,966 318,966 318,1013 318,1014 238,1014 238,1059 230,1061 230,1110 230,1110 230,1153 239,1158 239,1199 239,1208 239,1253 239,1255 239,1300 231,1301 231,1348 240,1349 240,1395 239,1398 239,1438 240,1445 240,1485 240,1497 240,1534 240,1538 320,1538 320,1576 320,1585 240,1585 240,1628 240,1630 240,1675 241,1677 241,1719 241,1725 241,1770 240,1772 240,1819 243,1826 243,1863 802,1863 802,1826 1448,1826 1448,1819 1448,1772 1447,1770 1447,1725 1447,1719 1447,1677 1447,1675 1447,1630 1445,1628 1445,1585 1444,1576 1444,1538 581,1538 581,1534 581,1497 1447,1497 1447,1485 1447,1445 1447,1438 1447,1398 1447,1395 1447,1349 1448,1348 1448,1301 1447,1300 1447,1255 1447,1253 1447,1208 1446,1199 1446,1158 1444,1153 1444,1110 1444,1110 1444,1061 1445,1059 1445,1014 1444,1013 1444,966 665,966 665,955 665,917 1446,917 1446,908 1446,866 1445,863 1445,820 1445,811 1445,772 1445,772 1445,726 1445,720 1445,677 943,677 943,672 943,636 1445,636 1445,629 1445,581 1445,577 1445,535 1444,531 1444,487 1445,487 1445,440 1444,436 1444,394 1442,386 1442,347 1442,340 1442,300 357,300 357,291 357,262 1444,262 1444,250 1444,204 231,204"/>
<TextLine id="line_0">
<Coords points="231,214 423,214 449,220 507,220 534,211 580,211 608,211 722,211 750,210 811,210 840,210 887,210 916,208 1174,208 1204,207 1254,207 1279,204 1444,204 1444,235 1279,235 1254,236 1204,236 1174,244 916,244 887,239 840,239 811,240 750,240 722,247 608,247 580,240 534,240 507,242 449,242 423,250 231,250 231,214"/>
<Baseline points="231,250 423,250 449,242 507,242 534,240 580,240 608,247 722,247 750,240 811,240 840,239 887,239 916,244 1174,244 1204,236 1254,236 1279,235 1444,235"/>
<TextEquiv><Unicode>unabhängig von ihr vollzog sich die Germanisierung des römischen</Unicode></TextEquiv>
</TextLine>

<TextLine id="line_1">
<Coords points="232,262 357,262 357,291 232,291 232,262"/>
<Baseline points="232,291 357,291"/>
<TextEquiv><Unicode>Heeres.</Unicode></TextEquiv>
</TextLine>

<TextLine id="line_2">
<Coords points="317,308 414,308 432,307 463,307 477,306 543,306 557,305 663,305 686,305 810,305 827,302 984,302 1005,310 1100,310 1121,301 1315,301 1335,300 1442,300 1442,335 1335,335 1315,331 1121,331 1100,339 1005,339 984,340 827,340 810,334 686,334 663,340 557,340 543,335 477,335 463,336 432,336 414,338 317,338 317,308"/>
<Baseline points="317,338 414,338 432,336 463,336 477,335 543,335 557,340 663,340 686,334 810,334 827,340 984,340 1005,339 1100,339 1121,331 1315,331 1335,335 1442,335"/>
<TextEquiv><Unicode>Schon in dem Heere, welches Pompejus gegen Mithradates führte,</Unicode></TextEquiv>
</TextLine>

<TextLine id="line_3">
<Coords points="241,357 361,357 383,355 559,355 600,352 655,352 669,352 825,352 845,350 962,350 977,349 1146,349 1167,347 1219,347 1231,347 1311,347 1327,347 1442,347 1442,382 1327,382 1311,377 1231,377 1219,377 1167,377 1146,379 977,379 962,380 845,380 825,381 669,381 655,381 600,381 559,384 383,384 361,386 241,386 241,357"/>
<Baseline points="241,386 361,386 383,384 559,384 600,381 655,381 669,381 825,381 845,380 962,380 977,379 1146,379 1167,377 1219,377 1231,377 1311,377 1327,382 1442,382"/>
<TextEquiv><Unicode>dienten Germanen. Bei Pharsalos fochten Germanen auf Seite Cäsars,</Unicode></TextEquiv>
</TextLine>

<TextLine id="line_4">
<Coords points="235,404 292,404 313,411 366,411 387,402 477,402 497,400 562,400 582,400 657,400 678,398 895,398 915,397 970,397 997,404 1049,404 1069,395 1210,395 1233,394 1294,394 1313,394 1444,394 1444,422 1313,422 1294,422 1233,422 1210,424 1069,424 1049,425 997,425 970,426 915,426 895,436 678,436 657,429 582,429 562,428 497,428 477,430 387,430 366,432 313,432 292,433 235,433 235,404"/>
<Baseline points="235,433 292,433 313,432 366,432 387,430 477,430 497,428 562,428 582,429 657,429 678,436 895,436 915,426 970,426 997,425 1049,425 1069,424 1210,424 1233,422 1294,422 1313,422 1444,422"/>
<TextEquiv><Unicode>der aus ihnen eine nach germanischer Art aus Fuſsvolk und Reiterei</Unicode></TextEquiv>
</TextLine>

<TextLine id="line_5">
<Coords points="237,449 396,449 418,447 537,447 557,447 689,447 708,447 799,447 839,445 886,445 911,445 958,445 979,443 1143,443 1163,441 1314,441 1334,440 1445,440 1445,476 1334,476 1314,477 1163,477 1143,473 979,473 958,474 911,474 886,474 839,474 799,476 708,476 689,484 557,484 537,485 418,485 396,487 237,487 237,449"/>
<Baseline points="237,487 396,487 418,485 537,485 557,484 689,484 708,476 799,476 839,474 886,474 911,474 958,474 979,473 1143,473 1163,477 1314,477 1334,476 1445,476"/>
<TextEquiv><Unicode>gemischte Truppe gebildet hatte. Da die römischen Legionen grund-</Unicode></TextEquiv>
</TextLine>

<TextLine id="line_6">
<Coords points="238,497 359,497 387,505 443,505 469,504 521,504 547,495 712,495 732,494 867,494 888,492 1019,492 1036,490 1173,490 1201,488 1277,488 1304,487 1351,487 1372,487 1444,487 1444,517 1372,517 1351,517 1304,517 1277,518 1201,518 1173,525 1036,525 1019,530 888,530 867,531 732,531 712,525 547,525 521,525 469,525 443,525 387,525 359,527 238,527 238,497"/>
<Baseline points="238,527 359,527 387,525 443,525 469,525 521,525 547,525 712,525 732,531 867,531 888,530 1019,530 1036,525 1173,525 1201,518 1277,518 1304,517 1351,517 1372,517 1444,517"/>
<TextEquiv><Unicode>sätzlich nur aus römischen Bürgern gebildet wurden, muſs die Auf-</Unicode></TextEquiv>
</TextLine>

<TextLine id="line_7">
<Coords points="238,545 346,545 368,552 426,552 448,543 615,543 635,543 666,543 688,543 744,543 765,539 1023,539 1052,538 1143,538 1171,538 1229,538 1249,535 1370,535 1392,535 1445,535 1445,564 1392,564 1370,565 1249,565 1229,567 1171,567 1143,568 1052,568 1023,577 765,577 744,571 688,571 666,572 635,572 615,573 448,573 426,573 368,573 346,574 238,574 238,545"/>
<Baseline points="238,574 346,574 368,573 426,573 448,573 615,573 635,572 666,572 688,571 744,571 765,577 1023,577 1052,568 1143,568 1171,567 1229,567 1249,565 1370,565 1392,564 1445,564"/>
<TextEquiv><Unicode>nahme von Germanen in den Legionsverband durch den Erwerb des</Unicode></TextEquiv>
</TextLine>

<TextLine id="line_8">
<Coords points="237,591 449,591 469,591 633,591 655,589 775,589 797,588 875,588 904,587 1028,587 1056,595 1093,595 1113,585 1264,585 1285,583 1337,583 1356,581 1445,581 1445,611 1356,611 1337,612 1285,612 1264,615 1113,615 1093,615 1056,615 1028,616 904,616 875,623 797,623 775,619 655,619 633,621 469,621 449,629 237,629 237,591"/>
<Baseline points="237,629 449,629 469,621 633,621 655,619 775,619 797,623 875,623 904,616 1028,616 1056,615 1093,615 1113,615 1264,615 1285,612 1337,612 1356,611 1445,611"/>
<TextEquiv><Unicode>Bürgerrechts vermittelt worden sein, welches zu verleihen der Feld-</Unicode></TextEquiv>
</TextLine>

<TextLine id="line_9">
<Coords points="236,641 306,641 330,640 377,640 399,638 679,638 699,636 841,636 861,636 943,636 943,664 861,664 841,672 699,672 679,668 399,668 377,668 330,668 306,670 236,670 236,641"/>
<Baseline points="236,670 306,670 330,668 377,668 399,668 679,668 699,672 841,672 861,664 943,664"/>
<TextEquiv><Unicode>herr die auſserordentliche Befugnis hatte.</Unicode></TextEquiv>
</TextLine>

<TextLine id="line_10">
<Coords points="318,687 374,687 394,686 549,686 573,686 625,686 645,684 880,684 903,680 1062,680 1084,680 1251,680 1273,686 1371,686 1392,677 1445,677 1445,707 1392,707 1371,708 1273,708 1251,710 1084,710 1062,711 903,711 880,720 645,720 625,714 573,714 549,716 394,716 374,716 318,716 318,687"/>
<Baseline points="318,716 374,716 394,716 549,716 573,714 625,714 645,720 880,720 903,711 1062,711 1084,710 1251,710 1273,708 1371,708 1392,707 1445,707"/>
<TextEquiv><Unicode>Die innerhalb der Reichsgrenzen seſshaften Germanen waren der</Unicode></TextEquiv>
</TextLine>

<TextLine id="line_11">
<Coords points="237,734 449,734 470,731 668,731 689,731 750,731 772,731 899,731 922,729 960,729 981,729 1028,729 1043,727 1256,727 1270,726 1445,726 1445,761 1270,761 1256,764 1043,764 1028,757 981,757 960,758 922,758 899,764 772,764 750,760 689,760 668,762 470,762 449,772 237,772 237,734"/>
<Baseline points="237,772 449,772 470,762 668,762 689,760 750,760 772,764 899,764 922,758 960,758 981,757 1028,757 1043,764 1256,764 1270,761 1445,761"/>
<TextEquiv><Unicode>Konskription unterworfen und stellten, da die Konskription wenigstens</Unicode></TextEquiv>
</TextLine>

<TextLine id="line_12">
<Coords points="237,781 384,781 410,781 459,781 488,780 578,780 605,778 721,778 748,785 809,785 836,777 891,777 919,776 1114,776 1145,774 1192,774 1219,772 1445,772 1445,803 1219,803 1192,802 1145,802 1114,809 919,809 891,805 836,805 809,806 748,806 721,807 605,807 578,808 488,808 459,810 410,810 384,811 237,811 237,781"/>
<Baseline points="237,811 384,811 410,810 459,810 488,808 578,808 605,807 721,807 748,806 809,806 836,805 891,805 919,809 1114,809 1145,802 1192,802 1219,803 1445,803"/>
<TextEquiv><Unicode>zeitweise bei ihnen stärker war wie anderwärts, ein beträchtliches</Unicode></TextEquiv>
</TextLine>

<TextLine id="line_13">
<Coords points="237,829 420,829 439,835 476,835 497,826 554,826 574,824 726,824 756,831 788,831 816,824 903,824 931,823 1011,823 1030,821 1142,821 1164,821 1216,821 1238,820 1445,820 1445,855 1238,855 1216,849 1164,849 1142,857 1030,857 1011,850 931,850 903,857 816,857 788,852 756,852 726,857 574,857 554,854 497,854 476,855 439,855 420,863 237,863 237,829"/>
<Baseline points="237,863 420,863 439,855 476,855 497,854 554,854 574,857 726,857 756,852 788,852 816,857 903,857 931,850 1011,850 1030,857 1142,857 1164,849 1216,849 1238,855 1445,855"/>
<TextEquiv><Unicode>Kontingent zu den Auxilien, so lange diese gemäſs der augustischen</Unicode></TextEquiv>
</TextLine>

<TextLine id="line_14">
<Coords points="238,874 453,874 486,879 538,879 574,870 632,870 664,868 872,868 905,867 1142,867 1175,867 1235,867 1270,866 1446,866 1446,894 1270,894 1235,895 1175,895 1142,903 905,903 872,897 664,897 632,899 574,899 538,899 486,899 453,908 238,908 238,874"/>
<Baseline points="238,908 453,908 486,899 538,899 574,899 632,899 664,897 872,897 905,903 1142,903 1175,895 1235,895 1270,894 1446,894"/>
<TextEquiv><Unicode>Heerordnung aus den Unterthanen peregrinischen und latinischen</Unicode></TextEquiv>
</TextLine>

<TextLine id="line_15">
<Coords points="238,921 364,921 384,918 515,918 537,917 665,917 665,946 537,946 515,955 384,955 364,950 238,950 238,921"/>
<Baseline points="238,950 364,950 384,955 515,955 537,946 665,946"/>
<TextEquiv><Unicode>Rechtes gebildet wurden.</Unicode></TextEquiv>
</TextLine>

<TextLine id="line_16">
<Coords points="318,973 548,973 576,981 628,981 657,972 825,972 852,970 913,970 939,978 1016,978 1043,967 1203,967 1223,974 1276,974 1296,966 1444,966 1444,995 1296,995 1276,996 1223,996 1203,999 1043,999 1016,1000 939,1000 913,1001 852,1001 825,1003 657,1003 628,1003 576,1003 548,1013 318,1013 318,973"/>
<Baseline points="318,1013 548,1013 576,1003 628,1003 657,1003 825,1003 852,1001 913,1001 939,1000 1016,1000 1043,999 1203,999 1223,996 1276,996 1296,995 1444,995"/>
<TextEquiv><Unicode>Hauptsächlich aus Germanen und zwar besonders aus Batavern</Unicode></TextEquiv>
</TextLine>

<TextLine id="line_17">
<Coords points="238,1024 402,1024 423,1023 470,1023 492,1022 627,1022 648,1021 785,1021 816,1020 863,1020 886,1019 1052,1019 1072,1016 1273,1016 1294,1014 1344,1014 1365,1014 1445,1014 1445,1051 1365,1051 1344,1044 1294,1044 1273,1047 1072,1047 1052,1049 886,1049 863,1050 816,1050 785,1059 648,1059 627,1052 492,1052 470,1053 423,1053 402,1054 238,1054 238,1024"/>
<Baseline points="238,1054 402,1054 423,1053 470,1053 492,1052 627,1052 648,1059 785,1059 816,1050 863,1050 886,1049 1052,1049 1072,1047 1273,1047 1294,1044 1344,1044 1365,1051 1445,1051"/>
<TextEquiv><Unicode>bestanden die custodes corporis, die berittenen Leibwächter des prin-</Unicode></TextEquiv>
</TextLine>

<TextLine id="line_18">
<Coords points="230,1080 323,1080 353,1072 462,1072 490,1071 538,1071 565,1071 626,1071 653,1071 711,1071 737,1068 967,1068 996,1065 1272,1065 1292,1061 1444,1061 1444,1093 1292,1093 1272,1096 996,1096 967,1098 737,1098 711,1099 653,1099 626,1099 565,1099 538,1101 490,1101 462,1102 353,1102 323,1110 230,1110 230,1080"/>
<Baseline points="230,1110 323,1110 353,1102 462,1102 490,1101 538,1101 565,1099 626,1099 653,1099 711,1099 737,1098 967,1098 996,1096 1272,1096 1292,1093 1444,1093"/>
<TextEquiv><Unicode>ceps, welche bei ihm den unmittelbaren Sicherheitsdienst versahen.</Unicode></TextEquiv>
</TextLine>

<TextLine id="line_19">
<Coords points="230,1121 288,1121 308,1121 421,1121 442,1120 517,1120 538,1118 731,1118 751,1116 891,1116 914,1115 985,1115 1000,1114 1114,1114 1150,1112 1320,1112 1339,1110 1444,1110 1444,1146 1339,1146 1320,1142 1150,1142 1114,1144 1000,1144 985,1145 914,1145 891,1146 751,1146 731,1153 538,1153 517,1149 442,1149 421,1150 308,1150 288,1151 230,1151 230,1121"/>
<Baseline points="230,1151 288,1151 308,1150 421,1150 442,1149 517,1149 538,1153 731,1153 751,1146 891,1146 914,1145 985,1145 1000,1144 1114,1144 1150,1142 1320,1142 1339,1146 1444,1146"/>
<TextEquiv><Unicode>Sie hieſsen auch schlechtweg Germani oder Batavi. Persönlich unfrei,</Unicode></TextEquiv>
</TextLine>

<TextLine id="line_20">
<Coords points="239,1169 347,1169 346,1168 415,1168 436,1166 577,1166 592,1165 672,1165 693,1173 759,1173 774,1163 863,1163 886,1163 1013,1163 1027,1171 1092,1171 1108,1160 1303,1160 1318,1158 1446,1158 1446,1189 1318,1189 1303,1190 1108,1190 1092,1191 1027,1191 1013,1192 886,1192 863,1199 774,1199 759,1193 693,1193 672,1195 592,1195 577,1196 436,1196 415,1197 346,1197 347,1199 239,1199 239,1169"/>
<Baseline points="239,1199 347,1199 346,1197 415,1197 436,1196 577,1196 592,1195 672,1195 693,1193 759,1193 774,1199 863,1199 886,1192 1013,1192 1027,1191 1092,1191 1108,1190 1303,1190 1318,1189 1446,1189"/>
<TextEquiv><Unicode>werden sie rechtlich nicht zum Heer, sondern zum kaiserlichen Gesinde</Unicode></TextEquiv>
</TextLine>

<TextLine id="line_21">
<Coords points="239,1216 404,1216 451,1215 495,1215 527,1216 625,1216 647,1212 813,1212 842,1212 894,1212 915,1210 1143,1210 1170,1208 1290,1208 1318,1208 1361,1208 1389,1215 1447,1215 1447,1237 1389,1237 1361,1237 1318,1237 1290,1237 1170,1237 1143,1240 915,1240 894,1240 842,1240 813,1245 647,1245 625,1243 527,1243 495,1244 451,1244 404,1253 239,1253 239,1216"/>
<Baseline points="239,1253 404,1253 451,1244 495,1244 527,1243 625,1243 647,1245 813,1245 842,1240 894,1240 915,1240 1143,1240 1170,1237 1290,1237 1318,1237 1361,1237 1389,1237 1447,1237"/>
<TextEquiv><Unicode>gerechnet. Im ersten Schrecken der Varusschlacht wurden sie von</Unicode></TextEquiv>
</TextLine>

<TextLine id="line_22">
<Coords points="239,1263 388,1263 408,1261 560,1261 582,1261 651,1261 673,1260 782,1260 802,1258 982,1258 1010,1257 1089,1257 1110,1258 1181,1258 1201,1264 1258,1264 1280,1255 1375,1255 1395,1255 1447,1255 1447,1283 1395,1283 1375,1283 1280,1283 1258,1285 1201,1285 1181,1285 1110,1285 1089,1286 1010,1286 982,1295 802,1295 782,1289 673,1289 651,1290 582,1290 560,1298 408,1298 388,1300 239,1300 239,1263"/>
<Baseline points="239,1300 388,1300 408,1298 560,1298 582,1290 651,1290 673,1289 782,1289 802,1295 982,1295 1010,1286 1089,1286 1110,1285 1181,1285 1201,1285 1258,1285 1280,1283 1375,1283 1395,1283 1447,1283"/>
<TextEquiv><Unicode>Augustus aufgelöst, bald wieder hergestellt, dann aber von Galba be-</Unicode></TextEquiv>
</TextLine>

<TextLine id="line_23">
<Coords points="231,1311 346,1311 368,1320 418,1320 440,1311 470,1311 488,1309 613,1309 632,1308 720,1308 742,1307 851,1307 871,1305 1053,1305 1089,1304 1163,1304 1183,1302 1374,1302 1395,1301 1448,1301 1448,1330 1395,1330 1374,1338 1183,1338 1163,1333 1089,1333 1053,1335 871,1335 851,1336 742,1336 720,1337 632,1337 613,1338 488,1338 470,1339 440,1339 418,1340 368,1340 346,1348 231,1348 231,1311"/>
<Baseline points="231,1348 346,1348 368,1340 418,1340 440,1339 470,1339 488,1338 613,1338 632,1337 720,1337 742,1336 851,1336 871,1335 1053,1335 1089,1333 1163,1333 1183,1338 1374,1338 1395,1330 1448,1330"/>
<TextEquiv><Unicode>seitigt, um in anderer Form wieder aufzuleben. Eine Neubildung der</Unicode></TextEquiv>
</TextLine>

<TextLine id="line_24">
<Coords points="240,1358 461,1358 488,1355 660,1355 693,1355 757,1355 786,1354 913,1354 942,1353 989,1353 1016,1352 1130,1352 1157,1349 1370,1349 1399,1350 1447,1350 1447,1379 1399,1379 1370,1388 1157,1388 1130,1389 1016,1389 989,1382 942,1382 913,1383 786,1383 757,1383 693,1383 660,1385 488,1385 461,1395 240,1395 240,1358"/>
<Baseline points="240,1395 461,1395 488,1385 660,1385 693,1383 757,1383 786,1383 913,1383 942,1382 989,1382 1016,1389 1130,1389 1157,1388 1370,1388 1399,1379 1447,1379"/>
<TextEquiv><Unicode>germanischen Leibwache sind nämlich die equites singulares, ein</Unicode></TextEquiv>
</TextLine>

<TextLine id="line_25">
<Coords points="239,1404 412,1404 434,1403 641,1403 656,1401 894,1401 917,1401 1041,1401 1061,1402 1226,1402 1245,1399 1301,1399 1314,1398 1447,1398 1447,1427 1314,1427 1301,1428 1245,1428 1226,1437 1061,1437 1041,1430 917,1430 894,1438 656,1438 641,1438 434,1438 412,1433 239,1433 239,1404"/>
<Baseline points="239,1433 412,1433 434,1438 641,1438 656,1438 894,1438 917,1430 1041,1430 1061,1437 1226,1437 1245,1428 1301,1428 1314,1427 1447,1427"/>
<TextEquiv><Unicode>militärisch organisiertes Truppencorps, welches spätestens seit Hadrian</Unicode></TextEquiv>
</TextLine>

<TextLine id="line_26">
<Coords points="240,1451 357,1451 383,1450 443,1450 472,1458 525,1458 553,1449 776,1449 805,1448 972,1448 1000,1448 1058,1448 1089,1447 1219,1447 1243,1445 1447,1445 1447,1475 1243,1475 1219,1476 1089,1476 1058,1476 1000,1476 972,1477 805,1477 776,1485 553,1485 525,1478 472,1478 443,1479 383,1479 357,1480 240,1480 240,1451"/>
<Baseline points="240,1480 357,1480 383,1479 443,1479 472,1478 525,1478 553,1485 776,1485 805,1477 972,1477 1000,1476 1058,1476 1089,1476 1219,1476 1243,1475 1447,1475"/>
<TextEquiv><Unicode>besteht und aus freigeborenen Germanen und anderen Provinzialen</Unicode></TextEquiv>
</TextLine>

<TextLine id="line_27">
<Coords points="240,1499 523,1499 543,1497 581,1497 581,1526 543,1526 523,1534 240,1534 240,1499"/>
<Baseline points="240,1534 523,1534 543,1526 581,1526"/>
<TextEquiv><Unicode>zusammengesetzt ist.</Unicode></TextEquiv>
</TextLine>

<TextLine id="line_28">
<Coords points="320,1545 417,1545 448,1546 504,1546 530,1545 739,1545 768,1551 865,1551 894,1543 941,1543 963,1542 1132,1542 1155,1540 1235,1540 1255,1539 1326,1539 1346,1538 1444,1538 1444,1571 1346,1571 1326,1567 1255,1567 1235,1569 1155,1569 1132,1571 963,1571 941,1571 894,1571 865,1572 768,1572 739,1574 530,1574 504,1575 448,1575 417,1576 320,1576 320,1545"/>
<Baseline points="320,1576 417,1576 448,1575 504,1575 530,1574 739,1574 768,1572 865,1572 894,1571 941,1571 963,1571 1132,1571 1155,1569 1235,1569 1255,1567 1326,1567 1346,1571 1444,1571"/>
<TextEquiv><Unicode>Unter den Prätorianern waren die Germanen nicht oder kaum,</Unicode></TextEquiv>
</TextLine>

<TextLine id="line_29">
<Coords points="240,1595 317,1595 346,1595 417,1595 443,1595 530,1595 557,1593 613,1593 634,1591 821,1591 843,1591 895,1591 913,1589 1038,1589 1065,1588 1125,1588 1147,1585 1266,1585 1287,1585 1445,1585 1445,1618 1287,1618 1266,1616 1147,1616 1125,1617 1065,1617 1038,1626 913,1626 895,1619 843,1619 821,1628 634,1628 613,1622 557,1622 530,1622 443,1622 417,1623 346,1623 317,1624 240,1624 240,1595"/>
<Baseline points="240,1624 317,1624 346,1623 417,1623 443,1622 530,1622 557,1622 613,1622 634,1628 821,1628 843,1619 895,1619 913,1626 1038,1626 1065,1617 1125,1617 1147,1616 1266,1616 1287,1618 1445,1618"/>
<TextEquiv><Unicode>wohl aber unter den Hoftruppen der gentiles und scutarii vertreten,</Unicode></TextEquiv>
</TextLine>

<TextLine id="line_30">
<Coords points="240,1642 350,1642 372,1641 446,1641 459,1640 660,1640 682,1639 735,1639 748,1637 937,1637 957,1637 1001,1637 1016,1636 1119,1636 1142,1632 1295,1632 1316,1630 1447,1630 1447,1666 1316,1666 1295,1661 1142,1661 1119,1664 1016,1664 1001,1665 957,1665 937,1666 748,1666 735,1667 682,1667 660,1675 459,1675 446,1670 372,1670 350,1671 240,1671 240,1642"/>
<Baseline points="240,1671 350,1671 372,1670 446,1670 459,1675 660,1675 682,1667 735,1667 748,1666 937,1666 957,1665 1001,1665 1016,1664 1119,1664 1142,1661 1295,1661 1316,1666 1447,1666"/>
<TextEquiv><Unicode>welche nach Vernichtung der Prätorianer als Ersatz derselben gebildet</Unicode></TextEquiv>
</TextLine>

<TextLine id="line_31">
<Coords points="241,1690 361,1690 381,1688 454,1688 495,1687 547,1687 568,1686 616,1686 637,1686 702,1686 721,1685 801,1685 821,1681 1045,1681 1067,1681 1107,1681 1135,1678 1243,1678 1270,1677 1447,1677 1447,1713 1270,1713 1243,1707 1135,1707 1107,1708 1067,1708 1045,1713 821,1713 801,1714 721,1714 702,1714 637,1714 616,1716 568,1716 547,1716 495,1716 454,1717 381,1717 361,1719 241,1719 241,1690"/>
<Baseline points="241,1719 361,1719 381,1717 454,1717 495,1716 547,1716 568,1716 616,1716 637,1714 702,1714 721,1714 801,1714 821,1713 1045,1713 1067,1708 1107,1708 1135,1707 1243,1707 1270,1713 1447,1713"/>
<TextEquiv><Unicode>worden sind. Als die Zeit ihrer Vorherrschaft im Reiche gekommen</Unicode></TextEquiv>
</TextLine>

<TextLine id="line_32">
<Coords points="241,1744 313,1744 342,1736 513,1736 539,1734 586,1734 613,1733 781,1733 809,1731 883,1731 911,1731 942,1731 969,1729 1021,1729 1048,1725 1234,1725 1261,1725 1315,1725 1335,1725 1447,1725 1447,1755 1335,1755 1315,1754 1261,1754 1234,1761 1048,1761 1021,1757 969,1757 942,1758 911,1758 883,1760 809,1760 781,1762 613,1762 586,1762 539,1762 513,1764 342,1764 313,1770 241,1770 241,1744"/>
<Baseline points="241,1770 313,1770 342,1764 513,1764 539,1762 586,1762 613,1762 781,1762 809,1760 883,1760 911,1758 942,1758 969,1757 1021,1757 1048,1761 1234,1761 1261,1754 1315,1754 1335,1755 1447,1755"/>
<TextEquiv><Unicode>war, erschienen die Germanen auch in der Nobelgarde der kaiser-</Unicode></TextEquiv>
</TextLine>

<TextLine id="line_33">
<Coords points="240,1782 337,1782 368,1784 563,1784 597,1781 688,1781 715,1780 821,1780 849,1778 907,1778 933,1775 1008,1775 1034,1782 1071,1782 1099,1773 1157,1773 1185,1772 1448,1772 1448,1803 1185,1803 1157,1802 1099,1802 1071,1801 1034,1801 1008,1809 933,1809 907,1806 849,1806 821,1808 715,1808 688,1809 597,1809 563,1819 368,1819 337,1812 240,1812 240,1782"/>
<Baseline points="240,1812 337,1812 368,1819 563,1819 597,1809 688,1809 715,1808 821,1808 849,1806 907,1806 933,1809 1008,1809 1034,1801 1071,1801 1099,1802 1157,1802 1185,1803 1448,1803"/>
<TextEquiv><Unicode>lichen protectores, deren Dienst den Weg zu den einfluſsreichsten</Unicode></TextEquiv>
</TextLine>

<TextLine id="line_34">
<Coords points="243,1830 458,1830 479,1837 515,1837 537,1826 668,1826 687,1826 802,1826 802,1863 687,1863 668,1856 537,1856 515,1857 479,1857 458,1859 243,1859 243,1830"/>
<Baseline points="243,1859 458,1859 479,1857 515,1857 537,1856 668,1856 687,1863 802,1863"/>
<TextEquiv><Unicode>Staatsämtern zu eröffnen pflegte.</Unicode></TextEquiv>
</TextLine>

</TextRegion>
<TextRegion id="block_1" custom="structure {type:header;}">
<Coords points="510,126 510,163 1169,163 1169,126 510,126"/>
<TextLine id="line_35">
<Coords points="510,131 524,131 540,132 563,132 597,131 648,131 667,130 859,130 876,129 908,129 926,128 1066,128 1082,126 1169,126 1169,152 1082,152 1066,154 926,154 908,153 876,153 859,155 667,155 648,156 597,156 563,156 540,156 524,163 510,163 510,131"/>
<Baseline points="510,163 524,163 540,156 563,156 597,156 648,156 667,155 859,155 876,153 908,153 926,154 1066,154 1082,152 1169,152"/>
<TextEquiv><Unicode>§ 7. Das Germanentum im römischen Reich.</Unicode></TextEquiv>
</TextLine>

</TextRegion>
<TextRegion id="block_2" custom="structure {type:pageNum;}">
<Coords points="1404,124 1404,155 1443,155 1443,124 1404,124"/>
<TextLine id="line_36">
<Coords points="1404,124 1443,124 1443,155 1404,155 1404,124"/>
<Baseline points="1404,155 1443,155"/>
<TextEquiv><Unicode>37</Unicode></TextEquiv>
</TextLine>

</TextRegion>
<TextRegion id="block_3" custom="structure {type:note;}">
<Coords points="362,1930 362,1966 362,1966 362,2005 362,2009 242,2009 242,2047 242,2046 365,2046 365,2086 365,2086 242,2086 242,2125 1216,2125 1216,2086 1447,2086 1447,2086 1447,2046 1078,2046 1078,2047 1078,2009 1447,2009 1447,2005 1447,1966 984,1966 984,1966 984,1930 362,1930"/>
<TextLine id="line_37">
<Coords points="362,1937 547,1937 568,1931 869,1931 886,1930 902,1930 921,1930 951,1930 968,1931 984,1931 984,1955 968,1955 951,1954 921,1954 902,1954 886,1954 869,1964 568,1964 547,1966 362,1966 362,1937"/>
<Baseline points="362,1966 547,1966 568,1964 869,1964 886,1954 902,1954 921,1954 951,1954 968,1955 984,1955"/>
<TextEquiv><Unicode>Mommsen, Conscriptionsordnung S 12 f.</Unicode></TextEquiv>
</TextLine>

<TextLine id="line_38">
<Coords points="362,1976 545,1976 564,1973 701,1973 711,1970 883,1970 894,1970 927,1970 939,1970 1043,1970 1055,1971 1115,1971 1125,1970 1185,1970 1204,1967 1368,1967 1384,1966 1447,1966 1447,1991 1384,1991 1368,1996 1204,1996 1185,2001 1125,2001 1115,1996 1055,1996 1043,1996 939,1996 927,1994 894,1994 883,1994 711,1994 701,1998 564,1998 545,2005 362,2005 362,1976"/>
<Baseline points="362,2005 545,2005 564,1998 701,1998 711,1994 883,1994 894,1994 927,1994 939,1996 1043,1996 1055,1996 1115,1996 1125,2001 1185,2001 1204,1996 1368,1996 1384,1991 1447,1991"/>
<TextEquiv><Unicode>Mommsen, Schweizer Nachstudien im Hermes XVI 458; derselbe, Con-</Unicode></TextEquiv>
</TextLine>

<TextLine id="line_39">
<Coords points="242,2015 489,2015 507,2022 529,2022 547,2013 575,2013 593,2012 609,2012 626,2011 666,2011 699,2009 886,2009 903,2017 924,2017 943,2010 971,2010 990,2011 1006,2011 1023,2011 1078,2011 1078,2035 1023,2035 1006,2035 990,2035 971,2035 943,2035 924,2035 903,2035 886,2041 699,2041 666,2035 626,2035 609,2036 593,2036 575,2038 547,2038 529,2039 507,2039 489,2047 242,2047 242,2015"/>
<Baseline points="242,2047 489,2047 507,2039 529,2039 547,2038 575,2038 593,2036 609,2036 626,2035 666,2035 699,2041 886,2041 903,2035 924,2035 943,2035 971,2035 990,2035 1006,2035 1023,2035 1078,2035"/>
<TextEquiv><Unicode>scriptionsordnung a. O. S 29. Marquardt a. O. S 488.</Unicode></TextEquiv>
</TextLine>

<TextLine id="line_40">
<Coords points="365,2055 414,2055 427,2055 524,2055 540,2059 614,2059 629,2051 662,2051 679,2049 866,2049 877,2050 963,2050 980,2050 1074,2050 1085,2047 1296,2047 1313,2046 1357,2046 1367,2046 1447,2046 1447,2070 1367,2070 1357,2071 1313,2071 1296,2079 1085,2079 1074,2075 980,2075 963,2075 877,2075 866,2080 679,2080 662,2074 629,2074 614,2083 540,2083 524,2079 427,2079 414,2086 365,2086 365,2055"/>
<Baseline points="365,2086 414,2086 427,2079 524,2079 540,2083 614,2083 629,2074 662,2074 679,2080 866,2080 877,2075 963,2075 980,2075 1074,2075 1085,2079 1296,2079 1313,2071 1357,2071 1367,2070 1447,2070"/>
<TextEquiv><Unicode>„Es scheint sogar im gewöhnlichen Leben diesem Truppenkörper der Name</Unicode></TextEquiv>
</TextLine>

<TextLine id="line_41">
<Coords points="242,2092 286,2092 303,2093 441,2093 458,2093 588,2093 604,2098 635,2098 654,2088 729,2088 765,2088 947,2088 965,2090 1068,2090 1085,2088 1145,2088 1161,2086 1216,2086 1216,2111 1161,2111 1145,2112 1085,2112 1068,2114 965,2114 947,2120 765,2120 729,2113 654,2113 635,2114 604,2114 588,2125 458,2125 441,2118 303,2118 286,2115 242,2115 242,2092"/>
<Baseline points="242,2115 286,2115 303,2118 441,2118 458,2125 588,2125 604,2114 635,2114 654,2113 729,2113 765,2120 947,2120 965,2114 1068,2114 1085,2112 1145,2112 1161,2111 1216,2111"/>
<TextEquiv><Unicode>der Germanen geblieben zu sein.“ Mommsen, Hermes XVI 459.</Unicode></TextEquiv>
</TextLine>

</TextRegion>
</Page>
</PcGts>