1600 2404
234 265 1441 305 gleichen Teilen, aber zu gleichem Rechte, indem er seinem ältesten
237 311 1441 352 Sohne Karl den gröſsten Anteil zuwies . Falls dieser stürbe, sollten
237 359 1442 401 seine zwei jüngeren Söhne, Pippin und Ludwig, das Reich in derselben
229 405 1441 447 Weise teilen, wie es 768 geteilt worden war. Von einer Oberhoheit
236 453 1443 495 des Ältesten, von der Kaiserwürde, war damals nicht die Rede. Erst
237 501 1442 539 als er seine zwei älteren Söhne verloren und 812 die Anerkennung
238 547 1442 587 seiner Kaiserwürde vom byzantinischen Hofe erwirkt hatte, zog Karl
232 594 1443 634 der Groſse die Konsequenz des Kaisertums, indem er 813, sachlich
241 642 1444 683 und formell byzantinisches Vorbild nachahmend, Ludwig zum Mit-
238 688 1443 728 kaiser krönte und zum Nachfolger im Reiche bestimmte, während
239 735 1444 777 Pippins auſserehelicher Sohn, Bernhard, Italien als Unterkönigtum
239 783 1444 821 erhielt , wie es sein Vater besessen hatte. Auf denselben staats-
231 831 1445 869 rechtlichen Gedanken beruhte die ordinatio imperii , durch welche
240 879 1445 918 Ludwig I. im Jahre 817 die Thronfolge ordnete. Er erhob und krönte
242 928 1445 966 seinen ältesten Sohn Lothar zum Mitkaiser und Mitregenten und be-
240 978 1445 1016 stellte ihn als Nachfolger im ganzen Reiche. Die jüngeren Söhne
240 1026 1446 1064 wurden auf die Stellung von Unterkönigen beschränkt. Pippin sollte
237 1072 1447 1111 Aquitanien, Ludwig Baiern mit königlichem Namen verwalten. Jähr-
240 1119 1447 1155 lich sollen sie sich bei Lothar einfinden und mit ihm Regierungs-
241 1166 1447 1204 angelegenheiten beraten. Sie bedürfen der Zustimmung Lothars, um
241 1213 1446 1250 sich zu verheiraten, um Kriege zu führen, Frieden zu schlieſsen und
234 1259 1447 1297 mit Gesandten auswärtiger Mächte zu verhandeln. Hatte im Jahre 813
241 1307 1447 1346 nur das Bedürfnis vorgelegen, dem Gedanken der ungeteilten Reichs-
243 1354 1449 1394 verwaltung die Rücksichtnahme auf einen Enkel unterzuordnen, der
243 1402 1449 1440 nicht aus echter Ehe stammte, so galt es 817, zu Gunsten der kaiser-
242 1450 1449 1491 lichen Stellung Lothars das Recht der zwei jüngeren Söhne Ludwigs I.
243 1500 1450 1538 abzuschwächen. Der Sachlage hätte das Vorbild des Jahres 806 ent-
243 1548 1451 1588 sprochen. Allein die ordinatio von 817 ahmte die Entscheidung des
242 1596 1450 1626 Jahres 813 nach. Die Kaiseridee hatte inzwischen unter kirchlichem
243 1640 1451 1678 Einfluſs festeren Boden gewonnen. Damit die Kirche nicht Schaden
245 1686 1452 1724 leide, sagt die Ordnung von 817, dürfe die Einheit des Reiches nicht
247 1732 1452 1769 aus Familienrücksichten durch Teilung zerrissen werden . Das Kom-
234 191 272 220 28
690 186 1019 219 § 62. Die Thronfolge.
365 1809 1452 1843 Pippin wurde Italien, ein Teil von Schwaben und Baiern, Ludwig Aqui-
237 1847 1452 1882 tanien und das südliche Gallien mit dem gröſseren Teile Burgunds zugedacht.
241 1887 1242 1923 Vgl. Mühlbacher, Deutsche Gesch. unter den Karolingern S. 223.
369 1927 1392 1962 Ludwig I. lieſs sich 814 von Bernhard Hulde und Mannschaft leisten.
368 1967 1452 2002 So bezeichnet von Boretius, Cap. I 270, der sich mit Recht gegen die
246 2007 1454 2042 Bezeichnung divisio imperii erklärt, da sie ausdrücklich sagt, daſs sie keine
244 2049 501 2076 divisio sein wolle.
369 2087 1454 2122 … nequaquam nobis nec his, qui sanum sapiunt, visum fuit, ut amore
245 2126 1453 2160 filiorum aut gratia unitas imperii a Deo nobis conservati divisione humana
246 2166 1368 2197 scinderetur, ne forte hac occasione scandalum in sancta ecclesia oriretur.
