1600 2404
532 166 1035 204 § 67. Königstreue und Huldigung.
260 241 1388 288 Bei der Forderung des allgemeinen Treueides war es den frän-
180 289 1389 338 kischen Königen darum zu thun, die nach Volksrecht bestehende Treu-
182 336 1389 386 pflicht nicht nur eidlich bekräftigen zu lassen, sondern auch zu erwei-
182 381 1391 431 tern und zu steigern. Dies zeigt schon die Verwandtschaft der
182 429 1392 475 Eidesformeln mit dem dienstlichen Treueid. Besonders deutlich geht
184 477 1392 529 aber jene Absicht aus der ausführlichen Belehrung hervor, welche
184 526 1393 570 Karl der Groſse 802 über die durch den Treueid auferlegten Pflichten
185 574 1393 626 gab . Irrig sei die von vielen behauptete Meinung, daſs der Eid
185 621 1394 665 nur für die Lebenszeit des Kaisers verbinde (eine Auffassung, die
187 669 1394 718 allerdings für den vassallitischen Eid berechtigt war). Irrig ebenso
188 717 1396 764 die Ansicht, daſs der Treueid nur zur Vermeidung von Landesverrat
188 765 1396 815 verpflichte. Er schlieſse vielmehr in sich die Erfüllung der religiösen
191 813 1396 860 Pflichten, die Beachtung des besonderen Friedens, in welchem Kirchen,
188 860 1397 910 Witwen, Waisen und Pilger stehen, die Pflicht, das Recht nicht zu
193 907 1397 952 verkehren und die Gerechtigkeit zu fördern, die Vermeidung von Ein-
190 954 1397 1006 griffen in das Fiskalgut und die Pflicht, kaiserliche Benefizien nicht in
190 1000 1398 1053 Eigengut zu verwandeln, endlich den Gehorsam gegen den Bann des
193 1053 1087 1101 Königs, insbesondere die Erfüllung des Heerbannes.
272 1096 1399 1141 Die aus dem Treueid abgeleiteten Pflichten blieben nicht be-
194 1145 1401 1191 schränkt auf solche, über die das Volk vor der Huldigung belehrt
193 1194 1401 1237 worden war. Die Unterthanen muſsten auch nachträglich noch ein-
193 1241 1403 1285 zelne Pflichten auf den früher geleisteten Treueid übernehmen. Ein
194 1289 1402 1341 Kapitular von 853 verpflichtet die Unterthanen bei ihrem Treueide,
195 1336 1402 1382 Diebe und Räuber anzuzeigen und bei ihrer Verfolgung zu helfen .
197 1385 1404 1434 Im Rügeverfahren und bei Aufnahme eines Inquisitionsbeweises, na-
197 1430 1404 1476 mentlich in Fiskalsachen, werden die aufgebotenen Zeugen nicht selten
198 1477 1230 1525 bei ihrem Treueide verpflichtet, die Wahrheit auszusagen .
278 1525 1405 1568 Ein staatsmännischer Gedanke war die ungemessene Ausdehnung
199 1573 1406 1623 der Treupflicht sicherlich nicht, weil sie dem Unterthanenverbande
200 1621 1407 1666 durch die Hereinziehung religiöser und sittlicher Pflichten jede ju-
200 1670 1408 1715 ristische Grundlage entzog. Die Verletzung einer derartig verflachten
1349 162 1387 191 63
203 1763 1409 1800 mutlich in der ersten Hälfte des zehnten Jahrhunderts aufgezeichnet wurde, schwört
202 1802 1409 1839 der Mann: volo esse domino meo N. fidelis et credibilis et amare, quae amet, ab-
203 1840 1408 1883 soniare (áscúnian, meiden), quae absoniet … Vgl. die von Waitz VG VI 49,
204 1879 1409 1918 Anm. 5 aus den Annales Altahenses zu 1041 angeführte Formel eines Lehnseides:
205 1920 1410 1959 ut tam fidelis illi maneret, quam miles seniori esse deberet, omnibus amicis eius
205 1960 1411 2000 fore se amicum, inimicis inimicum. Der Eid, den Wilhelm der Eroberer verlangte
207 2000 1308 2040 (Schmid S. 354), ist den westfränkischen Eiden von 858 und 872 verwandt.
332 2042 1058 2082 Cap. missorum generale v. J. 802, c. 2—9, I 92 f.
330 2082 1067 2114 Karoli II. Conv. Silvacensis c. 4, Pertz, LL I 424.
286 2113 1412 2158 H. Brunner, Zeugen- und Inquisitionsbeweis S. 151 ff. Derselbe, Ent-
208 2160 1100 2197 stehung der Schwurgerichte S. 116. Siehe unten § 117. 121.
