1600 2404
229 249 1432 288 Kirchen, Witwen, Waisen und „homines minus potentes“ allgemein
232 295 1430 335 unter dem Sonderfrieden des Königs  und ist auf jeden an ihnen
229 344 1431 382 begangenen Friedensbruch die königliche Bannbuſse gesetzt. Unab-
228 390 1430 430 hängig von dem Königsfrieden, welcher einer Person und damit auch
225 437 1431 476 ihrem Vermögen durch den Königsbann gewirkt ist, kann durch
224 485 1430 523 ihn einzelnen Vermögensobjekten, insbesondere Grundstücken, ein
226 532 1429 572 höherer Friede zu teil werden. In rein dinglicher Anwendung findet
227 579 1429 620 sich der Königsbann auch bei der Fronung unbeweglichen Gutes ,
227 625 1429 662 bei dem Rechtsstreit um Liegenschaften  und in nachfränkischer Zeit
229 668 1429 714 bei der Übereignung von Grundstücken im Wege gerichtlicher Auf-
228 720 1431 759 lassung. Unter den Gesichtspunkt des dinglichen Friedensbannes fällt
226 767 1432 809 ferner der Wildbann, die Einforstung von Wäldern und Gewässern, die
228 815 1429 855 sie in Bannwälder und Bannwässer verwandelt, in welchen zu jagen
230 863 1429 903 oder zu fischen dritten bei Bannbuſse verboten ist . Ebenso gehört
228 912 1428 952 in gewissem Sinne der höhere Friede hierher, durch den in karolingi-
229 962 1430 1001 scher Zeit die kirchliche Immunität gegen Verletzungen geschützt
224 1010 341 1039 wird .
307 1057 1428 1094 Der Verwaltungsbann ist der Durchführung der Rechtsord-
224 1104 1431 1140 nung, sowie der Aufrechthaltung und Förderung des Gemeinwohls
225 1151 1430 1188 gewidmet; insbesondere hat er die Verbindlichkeit der Unterthanen
226 1196 1428 1236 zur Erfüllung öffentlicher Pflichten im Einzelfalle festzustellen, aufzu-
226 1243 1429 1282 erlegen und die Pflichterfüllung zu erzwingen, das Versäumnis zu be-
227 1290 1430 1326 strafen. Dabei fällt ins Gewicht, daſs die öffentliche Pflicht durch den
228 1338 1431 1376 Bann im Einzelfalle nicht erst geschaffen wird, sondern bereits durch
227 1386 1430 1426 allgemeinen Rechtssatz gegeben ist. So bestand z. B. nach Volksrecht
229 1435 1428 1475 die allgemeine Heerpflicht, während das Banngebot des Königs be-
226 1484 1430 1521 stimmte, ob und wann der einzelne Unterthan sie zu erfüllen habe.
227 1533 1431 1571 Nach den drei Hauptgebieten der Verwaltung: Heerwesen, Gerichts-
226 172 264 201 38
657 170 999 201 § 64. Der Königsbann.
225 1640 1431 1672 und auf den Versuch, der Kirche einen Schutzhörigen zu entziehen, in Lex Rib.
226 1679 1432 1711 58, 2. 13 eine Buſse von 60 Solidi gesetzt ist: quia inlicitum ducimus, quod eccle-
227 1719 935 1750 siis concessimus, iterum ab ecclesiis revocare.
349 1756 1430 1792 Cap. v. J. 801—813 c. 2, I 171: ut ecclesiae, viduae, pupilli per ban-
226 1795 1430 1831 num regis pacem habeant. Eine Folge dieses Friedens ist die in Lex Alam.
226 1835 1432 1867 I 2, B. Cod. 19—37 enthaltene Bestimmung: et si aliqua persona res malo ordine
228 1874 1429 1908 de ecclesia subtraxerit … 60 solidos pro fredo. Damit erledigen sich die Zweifel
226 1914 1432 1942 W. Sickels a. O. S. 23. Der höhere Friede der Kirche schlieſst auch das Kirchen-
225 1955 389 1986 gut in sich.
350 1994 619 2027 Siehe unten § 112.
352 2031 1432 2067 Form. Aug. Coll. B. nr. 40, Zeumer, Formulae S. 362. Cartul. Langob.
228 2072 1071 2105 form. 20, LL IV 601 (vgl. die Schluſsworte von form. 21).
348 2105 1293 2139 Über den fränkischen Wildbann siehe W. Sickel a. O. S. 41 ff.
347 2151 602 2182 Siehe unten § 94.
