1600 2367
505 144 1079 180 § 10. Das Wirtschaftsleben der Urzeit.
186 219 1392 273 der Almende ist die Markgenossenschaft, noch in jüngerer Zeit nicht
186 266 1392 322 selten ein gröſserer Verband als die Dorfschaft. Die Nutzungsrechte
186 313 1390 366 der Markgenossen waren ungemessene. Jeder hatte das Recht, Vieh
187 358 1390 411 auf die Weide, Schweine auf die Mast zu treiben, Bau- und Brenn-
184 406 1390 464 holz zu fällen, zu jagen und zu fischen, ja sogar die Befugnis der
185 453 1389 507 Rodung und Landnahme. Der Boden, den der Einzelne durch Urbar-
185 502 1387 554 machung dem Walde abgewann und „einfing“ (bifanc), war sein Sonder-
184 549 1387 601 eigentum und wurde etwa mit einem Vorwerk besetzt, das ein Knecht
183 595 1080 639 oder ein Höriger des Eigentümers bewirtschaftete .
263 642 1386 699 Wo die Ansiedlung in Einzelhöfen geschah, bilden die vereinigten
183 686 1385 739 Siedler den wirtschaftlichen Verband der Bauerschaft. Auch hier er-
181 732 1385 786 folgte bei der ersten Niederlassung die Landnahme durch die Gesamt-
181 780 1384 834 heit, auch hier schälte sich also das Sondereigentum aus dem Rechte
181 828 1385 882 der Gemeinde heraus. Allein das Recht des einzelnen erhielt hier
180 875 1384 939 sofort gröſseren Umfang und gröſseren Inhalt. Die Sondernutzung
178 925 1382 982 muſste bei der Lage der einzelnen Hofstätten alsbald wenigstens einen
179 971 1381 1028 Teil des Ackerlandes ergreifen , so daſs das Sondereigentum nicht
177 1020 1381 1073 bloſs die Hofstätte, sondern auch Ackerland umfaſste und das Ge-
176 1067 1381 1120 samtrecht der Bauerschaft sich als Eigentum nur in dem der Al-
176 1112 1380 1170 mende verbleibenden Gebiete äuſserte. Die sämtlichen Rechte, die
176 1159 1383 1217 der einzelne Genosse der Dorfschaft oder Bauerschaft in Bezug auf
175 1206 1378 1266 Grund und Boden besaſs, also die Eigentums- und Nutzungsrechte,
175 1254 1379 1307 wie sie an der Hofstätte, am Ackerlande und an der Almende be-
173 1301 1379 1355 standen, faſst später der Ausdruck Hufe, hoba, huoba als wirtschaft-
172 1348 1377 1404 liche Einheit zusammen . Die Hufe stellt sich als das normale Maſs
173 1395 1377 1451 des Besitztums dar, welches der Leistungsfähigkeit und den Bedürf-
171 1443 923 1488 nissen der Durchschnittsfamilie entspricht .
251 1490 1375 1545 Jüngere Quellen  und die Zustände, wie sie in einzelnen Strichen
190 141 230 170 62
288 1594 1374 1638 Es steht nichts im Wege, ein solches Recht der Rodung schon für die
168 1632 1237 1672 Zeit anzunehmen, da noch die Feldgemeinschaft normale Besitzform war.
290 1673 1372 1719 Gegen Gierke I 70, der eine Feldgemeinschaft bei Einzelhofsystem für
168 1710 772 1748 undenkbar erklärt, s. Waitz, VG I 132.
289 1749 1370 1798 Waitz, Über die altdeutsche Hufe, 1854. Vgl. Heusler, Instit. des
168 1787 1372 1838 deutschen Privatrechts I 263. Das Wort fehlt dem Nordischen, dem Angelsächsi-
167 1827 845 1862 schen und ist im Gotischen nicht nachweisbar.
286 1866 1370 1918 Der angelsächsische Ausdruck für Hufe ist hîd (gelegentlich auch hîwisc)
165 1905 1369 1951 und wird mit familia wiedergegeben. Schmid, Gesetze der Ags. S 610. Er ist
164 1945 1368 1995 nicht von hŷde (Haut), sondern von hîw (familia) abzuleiten und bedeutet „einen
163 1983 1005 2023 Landkomplex groſs genug, um eine Familie zu ernähren“.
284 2025 1366 2073 Namentlich nordische. Hanssen I 1 ff. 123 ff. und die bei Waitz, VG
162 2062 1366 2109 I 117 Anm 4, I 118 Anm 1 zitierte Litteratur. Über die Fortdauer der Feld-
162 2103 1365 2151 gemeinschaft in fränkisch-salischen Gegenden Schröder, Forschungen XIX
