1600 2404
178 267 1385 304 unter den steigenden Einfluſs der Groſsen des Reiches . Sie üben
181 312 1386 352 die Befugnis, den neuen König durch feierliche Thronerhebung (ele-
178 360 1385 399 vatio) in die Herrschaft einzusetzen, und gewinnen, indem sie die her-
179 408 1384 446 gebrachte Sitte der Erbteilungen auſser Acht lassen, das Recht, den
180 455 1384 493 erledigten Thron durch das von ihnen ausgewählte Mitglied des Königs-
179 502 1384 539 geschlechtes zu besetzen . Sache des Hausmeiers war es, bei Un-
177 550 1384 588 mündigkeit des Königs die Groſsen zur Thronerhebung einzuberufen .
178 596 1384 636 Ein rechtlich erheblicher Wahlakt scheint nicht stattgefunden zu haben.
178 643 1383 677 Die formlos verabredete Wahl fand ihren Ausdruck in der elevatio.
178 689 1384 729 Schlieſslich wich das Recht der Groſsen dem Rechte der Hausmeier,
177 737 1385 778 den König nach Gutdünken aus dem Geschlechte der Merowinger zu
177 786 1386 827 ernennen und zu erheben . Da der eigentliche Gegenstand der
179 829 1385 872 Teilungen von je die Reichsverwaltung war, so wurde in der Zeit der
177 875 1383 919 Hausmeier nicht mehr das dekorative Königtum, sondern die erblich
178 922 818 961 gewordene Hausmeierwürde geteilt .
257 967 1384 1013 Die Erhebung Pippins zum König war zugleich die Erhebung
177 1014 1383 1056 seines Hauses zum fränkischen Königsgeschlechte . Um die Aus-
178 1063 1384 1108 schlieſsung der Söhne seines Bruders Karlmann von der Thronfolge
178 1112 1382 1159 sicherzustellen , lieſs Pippin die fränkischen Groſsen vom Papste 754
179 1162 1383 1201 ausdrücklich verpflichten, daſs sie sich niemals aus der Nachkommen-
179 1210 1383 1251 schaft eines anderen einen König setzen würden. In dem neuen
177 1257 1382 1301 Königshause wurde die Reichsverwaltung zunächst ebenfalls zu gleichen
178 1305 1383 1347 Teilen und zu gleichem Rechte geteilt. In dieser Weise teilte sie
177 1354 1159 1392 Pippin 768 zwischen seinen Söhnen Karl und Karlmann.
259 1403 1383 1440 Die Erneuerung des abendländischen Kaisertums führte zu Kon-
177 1450 1382 1488 sequenzen, mit welchen sich das hergebrachte Teilungsprinzip nicht
177 1495 1381 1531 vertrug. Denn die Universalmonarchie, wie sie das Kaisertum dar-
178 1540 1381 1582 stellen sollte, verlangte die Individualsuccession. Karl der Groſse hatte,
176 1580 1382 1630 solange er mehrere Söhne besaſs, nicht die Absicht, mit dem Teilungs-
178 1638 1383 1679 grundsatze zu brechen. Er verfügte 806 eine Teilung zwar zu un-
1346 189 1384 219 27
616 188 942 220 § 62. Die Thronfolge.
297 1733 766 1762 Waitz, VG II 1 S. 160. 167 ff.
298 1773 551 1798 Siehe oben S. 19.
297 1810 1260 1846 Siehe die oben S. 18 Anm. 24 citierte Stelle der Vita Leodegarii.
296 1849 1382 1885 Liber Hist. Franc. c. 53 von Karl Martell: regemque sibi statuit Chlotha-
175 1886 1381 1925 rium nomine. Childerich III. sagt in einer Urkunde, Pertz, Dipl. M. 97, von Karl
176 1924 1381 1964 Martell: qui nobis in solium regis instituit. Auf die trübe Nachricht der späten
177 1963 1381 2004 Vita Dagoberti III c. 2, SS rer. Mer. II 512: Pippinus princeps omnisque exercitus
177 2001 1161 2043 Francorum Hildebertum elegit in regem, ist kein Gewicht zu legen.
298 2045 552 2080 Siehe unten § 72.
297 2084 1382 2122 Nach Fredegarii Cont. 33 (117) wurde Pippin una cum regina Bertradane
178 2118 610 2160 erhoben (sublimatur in regno).
296 2160 1267 2198 Mühlbacher, Deutsche Geschichte unter den Karolingern S. 65.
