1600 2404
202 256 1406 294 Lebzeiten einen Mitregenten bestellte. Die Berufung zur Mitherrschaft
191 302 1385 343 haben gelegentlich auch germanische, namentlich westgotische Könige
203 349 1405 388 angewendet, um Thronstreitigkeiten vorzubeugen . Aber feste Praxis
202 395 1406 434 wurde sie nicht, sondern blieb Ausnahme von der Regel. Als solche
203 442 1405 484 behauptete sich im allgemeinen die Wahl von Seite des Volkes, welche
207 490 1408 527 in den Reichen, die den Grundsatz der Teilbarkeit nicht aufkommen
200 537 1406 576 lieſsen, schlieſslich über das Erbrecht siegte. Am entschiedensten
203 581 1406 622 war das im Reiche der Westgoten der Fall, wo Konzilienschlüsse des
203 631 1407 669 siebenten Jahrhunderts (seit 633) ein völlig unbeschränktes Wahlrecht
203 678 1407 716 voraussetzen, das im wesentlichen durch die hohe Geistlichkeit und
203 721 1408 771 den gotischen Adel ausgeübt wird . Ähnlich war die Entwicklung
204 773 1408 815 bei den Langobarden nach vorübergehenden Ansätzen zur Erblichkeit,
205 821 1409 861 die 661 zu einem völlig vereinzelten Falle einer Erbteilung geführt
202 869 1405 908 hatten . Auch das Königtum der Ostgoten ist zuletzt ein reines
204 919 632 955 Wahlkönigtum geworden.
286 966 1409 1000 Bei verschiedenen Stämmen hat sich die Teilbarkeit der Herr-
209 1012 1409 1054 schergewalt durchgesetzt. Die Teilung schloſs zwar die Wahl oder
196 1064 1409 1099 Anerkennung durch das Volk nicht grundsätzlich aus, konnte sie aber
205 1110 1409 1147 entbehrlich machen und lieſs daher eine soweit gehende Steigerung
206 1156 1409 1193 des Erbprinzips zu, daſs die Volkswahl nur noch ausnahmsweise, ins-
206 1203 1408 1243 besondere bei dem Aussterben des Herrschergeschlechtes, praktisch
207 1249 1408 1285 wurde. Die Teilbarkeit findet sich bei den Burgundern bis auf Gun-
199 1296 1409 1334 dobad , bei den Thüringern , im alemannischen  und im bairischen
206 1344 1195 1383 Herzogsgeschlechte , insbesondere aber bei den Franken.
286 1393 1409 1430 Die Salier standen vor der Reichsgründung unter einer Mehrheit
200 179 239 208 24
637 176 964 210 § 62. Die Thronfolge.
312 1487 1409 1521 Pflugk-Harttung, Z.2 f. RG XI 189. 198. Die Bestellung zum Mit-
204 1528 1409 1563 regenten ist selbstverständlich von der auf germanischer Sitte beruhenden Bestellung
205 1569 1124 1599 zum Unterkönig über einen Teil des Reiches zu unterscheiden.
313 1600 1408 1639 Über die Rolle, welche die Nachahmung der römisch-byzantinischen Sitte
204 1645 1264 1676 in den Anfängen des karolingischen Kaisertums spielt, siehe unten § 70.
313 1683 847 1714 Dahn, Könige VI 521 Anm. 4. 524.
313 1723 1411 1753 Nach dem Tode Ariperts war das Reich unter seine beiden Söhne, Perhtarit
205 1760 1079 1793 und Godepert, geteilt worden. Paulus, Hist. Langob. 4, 51.
318 1800 699 1826 Siehe oben I 332 Anm. 1.
314 1838 1409 1871 Greg. Tur. Hist. Franc. III 4: tunc apud Thuringos tres fratres regnum gentis
206 1876 1410 1911 illius retinebant. Nach einer Vermutung Seelmanns sind unter den Königen der
205 1917 1409 1952 Heruler, Warnen und Thüringer, an welche König Theoderich schreibt (oben I 46),
205 1956 1409 1990 die drei Söhne Bisinos, Baderich, Hermanfrid und Berthachar zu verstehen, die
206 1995 1304 2050 das Reich ihres Vaters geteilt hatten. Weiland, Die Angeln 1889, S. 25.
314 2037 561 2066 Lex Alam. 35, 2.
313 2076 1411 2110 Lex Baiuw. II 9. Vgl. II 1: si quis contra ducem suum, quem rex ordi-
204 2112 1410 2151 navit .. aut populus sibi elegerit ducem .. Über Teilungen im Hause der Agilol-
205 2156 845 2189 finger siehe Riezler, Gesch. Baierns I 79.
