1600 2367
284 233 1482 272 mente , Wappen, Siegel, Münzen und sogenannte Altertümer . Dazu
284 280 1482 319 kommen noch die Denkmäler der germanischen und romanischen Litte-
286 328 1483 368 ratur, soweit sie nicht unter die bereits aufgezählten Quellen fallen, ins-
287 374 1485 413 besondere die Dichtungen des Mittelalters . Für die ältere Zeit, da
287 420 1484 463 die Hauptquellen spärlich flieſsen, haben die Nebenquellen bedeut-
288 470 1485 511 samen rechtsgeschichtlichen Wert. Für die germanische Periode, der
288 517 1485 557 es an Rechtsdenkmälern völlig gebricht, sind sie unsere einzige un-
288 563 759 603 mittelbare Erkenntnisquelle.
434 655 1340 693 § 4. Hilfsmittel und Hilfswissenschaften.
370 726 1487 767 Die Reihe der Hilfsmittel aufzuzählen, welche die für das Ver-
291 773 1487 817 ständnis der Quellen erforderliche philologische Vorbildung gewähren,
290 819 1487 863 ist hier nicht der Ort, doch mag es immerhin als zweckmäſsig er-
291 867 1488 910 scheinen, auf die gangbarsten Wörterbücher hinzuweisen, welche für
291 915 1488 957 die Sprachen und Mundarten vorliegen, deren Kenntnis das Studium
291 963 698 999 der Quellen voraussetzt.
371 1017 1491 1052 Ein recht brauchbares Wörterbuch älterer deutscher Rechtsausdrücke, welches
293 1054 1489 1088 schon längst eine ergänzende Umarbeitung verdient hätte, ist Christian Gottlob
293 1092 1158 1126 Haltaus, Glossarium Germanicum medii aevi, 2 Bde 1758.
375 1130 1491 1164 Für das mittelalterliche Latein, welches bis in das 13. Jahrhundert die
296 1167 1491 1204 Sprache der deutschen Rechtsquellen war, dient als unentbehrliches Hilfswerk:
295 1208 1491 1249 Carolus Du Fresne dominus Du Cange, Glossarium mediae et infimae latinitatis,
295 1248 1491 1286 mit den Zusätzen der Benedictiner, Carpentiers, Adelungs und anderer heraus-
295 1287 1491 1323 gegeben von G. A. L. Henschel, 1840 7 Bde. Ein aus den Glossen und Voka-
296 1327 1491 1365 bularien des Mittelalters zusammengestelltes Supplement ist Lorenz Diefen-
296 1366 1333 1406 bach, Glossarium Latino-Germanicum mediae et infimae aetatis, 1857 .
280 157 322 185 10
588 155 1180 186 § 4. Hilfsmittel und Hilfswissenschaften.
297 1452 1492 1495 in Betracht. Beispiele von solchen, die für die germanische Rechtsgeschichte be-
297 1491 1352 1531 deutsam sind, siehe in Z d. Savigny-Stiftung für Rechtsgeschichte V 226.
404 1532 1493 1573 Die sieben Nischen des Aachener Rathauses werden als ein Argument für
297 1571 1253 1611 die Siebenzahl der Kurfürsten zur Zeit seiner Erbauung verwertet.
404 1613 1493 1648 Lindenschmit, Die Alterthümer unserer heidnischen Vorzeit, 3 Bde 1858.
408 1652 1493 1691 Schröder, Corpus iuris germanici poeticum, Z f. d. Philologie I 257,
298 1689 1495 1730 II 302; derselbe, Z f. d. Altert. XIII 139, Z f. RG VII 131. Loersch, Der
298 1727 1495 1770 Prozeſs in der Mörin des Hermann von Sachsenheim, aus dem Bonner Festgruſs
299 1765 1494 1805 an Homeyer 1871. Dreyer, Vom Nutzen des trefflichen Gedichtes Reineke de
299 1803 1495 1853 Voſs in Erklärung der deutschen Rechtsaltertümer, insonderheit des ehemaligen
300 1843 1495 1887 Gerichtswesens, Nebenstunden I 1764. Pfeffer, Die Formalitäten des gottes-
299 1881 1495 1927 gerichtlichen Zweikampfs in der altfranzösischen Epik, Z f. roman. Phil. IX.
299 1921 1496 1966 K. Lehmann u. Schnorr v. Carolsfeld, Die Njálssage, insbesondere in ihren
299 1960 754 1995 juristischen Bestandteilen, 1883.
407 2000 1497 2045 Eine neue und vermehrte, auf zehn Bände berechnete Ausgabe des Du Cange
300 2037 1498 2084 hat Léopold Favre zu veröffentlichen begonnen, von welcher seit 1883 sieben
301 2076 1497 2123 Bände erschienen sind. Die eigenen Zusätze dieser Ausgabe sind meistens, nament-
300 2115 1051 2156 lich in dem ersten Bande, von zweifelhaftem Werte.
