1600 2404
591 169 1095 203 § 67. Königstreue und Huldigung.
320 246 1446 286 Bei diesen Huldigungen schwuren die geistlichen und weltlichen
240 294 1445 338 Beamten, alle freien Leute, die das zwölfte Lebensjahr vollendet
239 342 1445 379 hatten, die Hintersassen des Fiskus, der Kirchen und der weltlichen
239 388 1445 427 Groſsen, ja auch die Unfreien, welche Benefizien oder Ämter besaſsen
238 437 1445 480 oder als Vassallen dienten und zum Reiterdienste fähig waren. Zur
239 485 1444 528 Ergänzung der allgemeinen Huldigung wurde der Treueid gelegent-
237 531 1443 572 lich der eben herangewachsenen Jugend abgenommen, die den Eid bis
237 578 942 609 dahin noch nicht hatte leisten können .
318 625 1444 670 Die Nachfolger Karls des Groſsen verloren in der Häufung der
238 673 1442 711 Vereidigungen nicht nur das politische, sondern auch das sittliche Maſs.
235 719 1446 761 Im Jahre 833 muſste Ludwig I. bei seiner Absetzung den Vorwurf
234 766 1441 807 erdulden, daſs er durch die Forderung widersprechender Treueide
235 814 1440 852 Anlaſs zu Meineiden gegeben habe . Die verschiedenen Reichs-
233 861 1441 907 teilungen und Teilungsprojekte, die zahlreichen Gebietsveränderungen
233 910 1440 950 der Teilreiche dienten als Vorwand, den Eid immer aufs neue zu ver-
232 960 1440 1002 langen. Natürlich konnte der Erfolg kein anderer sein, als daſs das
232 1008 1439 1050 Staatsgefühl geschwächt und die Treue, je öfter beschworen, um so
234 1057 651 1093 weniger gehalten wurde.
312 1103 1440 1143 Eine Formel des Treueides hat uns die merowingische Zeit nicht
231 1149 1438 1191 überliefert. Doch ist sicher bezeugt, daſs die Merowinger sich von
233 1196 1436 1236 den Unterthanen Treue und Mannschaft ‚fidelitatem et leudesamio’
231 1243 1438 1285 versprechen lieſsen . Aus karolingischer Zeit sind uns die Eides-
230 1291 1436 1331 formeln von 789, 802 , 854, 858 und 872 überliefert. Die von 789
230 1340 1437 1382 lautet: ich verspreche dem König Karl und seinen Söhnen, daſs ich
230 1389 1436 1429 treu bin und sein werde Zeit meines Lebens ohne Trug und Hinter-
229 1436 1437 1480 halt . Nach dem etwas ausführlicheren Formular von 802 verspricht
229 1485 1435 1525 der Schwörende so treu zu sein, als von Rechts wegen der Mann dem
228 1532 1435 1574 Herrn sein soll . Karl dem Kahlen wurde 854 geschworen: fidelis
240 169 279 198 60
310 1608 903 1641 Cap. Theod. II. v. J. 805, c. 9, I 124.
351 1646 1117 1683 Episcoporum relatio Compendiensis c. 5, Cap. II 54.
350 1685 1434 1718 Marculf I 40. Dem fränkischen Ausdrucke leudesamio würde ein im Alt-
228 1724 1434 1762 hochdeutschen nicht nachweisbares liutsamî entsprechen, ein Abstraktum abgeleitet
227 1763 1433 1800 von einem gleichfalls nicht bezeugten Adjektivum liutsam (vgl. Grimm, Grammatik
227 1802 1440 1840 II 573), wie gehôrsamî, leidsamî, arbeitsamî von gehôrsam, leidsam, arbeitsam.
227 1841 1041 1875 Eine freundliche Mitteilung des verewigten W. Scherer.
349 1881 854 1912 Vgl. Mühlbacher, Nr. 457 a. E.
349 1919 1431 1961 Legationis edictum v. J. 789, c. 18, Cap. I 62: sic promitto ego ille parti-
227 1959 1430 1996 bus domini mei Caroli regis et filiorum eius, quia fidelis sum et ero diebus vitae
225 1999 720 2032 meae sine fraude et malo ingenio.
348 2039 1429 2076 Cap. miss. spec. v. J. 802, I 101 i. f.: quod ab isto die inantea fidelis
224 2079 1430 2116 sum … sicut per drictum debet esse homo domino suo .. Ein zweites
224 2118 1431 2162 Formular, Cap. I 102, fügt hinzu: ad suum regnum et ad suum rectum, in Bezug
223 2158 766 2187 auf seine Herrschaft und sein Recht.
