1600 2367
533 152 1002 190 § 43. Die Leges Wisigothorum.
166 2163 1126 2192 Binding, Handbuch. II. 1. I: Brunner, Deutsche Rechtsgesch. I. 21
161 228 1369 277 lich umfangreich gewesen sein, denn die überlieferten Bruchstücke
161 278 1367 331 stammen aus der Reihe der Kapitel 276—336. Die meisten Frag-
160 326 1367 370 mente begegnen uns mehr oder minder umgearbeitet und in anderer
158 370 1364 423 Anordnung in der Lex Wisigothorum unter der Überschrift Antiqua, die
157 419 1364 466 übrigens noch bei zahlreichen Gesetzen erscheint, welche uns in den
157 466 617 503 Pariser Fragmenten fehlen.
235 514 1362 567 Die Entstehungszeit der Sammlung, welcher die Pariser Fragmente
155 561 1361 613 angehören, ist streitig. Was uns über die ältere westgotische Gesetz-
153 609 1360 660 gebung berichtet wird, beschränkt sich auf spärliche Angaben. Einzelne
153 656 1360 710 Gesetze scheint nach ihnen schon Theoderich I. (419—451) oder
152 704 1358 752 Theoderich II. (453—466) gegeben zu haben . Doch ist die Erinne-
150 755 1357 804 rung an diese Gesetze im Westgotenreiche früh entschwunden; denn
149 799 1357 854 Bischof Isidor von Sevilla († 636) bezeichnet bestimmt den König
147 847 1353 894 Eurich (466—484) als den ersten Gesetzgeber der Westgoten . Eine
147 894 1352 941 Verbesserung und Ergänzung der Gesetze Eurichs hat, nach demselben
145 943 1350 992 Isidor, der westgotische König Leovigild († 586) vorgenommen .
144 991 1349 1042 Auſserdem berichtet noch eine späte und nicht sehr lautere Quelle,
143 1039 1349 1088 die Weltchronik des Lukas von Tuy († 1250), König Reccared I.
143 1086 1349 1139 (586—601) habe im sechsten Jahre seiner Regierung die gotischen
142 1134 1099 1178 Gesetze in knapperer Fassung zusammenstellen lassen .
219 1184 1348 1230 In den Pariser Fragmenten sehen die meisten den Überrest der
140 1232 1345 1282 angeblich von Reccared I. vorgenommenen Redaktion des Westgoten-
137 1280 1344 1332 rechtes , andere schreiben sie Alarich II.  oder Leovigild , dagegen
136 1327 1343 1380 E. Th. Gaupp und Gustav Hänel  dem König Eurich zu. Leovigild
135 1375 1342 1427 kann sie nicht verfaſst haben, weil aus zwei Stellen hervorgeht , daſs
1310 166 1366 196 321
241 1483 1341 1529 Apollinaris Sidonius sagt in einem vor 468 abgefaſsten Briefe (II 12 éd.
133 1523 1339 1568 Baret) von einem Römer: leges Theodosianas calcans Theodoricianasque proponens.
130 1563 1336 1606 Es ist kein Grund die Nachricht als wertlos zu verwerfen, wie schon Gaupp und
130 1603 502 1636 Binding bemerkt haben.
239 1644 1336 1684 Chronicon seu hist. Gothorum zu 466 (aerae vulg.): sub hoc rege Gothi
129 1683 1335 1722 legum statuta in scriptis habere coeperunt; nam antea tantum moribus et consue-
127 1722 770 1756 tudine tenebantur. Hispania illustr. III 849.
234 1762 1333 1799 Isidor zu 570 (aerae vulg.): in legibus quoque ea, quae ab Eurico incon-
125 1801 1334 1845 dite constituta videbantur, correxit; plurimas leges praetermissas adiiciens, plerasque
124 1840 684 1875 superfluas auferens. Hisp. ill. III 850.
231 1882 1331 1917 Anno regni sui sexto Gothicas leges conpendiose fecit abbreviari. Das. IV 50.
231 1921 1329 1959 So Bluhme, Helfferich, Merkel, Stobbe, Dahn, v. Bethmann-
120 1959 273 1992 Hollweg.
228 2001 704 2035 Pétigny, Zöpfl und Walter.
228 2040 1325 2078 So Gaudenzi a. O. S 187.Lex Rom. Visig. S XCVI Anm 31.
228 2080 1326 2114 Nämlich Fr. 277: antiquos uero terminos sic stare iubemus sicut et bonae me-
116 2118 1325 2154 moriae pater noster in alia lege praecepit. Ferner ebendaselbst: omnes autem causas
