1600 2404
588 173 1075 207 § 68. Königshort und Königsgut.
231 248 1437 289 besitz des Königs . Schon die Lex Salica kennt den fiscus als einen
231 298 1435 337 der wenigen Begriffe und Ausdrücke, die sie dem römischen Rechts-
227 345 492 376 leben entlehnte.
309 394 1433 434 Es bildet einen der bezeichnendsten Züge der fränkischen Reichs-
229 441 1433 483 verfassung, daſs in vermögensrechtlicher Beziehung König, Königshaus
228 489 1432 532 und Reich nicht getrennte Rechtssubjekte sind, Privatgut des Königs,
228 534 1432 579 Hausgut des Geschlechtes, Krongut und Staatsgut nicht gesondert
228 582 1431 627 werden, weder im Erbgang, noch hinsichtlich der Verfügungsgewalt,
227 628 1431 674 noch in der Verwendung, sondern in dem Begriffe eines ungeteilten
225 677 1432 718 Fiskus zusammenflieſsen, dessen Eigentümer der König ist. Bei der
226 724 1428 768 festen Vererblichkeit des Thrones fehlte der Anlaſs zu Unterscheidungen,
226 770 1429 809 wie sie für den königlichen Nachlaſs seit der Mitte des siebenten Jahr-
225 819 1430 861 hunderts im westgotischen Wahlreiche zur Ausbildung gelangten . Der
225 866 1429 909 Frankenkönig verfügte einseitig über alle Bestandteile des Fiskus, über
225 914 1429 956 die Einkünfte wie über die Einkommensquellen, ohne daſs er der
224 965 1427 1009 Zustimmung des Volkes oder der Groſsen bedurft hätte, wie der angel-
224 1013 1428 1056 sächsische König bei der Verfügung über das Volkland , oder der
222 1061 1426 1101 Mitwirkung von Erben, wie sie bei Veräuſserung von Grundbesitz in
222 1107 1424 1148 deutschen Stammesgebieten rechtlich notwendig oder herkömmlich
222 1153 1425 1197 war. Da die Einkünfte des Reiches Einkünfte des königlichen Fiskus
223 1201 1423 1247 waren, trug dieser nicht nur die Kosten der königlichen Hausverwaltung,
220 1247 1422 1295 sondern auch die der Reichsverwaltung, so daſs z. B. aus dem Königs-
220 1295 1424 1335 gute einerseits die Aussteuer der Königstochter, andererseits der Unter-
219 1344 1381 1381 halt und die Dotierung der öffentlichen Beamten bestritten wurden.
299 1392 1425 1432 Die Einkünfte des fränkischen Königs knüpfen zum Teil an die
219 1441 1424 1478 Rechte des germanischen Volkskönigs an; zum Teil flieſsen sie aus
219 1489 1317 1528 Quellen, welche erst nach der Reichsgründung eröffnet wurden.
297 1536 1422 1579 Aus germanischer Zeit stammte die Sitte, dem König alljährlich
216 1582 1421 1627 Geschenke, dona annualia, darzubringen. Die passende Gelegenheit,
216 1628 1422 1670 sie abzuliefern, boten unter den Merowingern das Märzfeld , unter
215 1676 1422 1719 den Karolingern zuerst das Maifeld, dann namentlich die im Frühjahr
231 172 269 200 68
322 1756 1419 1794 Über die Anwendung des Wortes Waitz, VG II 2, S. 319. Fiskus heiſst
214 1801 1194 1832 auch und zwar schon in merowingischer Zeit die einzelne Domäne.
321 1841 1419 1875 Das achte Konzil von Toledo (653) unterscheidet zwischen Krongut und
214 1879 1418 1913 Privatgut des Königs; ersteres ist das von dem verstorbenen König durch den
211 1917 1416 1957 Regierungsantritt erworbene Vermögen, welches ausschlieſslich auf den Thronfolger,
211 1956 1417 1998 nicht auf die Erben des verstorbenen Königs übergehen soll. Die Unterscheidung
210 1996 1417 2031 beruht auf kirchlichem Einfluſs und ahmt, wie Dahn, Könige VI 256 mit Recht
210 2035 1271 2067 bemerkt, die Teilung des Nachlasses bei dem Tode eines Bischofs nach.
320 2074 575 2100 Siehe oben I 203.
320 2115 1415 2152 Chron. Lauriss. min. MG SS I 116: in die autem Martis campo secundum
211 2154 1161 2187 antiquam consuetudinem dona illis regibus a populo offerebantur.
