1600 2404
639 184 981 216 § 64. Der Königsbann.
291 261 1412 301 Die Banngewalt des Königs war in ihrer Anwendung an bestimmte
205 304 1411 348 Schranken gebunden, und es stand nicht in der Willkür des Königs,
201 353 1413 394 jeden beliebigen Inhalt in seinen Befehl aufzunehmen. Die Lex
208 400 1412 443 Ribuaria macht die Verwirkung der Bannbuſse davon abhängig, daſs
205 443 1409 490 der Übertreter des königlichen Befehles vom König rechtmäſsig „legibus“
207 497 1412 537 und zum Nutzen des Gemeinwesens gebannt worden sei. Die Grenzen
205 543 1413 583 der Banngewalt wurden also bestimmt durch das Herkommen und
205 590 1413 634 durch die allgemeine Rechtsanschauung, die in Bezug auf die Bedürf-
207 638 1413 680 nisse des Gemeinwesens, wie sie der König zu bestimmen hatte, ob-
207 685 1413 728 waltete. Allerdings sind diese Grenzen dehnbar; allein das ist bei
208 731 1414 771 Handhabung obrigkeitlicher Gewalt allenthalben und zu allen Zeiten
207 778 580 817 nicht anders gewesen.
290 826 1413 871 Die in ihrer Mannigfaltigkeit fast unerschöpflichen Bannfälle lassen
203 870 1413 917 sich in drei Hauptgruppen bringen, nämlich in die des Friedensbannes,
204 916 1099 963 des Verwaltungsbannes und des Verordnungsbannes.
290 963 1414 1007 Der Friedensbann dient dazu, um Personen oder Sachen einen
207 1009 1413 1059 höheren Frieden zu wirken. Er stellt wohl die älteste Anwendung
204 1057 1413 1104 des Bannes dar; denn auf ihm beruht der Dingfriede. Auf den
206 1108 1414 1155 höheren Frieden, den der König einzelnen Personen oder ganzen
210 1156 1414 1204 Klassen von Unterthanen bannt, geht der besondere Königsschutz des
204 1203 1413 1245 fränkischen Rechtes zurück. Schon Chlodovech hat während des west-
203 1253 1413 1298 gotischen Krieges die katholischen Kirchen, den Klerus und ihre
209 1301 1413 1348 Angehörigen durch Friedensbann in seinen Schutz (pax) aufgenommen .
206 1349 1413 1397 Der Friedensbann scheint auch der älteste nachweisbare Ausgangspunkt
204 1398 1413 1442 der Sechzigschillingbuſse zu sein . In karolingischer Zeit stehen
1372 185 1409 214 37
332 1489 1412 1527 Das Schreiben Chlodovechs an die Bischöfe in Cap. I 1 f. unterscheidet
207 1526 1413 1567 Personen, die in pace nostra, und solche, die extra pace gefangen genommen wur-
202 1565 1413 1605 den. In pace sind die zu Eingang des Briefes aufgezählten Personen. Ist eine
203 1605 1413 1649 dieser befriedeten Personen während des westgotischen Krieges in Gefangenschaft
208 1648 1413 1686 geraten, so soll sie auf königlichen Befehl freigegeben werden. Doch muſs durch
202 1687 1414 1728 Brief des Bischofs konstatiert werden, daſs der Gefangene zu den befriedeten
208 1726 1412 1768 Personen gehöre. Wurde eine Person gefangen, die extra pace stand, so steht es
201 1766 1411 1805 dem Bischof frei, durch Empfehlungsbrief (per apostolia) für ihn zu intervenieren,
202 1806 1412 1846 ohne daſs aber der König hinsichtlich des Erfolges sich im voraus bindet. Daſs
208 1844 1411 1887 in dem Satze: Nam de his, qui in pace nostra tam clerici quam laici subrepti fuis-
201 1887 1413 1927 sent, si veraciter agnoscitis, vestras epitolas (vestrae epistolae) . . ad nos dirigantur,
205 1922 1413 1963 hinter agnoscitis zu interpungieren sei, verdanke ich einer freundlichen Bemerkung
200 1960 363 1990 Zeumers.
326 2004 1411 2044 Die Lex Salica schützt die im Sonderfrieden des Königs (furban, siehe
208 2039 1411 2082 oben I 147, Anm. 22) befindliche Frau gegen Frauenraub durch die Brüche von
202 2076 1411 2124 62½ Solidi. In Lex Ribuaria 35, 3 ist dieser Betrag auf 60 Schillinge abge-
207 2118 1411 2160 rundet. Auf den königlichen Friedensbann führt es auch zurück, wenn auf Ver-
206 2152 1411 2201 letzung des durch einen Königsbrief übertragenen Grundbesitzes in Lex Rib. 60, 3
