1600 2404
610 172 1097 211 § 68. Königshort und Königsgut.
254 245 1457 304 den Charakter herzoglichen Fiskalgutes angenommen hatte, das lango-
254 293 1455 345 bardische Krongut, der ausgedehnte Grundbesitz, der in Sachsen durch
252 340 1456 397 Konfiskationen, vielleicht auch als ehemaliges Volkland, und derjenige,
253 388 1361 439 der durch die Errichtung neuer Reichsmarken gewonnen wurde.
330 438 1455 489 Karl der Groſse verlegte den Schwerpunkt des ganzen Finanz-
252 487 1456 533 wesens in die Verwaltung der königlichen Domänen . In hausväter-
250 531 1456 581 licher Weise kümmerte er sich um die Einzelheiten der Bewirt-
250 577 1456 636 schaftung; er selbst wollte entscheiden, ob ein altgewordener Hengst
252 627 1455 677 unter das Zugvieh einzustellen sei, ob die Gutsfrüchte, die nicht an
253 674 1455 723 die Pfalzen abgeliefert oder verbraucht worden waren, aufbewahrt oder
249 721 1454 770 verkauft werden sollen; er verlangte jährlichen Bericht über die Zahl
249 767 1452 824 der erlegten Wölfe. Ein umfangreiches Kapitular Karls des Groſsen,
248 812 1454 872 das Capitulare de villis , regelt die Details der Domänenverwaltung
248 863 1452 918 und bietet uns einen in rechtsgeschichtlicher wie in kulturgeschicht-
246 910 1452 962 licher Beziehung lehrreichen Einblick in den Wirtschaftsbetrieb der
244 960 555 998 königlichen Güter.
324 1010 1451 1056 Nicht alles im Eigentum des Königs stehende Land befand sich
245 1057 1451 1110 in königlicher Verwaltung. Abgesehen von dem nicht occupierten
228 1103 1450 1157 Lande, welches zur Verfügung des Königs stand, wurden die könig-
245 1149 1444 1201 lichen Ländereien unterschieden in solche, die ad opus regis habentur,
244 1197 1449 1249 und in solche, die zwar nicht ad opus, aber ad partem regis habentur.
242 1244 1448 1295 Erstere sind das in königlicher Verwaltung befindliche Gut mit Ein-
243 1292 1449 1343 schluſs der königlichen Forste . Zu letzteren gehören die fiskalischen
244 1340 1448 1393 Amtsgüter , seit der Entstehung des Benefizialwesens die königlichen
242 1388 1448 1436 Benefizien, die Güter der im Eigentum des Königs befindlichen Kirchen
241 1438 1448 1491 sowie die Höfe, die an Hintersassen zu selbständiger Bewirtschaftung
240 1487 534 1523 ausgethan sind .
320 1535 1444 1587 Der fiskalische Grundbesitz hatte eine rechtliche Sonderstellung.
239 1579 1445 1628 Seine Behandlung bildete in administrativer Hinsicht eine Ausnahme
238 1627 1445 1675 von der sonst hervortretenden Tendenz, König und Staat zu identifi-
239 1673 1444 1719 cieren. Wie nämlich schon im römischen Reiche die kaiserlichen
240 1720 1441 1772 Domänen nicht unter den ordentlichen Provinzialbeamten standen,
255 165 292 195 72
358 1806 1057 1838 Nitzsch, Gesch. des deutschen Volkes I 214 f.
359 1845 1442 1886 Cap. I 82. Commentiert von Guérard, Explication du Capitulaire de villis
239 1884 1364 1922 1853, Bibliothèque de l’école des chartes, 3ème série, IV 201 ff. 313 ff. 546 ff.
358 1925 1440 1964 Auch von diesen heiſst es, daſs sie ad opus regis habentur. Mühl-
236 1963 1440 2004 bacher Nr. 344: salvas forestes nostras, quas ad opus nostrum constitutas habe-
235 2003 741 2034 mus. Vgl. Mühlbacher Nr. 702.
358 2042 614 2069 Siehe oben I 203.
357 2083 1439 2130 Im Gegensatz zu den res beneficiatae und colonicatae heiſsen die in könig-
233 2122 1439 2167 licher Verwaltung befindlichen Fiskalgüter gelegentlich auch res dominicatae, in-
234 2162 1437 2202 dominicatae. Siehe die Stellen bei Waitz, VG IV 140, Anm. 3. 141, Anm. 1 a. E.
