1600 2404
215 266 1421 322 wahrscheinlich des Königs degane, Degen, genannt. Denn ein mero-
212 313 1419 377 wingisches Heiligenleben erzählt uns, daſs die scholares der Griechen
209 360 1418 421 bei den Franken bellatores hieſsen, was füglich für Übersetzung von
210 407 1416 463 degane gelten darf . Vielleicht ist der Ausdruck Antrustionen in
208 455 1415 511 Anlehnung an die Bezeichnung der Nobelgarde des römischen Kaisers
206 505 1418 560 entstanden, welche corpus, schola protectorum hieſs und ihrerseits auf
204 549 1297 606 Einflüsse des germanischen Gefolgswesen zurückgehen dürfte .
286 607 1412 662 Die Antrustionen stehen im siebenten Jahrhundert unter der Füh-
203 655 1410 715 rung des Hausmeiers . Für Rechtsstreitigkeiten zwischen ihnen gelten
202 700 1409 758 besondere Grundsätze des Rechtsganges . Der unter ihnen waltende
199 748 1410 809 Korpsgeist kommt u. a. in dem Rechtssatze zum Ausdruck, daſs der
198 795 1407 860 Antrustio buſsfällig wird, der gegen einen Genossen als Zeuge
201 844 372 877 schwört .
276 898 1404 956 Antrustionen konnten nicht nur Freie, sondern auch Liten und
195 945 1402 1002 Knechte sein . Sie hatten das dreifache Wergeld ihrer Geburt.
194 992 1401 1051 Während die Lex Salica den freien Römer, den der König zu seinem
194 1040 1400 1102 Tischgenossen erhob, noch von der königlichen trustis ausscheidet , ken-
193 1090 1398 1147 nen jüngere Quellen des salischen Rechtes auch den Romanus in truste
638 195 999 226 § 71. Hof und Hofstaat.
1385 214 1423 242 99
312 1217 1396 1276 Siehe die oben Anm. 15 citierte Stelle der Vita Aldegundis. Mit degan
191 1256 1396 1311 werden miles, defensor glossiert. Wie im Beowulf und in den angelsächsischen
187 1295 1395 1349 Gesetzen die Gefolgsleute thegnas genannt werden, so sind auch im Hildebrands-
186 1334 1395 1388 liede die Gefolgsgenossen gemeint, wenn es daselbst Vers 19 heiſst: forn er ôstar
185 1375 989 1421 giuueit . . hina mit Theotrîhhe enti sînero degano filu.
309 1425 1392 1472 Die protectores werden in domestici oder protectores domestici und in
184 1464 1391 1513 protectores schlechtweg eingeteilt. Die domestici waren wohl solche protectores
183 1500 1391 1557 im weiteren Sinne, welche im kaiserlichen Palaste wohnten, während bei den übrigen
183 1539 1390 1591 Protektoren das Merkmal der Hausgenossenschaft mit dem Cäsar fehlte. Wie an-
181 1579 1391 1637 trustio zu protector, verhält sich der vandalische und westgotische gardingus zu
182 1618 1389 1675 domesticus (vgl. Dahn, Könige I 187, VI 108, Helfferich, Entstehung u. Gesch.
182 1659 1390 1718 des Westgotenrechts S. 150). Stammt gardingus von gards, domus, so ist es ge-
181 1700 1388 1756 nau domesticus. Auch bei den Angelsachsen werden die höheren Dienstmannen,
182 1738 1389 1795 die Thane, als domestici (hírédmen) bezeichnet. Schmid, Ges. der Ags. S. 665.
179 1778 1388 1830 An die byzantinischen protectores scheint sich der arabische Ausdruck für Prä-
177 1817 1386 1874 torianer ʾa ʿwân, adiutores, anzuschlieſsen. Reiske zu Constant. Porphyrogen. II 56.
177 1850 1385 1913 Über die römischen protectores siehe Mommsen, Ephemeris epigraph. V 121.
176 1894 1386 1949 Camille Jullian, De protectoribus et domesticis Augustorum, Parisiis 1883. Z2
174 1933 1386 1994 f. RG IX 217. — Lydus, De magistratibus I 46: primoscutarii, qui nunc protec-
175 1975 382 2004 tores dicuntur.
294 2017 578 2048 Siehe unten S. 105.
292 2055 624 2095 Lex Sal. 106 (Hessels).
293 2094 1085 2140 H. Brunner, Zeugen- und Inquisitionsbeweis S. 46 f.
293 2132 552 2166 Siehe oben I 236.
291 2171 547 2204 Siehe oben I 302.
