1600 2367
556 138 1010 171 § 53. Edictus Langobardorum.
219 2135 1183 2166 Binding, Handbuch. II. 1. I: Brunner, Deutsche Rechtsgesch. I. 24
181 218 1388 258 mit Rat und Zustimmung der Groſsen und des Volkes zustande ge-
181 264 1389 303 kommen war, lieſs er ihn gemäſs langobardischer Rechtssitte durch
183 312 855 350 den Akt des „gairethinx“ bekräftigen .
260 366 1387 406 Rotharis Edikt ist mit Recht als die hervorragendste legislative
181 415 1385 453 Schöpfung aus der Zeit der Volksrechte bezeichnet worden. Ein
179 463 1385 502 Werk aus einem Gusse ist das Edikt frei von dem kompilatorischen
180 510 1386 550 Charakter der meisten Volksrechte. Die Rechtssätze sind knapp und
179 557 1386 589 scharf formuliert. Der Stoff ist nach bestimmtem Plane verteilt . In
180 605 1387 644 dem Texte des Ediktes, der im Vulgarlatein seiner Zeit geschrieben
178 653 1385 690 ist, finden sich zahlreiche technische Ausdrücke, wie sie der Rechts-
179 701 1385 739 sprache der Langobarden eigentümlich waren. Die meisten sind nach-
179 749 1385 788 weisbar deutsch und zwar hochdeutsch , andere trotzen bislang jeder
178 794 1384 833 sprachlichen Erklärung . Vereinzelte Anklänge an die Lex Wisi-
178 840 1384 878 gothorum  scheinen eine freie Benutzung der Gesetze Eurichs voraus-
178 888 1384 928 zusetzen. Daſs den Verfassern des Edikts die römischen Rechtsquellen
178 938 1384 974 nicht unbekannt waren, zeigt die schon erwähnte Benutzung der No-
178 985 1384 1021 vellen Justinians, die ihnen bereits in der als Authenticum bekannten
179 1033 1384 1069 Sammlung vorgelegen haben. Um so mehr muſs es — namentlich
177 1079 1384 1117 im Verhältnis zur Gesetzgebung der Ostgoten, der Westgoten und der
177 1128 1384 1165 Burgunder — betont werden, daſs der Edictus in seinen Rechtssätzen
178 1176 1384 1215 dem römischen Rechte gegenüber eine weitgehende Selbständigkeit
177 1224 1383 1262 bewahrt hat. Fehlt es zwar nicht an Wendungen der römischen
174 1272 1382 1309 Rechtsterminologie, so ist doch die Zahl der dem römischen Rechte
174 1319 1381 1349 entlehnten Rechtssätze eine verschwindende. Mit Sicherheit können
1325 141 1384 170 369
284 1426 1380 1458 S. oben S 131. Pappenheim, Launegild u. Garethinx, in Gierkes Unter-
175 1464 973 1496 suchungen XIV 28 und Schröder, Z2 f. RG VII 59.
282 1505 1381 1540 Der erste Teil c. 1—152 behandelt die Verbrechen gegen König und Staat
174 1544 1381 1579 und die an der Person begangenen Unthaten, darunter in c. 45—128 die Wund-
173 1584 1378 1617 buſsen und zwar in drei gesonderten Abschnitten die Verwundungen von Freien,
172 1623 1379 1660 von Hörigen und Ministerialen und von servi rusticani. Der zweite Teil (c. 153 bis
173 1663 1379 1695 226) ist dem Erbrechte, dem Familienrechte und der Freilassung gewidmet. Die
173 1702 1380 1735 Kapitel 227—368, welche Sachen- und Schuldrecht, Verbrechen gegen das Ver-
172 1741 1380 1773 mögen und beweisrechtliche Grundsätze betreffen, lassen sich als ein dritter Teil
171 1780 1380 1814 zusammenfassen. Von da ab folgt eine Nachlese vereinzelter Vorschriften, von
172 1819 1379 1854 welchen eine (c. 387) erst nach Vollendung des Edikts zwischen die Schluſskapitel
172 1858 1357 1892 desselben eingeschoben wurde, die sich als Epilog des ganzen Werkes darstellen.
280 1897 1378 1933 Bluhme, Die gens Langobardorum, 2. Heft 1874. C. Meyer, Sprache
170 1937 1378 1971 und Sprachdenkmäler der Langobarden, 1877, ein Werk, das hinsichtlich der
172 1976 689 2009 Quellen reiche Nachlese übrig läſst.
281 2017 478 2044 S. oben S 55.
281 2055 1378 2085 S. oben S 300 f. Anm 44, S 339 Anm 24. Auf diese Verwandtschaft hat
170 2094 939 2127 mich Herr Dr. Karl Zeumer aufmerksam gemacht.
