1600 2367
236 246 1443 287 Jahre herbeigeführt hatten. Obwohl sie in letzter Linie die Kosten
237 293 1443 333 der Wiederherstellung des Königtums trug, fuhr doch auch die auf-
236 339 1443 381 geteilte römische Bevölkerung nicht schlecht, da an die Stelle der
235 386 1442 433 früheren Gewaltsamkeiten, Willkürlichkeiten und Bedrückungen ein Zu-
237 434 1441 475 stand allgemeiner Rechtssicherheit trat  und die Römer von nun ab
236 482 1234 520 gegen weitere Eingriffe in ihr Besitztum geschützt waren.
315 529 1442 571 Die Art der germanischen Ansiedelung verstärkte allenthalben das
236 576 1442 624 politische und soziale Gewicht der ländlichen Bevölkerung gegen die
235 616 1443 666 Übermacht, welche die Städte durch den exklusiv städtischen Zuschnitt
237 670 1443 711 der römischen Verwaltung erlangt hatten. Daſs die neuen Herren
236 715 1442 760 sich als Grundbesitzer auſserhalb der Städte niederlieſsen, hob die
236 762 1442 805 Bedeutung der ländlichen Bevölkerungsschichten, stellte das Gleich-
236 809 1442 856 gewicht zwischen Stadt und Land wiederum her und regenerierte die
236 857 1131 897 landwirtschaftlichen Zustände der besetzten Gebiete.
673 965 1009 1003 § 12. Das Haus.
236 1033 1443 1074 Gierke, Rechtsgesch. der deutschen Genossenschaft I 89 f. Kraut, Die Vor-
235 1072 1441 1114 mundschaft nach den Grundsätzen d. deutschen Rechts I, 1835. Heusler, Instit.
236 1110 1443 1156 d. deutschen Privatrechts I 95 ff., II 277. 431. 521. Waitz, Über die Bedeutung
236 1148 1441 1193 des Mundium im deutschen Rechte, Berl. Sitzungsberichte 1886 S 375. Dargun,
235 1187 1443 1226 Mutterrecht u. Raubehe und ihre Reste im germ. Recht u. Leben, 1883 in Gierkes
235 1227 1441 1273 Untersuchungen XVI. Sohm, Das Recht der Eheschlieſsung, 1875. Viollet,
235 1266 1442 1305 Précis de l’histoire du droit français, 1884. 1886, S 418. Kohler, Indisches Ehe-
235 1306 1442 1352 und Familienrecht, Z f. vgl. RW III 342; ders., Studien über Frauengemeinschaft,
236 1346 1440 1392 Frauenraub u. Frauenkauf, a. O. V 334; ders., Über die künstl. Verwandtschaft,
236 1386 1441 1426 a. O. V 427. Weinhold, Deutsche Frauen im Mittelalter, 2 Bde 2. Aufl. 1882.
235 1425 1441 1467 W. Wackernagel, Familienrecht u. Familienleben der Germanen, in Kl. Schriften
235 1464 1440 1507 I 1, 1872. Konr. Maurer, Über die Wasserweihe des germ. Heidentums, Abhandl.
236 1503 1439 1550 der bayr. Akad. XV 3. Abteil. Stobbe, Beiträge zur Geschichte des DR, 1865,
237 1543 1441 1582 1. die Aufhebung der väterl. Gewalt. Scherer im Anzeiger f. deutsches Altertum
235 1582 1441 1619 IV 86 ff. Sohm, Reichs- und Gerichtsverfassung, 1871, Beil. 1: die Wehrhaft-
235 1623 1440 1658 machung. v. Amira, Erbenfolge u. Verwandtschaftsgliederung nach den altnieder-
237 1662 1440 1698 deutschen Rechten, 1874, S 211 f. 218 f. Fustel de Coulanges, Recherches
774 1702 898 1727 S 219 ff.
317 1759 1440 1804 Innerhalb der Sippe bildet die häusliche Gemeinschaft, hîwiski ,
236 1806 1440 1852 hisch, familia, domus , einen engeren Rechts- und Friedensbereich,
238 1854 1441 1894 der nicht wie die Sippe auf genossenschaftlicher, sondern auf herr-
238 1899 1441 1943 schaftlicher Grundlage beruht. Die Hausangehörigen, Weib, Kinder
238 169 277 198 70
714 169 963 200 § 12. Das Haus.
348 1987 1441 2022 Nulla erat — so fährt Paulus fort — violentia … nemo aliquem iniuste
240 2026 1095 2063 angariabat, nemo spoliabat, non erant furta, non latrocinia.
348 2065 1351 2107 So ahd. und alts. Ags. hîvisce, altn. hyski. S. oben S 62 Anm 19.
348 2104 1442 2138 Graff, Sprachschatz IV 1068. Z2 f. RG III 21 Anm 3. Über bairisch
240 2144 1136 2181 Hîwisch, Heiwisch vgl. Schmeller, Bayer. WB I col. 1193.
