1600 2367
195 243 1404 275 der Naturalwirtschaft. Handel und Wandel halten sich innerhalb sehr
195 291 1404 323 bescheidener Grenzen. Der landwirtschaftliche Betrieb hat sich da-
196 337 1403 377 gegen bedeutsam gehoben. Nicht mehr die Weidewirtschaft, sondern
196 385 1404 423 der Ackerbau steht im Mittelpunkte des Erwerbslebens. Mehr und
196 431 1405 471 mehr wendet sich die Thätigkeit des freien Mannes der Bestellung
196 481 1404 515 des Bodens zu, welchen man intensiver als vordem auszunutzen ver-
195 526 1403 561 steht. Schon das Volksrecht der salischen Franken läſst uns ersehen,
196 574 1405 611 wie neben dem Getreidebau Wiesenkultur, Gartenbau und Weinbau
196 623 479 653 betrieben wurde.
276 668 1405 707 Die Aufteilung des Ackerlandes war um die Zeit der Reichs-
195 717 1405 755 gründung so weit vorgeschritten, daſs das Sondereigentum an
197 764 1405 801 demselben wohl als die Regel betrachtet werden darf. Wo die
196 811 1405 848 Dorfverfassung bestand, war damit an die Stelle der strengen Feld-
195 857 1405 896 gemeinschaft die von den Nationalökonomen sogenannte laxe Feld-
195 904 1404 943 gemeinschaft, der Flurzwang getreten, welcher den Wirtschaftsbetrieb
196 951 1405 989 des einzelnen, insbesondere die Zeit der Bestellung und der Ernte
195 999 1406 1038 mit Rücksicht auf die Gemengelage der Sonderäcker den Beschlüssen
197 1047 1404 1085 der Gesamtheit unterwarf. Die Sonderäcker sind nicht eingehegt
195 1095 1406 1127 und dienen nach vollendeter Ernte bis zur neuen Aussaat als Feld-
196 1144 1406 1183 weide (Stoppel- und Brachweide) . An Grund und Boden bestand
195 1192 1406 1223 zunächst nur ein beschränktes Erbrecht. Er vererbte auf die Söhne
196 1240 1404 1273 des verstorbenen Besitzers. Waren aber solche nicht vorhanden, so
194 1285 1406 1322 fiel das Land bei den Salfranken der Gesamtheit der Dorfgenossen
196 1332 1406 1371 anheim. Erst ein Edikt des Königs Chilperich (561—584) hat dieses
194 1380 1406 1419 Heimfallsrecht der Gemeinde so weit beseitigt, daſs in Ermangelung
194 1428 1405 1462 von Söhnen den Töchtern, eventuell den Brüdern und Schwestern ein
193 1474 1406 1512 Erbrecht eingeräumt wurde . Auch die freie Veräuſserlichkeit der
194 1523 1404 1560 Hufe hat sich erst allmählich Bahn gebrochen. Sie vertrug sich nicht
193 1570 1403 1607 mit einem Heimfallsrecht der Gemeinde, welches durch Veräuſserungen
193 1616 1403 1655 beeinträchtigt worden wäre. Bei den Salfranken konnte überdies der
193 1662 1401 1696 Grunderwerb eines Ausmärkers binnen Jahresfrist nach seiner An-
192 1709 1401 1749 siedelung durch den rechtsförmlichen Widerspruch eines einzigen
488 163 1142 195 § 25. Die wirtsch. Zust. um d. Zeit d. Reichsgr.
1346 162 1402 192 195
302 1810 1400 1845 So und nicht aus strenger Feldgemeinschaft dürfte Cap. I zur Lex Sal. c. 9,
191 1849 1169 1883 Behrend u. Boretius S 91, Hessels Tit. 74 zu erklären sein.
300 1886 1399 1922 Nasse, Über die mittelalterliche Feldgemeinschaft und die Einhegungen
218 1928 1397 1963 . . in England, 1869, S 13. 37. Im langobardischen Edikt, Rothari 358, heiſst die
191 1967 978 2001 Feldweide fornaccar, fonsaccri, alter (früherer) Acker?
300 2006 1398 2042 Cap. I 8, c. 3. Gierke, Z f. RG XII 430. Einzelne, namentlich alamannische
190 2046 1397 2078 Weistümer kennen ein Erbrecht des nächsten Nachbars, wenn es an sonstigen be-
190 2085 1397 2121 fähigten Erben des letzten Besitzers gebricht. Siehe Schröder, Register zu den
191 2124 1260 2156 Weistümern VII 241 unter Erbrecht der Hofgenossen oder der Nachbarn.
