1600 2367
165 222 1370 265 krieges nichts mehr hören. Mit ihnen haben sich zwei niederdeutsche
168 267 1369 319 Völkerschaften vereinigt, nämlich die Warnen und ein Teil der Angeln.
168 314 1371 360 Die Zeit ihrer Zuwanderung ist unbekannt. In der Überschrift einer
168 362 1370 414 unter Karl dem Groſsen entstandenen Lex werden die Angeln und
169 407 1371 459 Warnen als Thüringer bezeichnet. Zu Anfang des sechsten Jahr-
168 455 1370 507 hunderts sind uns durch ein Schreiben des ostgotischen Theoderich
168 503 1370 556 besondere Könige der Warnen und der Thüringer bezeugt. Als der
168 549 1369 607 Frankenkönig Theuderich die Thüringer bekämpft, steht an der Spitze
169 598 1369 649 des ganzen Stammes ein einziges Königsgeschlecht, welches durch
169 643 1370 696 innere Zwistigkeiten gespalten ist. Gleichzeitig von Franken und
170 691 1370 743 Sachsen angegriffen erlagen die Thüringer, ein Teil des Landes ward
169 739 719 783 sächsisch, der gröſsere fränkisch.
249 787 1372 838 Den jüngsten Stammesnamen tragen die Baiern, die nach der
170 838 1372 888 ansprechendsten Herleitung ihres Ursprungs aus den Markomannen
171 884 1371 935 und ihren Nachbarn, den Quaden und Nariskern, erwachsen sind.
169 930 1372 984 Unsicher bleibt, ob und in welchem Maſse ostgermanische Völker-
169 981 1372 1030 splitter in sie aufgingen. Die Markomannen und Quaden werden
170 1029 1372 1082 zuletzt unter den Hilfsvölkern Attilas genannt. Nach der Auflösung
172 1074 1372 1122 des Hunnenreichs scheinen sie eine Periode herulischer Herrschaft
171 1120 1373 1171 durchgemacht zu haben. Zu Anfang des sechsten Jahrhunderts
172 1170 1373 1215 wanderten die Baiern aus Böhmen nach Westen und Süden in die
170 1216 1372 1266 Donaugegenden ein. Den Namen führen sie nach der Heimat, die sie
172 1265 1373 1316 nach mehr als halbtausendjährigem Aufenthalte verlieſsen. Baiuwarii
172 1311 1374 1360 bedeutet die Bewohner des Landes Baia, Boihaemum. Den Franken
172 1358 1372 1414 der merowingischen Zeit heiſsen sie auch Bogii, Boii, wie die Kelten,
173 1405 1373 1460 deren Name an dem Lande Böhmen haften geblieben war, nachdem
172 1451 1374 1511 sie von den Vorfahren der Baiern unter Marbod daraus verdrängt
173 1500 1374 1553 worden waren. Als das Thüringerreich zusammenbrach, gerieten die
166 145 205 173 46
451 144 1082 179 § 8. Das Auftreten der deutschen Stämme.
293 1604 495 1640 S. unten § 47.
293 1643 1374 1687 Erwähnt in der fränkischen Völkertafel von etwa 520; Müllenhoff, Ger-
174 1679 1376 1723 mania antiqua S 163. Über die ältesten Fundstellen des Namens s. Riezler
177 1715 336 1743 a. O. I 8 f.
295 1756 1376 1806 Zeuſs S 708. Die Notitia dignitatum kennt in Pannonien 34, 24 einen
176 1791 1375 1847 tribunus gentis Marcomannorum, unter welchem ein Tribun angesiedelter Grenz-
176 1830 985 1882 soldaten markomannischer Herkunft gemeint sein dürfte.
296 1870 1376 1922 Über die Lage des Reiches der Heruler Eichhorn I 116. 520 Anm t.
176 1909 1377 1968 Um das J. 480 nehmen nach der Vita Severini die Heruler Salzburg ein. Vgl. die
176 1950 1377 2005 Angaben bei Zeuſs S 479, gegen den ich den Hauptsitz der herulischen Macht
176 1989 1376 2046 weiter nach Westen verlegen möchte. Das Schreiben Theoderichs an die Könige
176 2027 1377 2086 der Heruler, Warnen und Thüringer (Cassiodor, Var. III 3) läſst vermuten, daſs
177 2067 568 2097 ihre Reiche sich berührten.
298 2106 735 2145 So in der Lex Ribuaria 36, 4.
