1600 2367
259 231 1457 267 und Chr. Gottlob Biener  zu nennen. Das Beste leistete
259 278 1457 314 Heineccius, „unter den deutschen Juristen des 18. Jahrhunderts viel-
260 325 1458 367 leicht der bedeutendste, jedenfalls derjenige, welcher den umfassendsten
259 371 1460 415 Reichtum gelehrten, namentlich historischen Wissens mit gediegener
261 418 869 460 philosophischer Bildung verband“ .
341 467 1459 510 Eine Sonderstellung nimmt unter den Germanisten des vorigen
263 513 1460 553 Jahrhunderts der geistvolle Justus Möser mit seiner osnabrückischen
265 561 1460 605 Geschichte ein . Die wirtschaftlichen und gesellschaftlichen Grund-
264 608 1461 654 lagen der Staatsordnung ins Auge fassend schrieb er darin eine groſs-
264 656 1462 699 artig konstruierte Geschichte der Landeigentümer. Sie blieb nicht
263 701 1460 747 frei von wesentlichen Irrtümern, weil er seiner reichen Phantasie und
265 750 1463 796 seinem lebhaften Drange nach plastischer Ausgestaltung der darzu-
265 798 1463 842 stellenden Verhältnisse allzusehr die Zügel schieſsen lieſs. Nichts-
267 845 1465 891 destoweniger sind seine Lehren, insbesondere seine Ausführungen über
267 894 1464 938 die Zustände der Urzeit, über die Geschichte des Heerwesens und
266 943 1464 986 über die Entstehung der Landeshoheit, welchen sich Eichhorn im
267 992 1466 1034 wesentlichen anschloſs, auf lange Zeit hinaus zur unbestrittenen Herr-
268 1037 507 1075 schaft gelangt.
347 1083 1467 1129 Aus den zusammenhanglosen Bruchstücken, welche das 18. Jahr-
270 1129 1468 1172 hundert überlieferte, wurde in den ersten Dezennien des 19. die
269 1176 1468 1223 Wissenschaft der deutschen Rechtsgeschichte geschaffen. Mit der Auf-
269 1224 1469 1268 lösung des deutschen Reiches war der Grund für die Trennung des
271 1270 1469 1319 Staatsrechtes von den übrigen Zweigen der Rechtsgeschichte hinweg-
271 1319 1470 1361 gefallen. Publizisten der alten Schule hatten ihre Bibliotheken, so-
271 1366 1470 1410 weit sie das Reichsstaatsrecht betrafen, mit Resignation als fernerhin
271 1414 1472 1455 unbrauchbar abgeschlossen . Das Reichsstaatsrecht stand nunmehr
271 1460 1472 1508 in Bezug auf seine unmittelbare praktische Verwertbarkeit den Privat-
272 1507 1473 1554 rechtsantiquitäten ebenbürtig zur Seite. Andrerseits verlor das Natur-
273 1555 1473 1598 recht seine Stellung als treibende Kraft der deutschen Rechtswissen-
274 1603 1474 1647 schaft. Schon Montesquieu hatte 1748 in seinem Esprit des lois
276 1648 1474 1693 darauf hingewiesen, wie die Rechtszustände von der Natur und Lage
258 156 295 185 18
669 154 1013 186 § 5. Die Bearbeitungen
278 1752 1476 1798 iur. civilis rom. ac germ., 1733. Antiquitates germanicae iurisprudentiam patriam
279 1790 1474 1836 illustrantes, 1772. 1773, unvollendet, B I: de republica et legibus vet. Germ.; B II:
280 1830 563 1861 de iure personarum.
402 1869 1478 1914 Commentarii de origine et progressu legum iuriumque germanicarum, un-
280 1908 1477 1952 vollendet, pars I.: leges et iura populorum teuton. antiqua, 1787; pars II.: leges
282 1948 1479 1993 et iura pop. teut. media, vol. 1.: de, historia iuris germ. publici atque privati, 1790;
282 1985 1410 2030 vol. 2.: de historia institutorum atque iurium feudalium in regno Germ., 1795.
404 2025 1327 2072 Stintzing in der Allg. deutschen Biographie unter Heineccius.
403 2065 1311 2111 Zuerst 1768. In 3. Aufl. 3 Bde herausg. von C. Stüve 1819.
402 2104 935 2140 Reyscher in der Z f. DR XV 445.
