1600 2367
205 240 1416 275 darbieten, erfährt seit dem dritten Jahrhundert eine wesentliche Verein-
206 286 1415 325 fachung. Die zahlreichen Völkerschaften beginnen allmählich zu ver-
207 335 1415 368 blassen und zu verschwinden und neue Namen von umfassenderer Bedeu-
204 381 1414 419 tung treten an ihre Stelle. Es sind die Namen der groſsen Stämme, in
207 422 1414 466 welche das deutsche Volk, soweit seine nationale Überlieferung zurück-
204 475 1412 515 reicht, ethnographisch und lange Zeit hindurch auch politisch zerfiel.
207 522 1413 562 Der Kristallisationsprozeſs hat sich bei den verschiedenen Stämmen
206 569 1412 610 zu verschiedenen Zeiten vollzogen. Erst zu Anfang des sechsten Jahr-
205 616 1413 658 hunderts liegt uns die vollständige Stammeskarte in quellenmäſsiger
206 663 1413 705 Begründung vor Augen. Allein der Beginn der Entwicklung geht
206 711 1412 750 wahrscheinlich auf Verschiebungen zurück, welche um die Zeit des
205 759 1411 796 Markomannenkriegs unter den Völkerschaften zwischen Weichsel und
205 805 645 843 Elbe stattgefunden haben.
284 852 1410 884 Von den neuen Stammesnamen wird am frühesten der der Ala-
204 898 1407 936 mannen genannt. Es müssen suebische Völkerschaften gewesen sein,
202 944 1408 982 die sich als Alamannen vereinigt haben. Die Namen Schwaben und
203 993 1409 1031 Alamannen werden in der Folge als gleichbedeutend gebraucht; nur
205 1040 1408 1078 der erstere hat sich im Volksmunde erhalten, während der letztere
203 1087 1407 1128 im Munde der Franzosen zum Namen aller Deutschen geworden ist.
204 1136 1409 1175 Näher läſst sich die Abstammung der Alamannen nicht mit Sicherheit
202 1185 1408 1223 bestimmen. Die Sondernamen, mit welchen einzelne Zweige der Ala-
201 1225 1406 1270 mannen gelegentlich genannt werden, geben darüber keinen Aufschluſs.
202 1278 1407 1315 Von den Völkerschaften, die schon früher in den Rhein- und Main-
201 1327 1407 1365 gegenden saſsen, mögen die Tenkterer, Usiper und Tubanten sich
199 1374 1407 1412 dem Bunde angegliedert haben und in ihm aufgegangen sein. Allein
202 1420 1406 1460 die bindende und treibende Kraft desselben ist wohl von Osten ge-
200 1467 1407 1506 kommen. Höchst wahrscheinlich ist sie in dem mächtigen Volke der
201 1513 1406 1550 Semnonen zu suchen, welches vielleicht schon um die Zeit des Marko-
201 1562 1405 1600 mannenkriegs sich von der mittleren Elbe gegen Südwesten vorzu-
200 1609 1405 1646 schieben begann. Im Jahre 213, zu welchem die Alamannen zuerst
1375 165 1411 193 41
496 161 1126 191 § 8. Das Auftreten der deutschen Stämme.
310 1697 1403 1732 Der Name deutet auf eine Bundesgemeinschaft. Asinius Quadratus nennt
200 1738 970 1772 sie (Agathias I 6) ξύγκλυδες ἄνϑϱωποι καὶ μιγάδες.
309 1774 1403 1806 Zeuſs S 305. Grimm läſst sie Gesch. d. DSpr S 374. 412 zu Franken
200 1817 305 1842 werden.
308 1853 1404 1886 Wenn die weiter nordwestlich seſshaften Langobarden von der Bewegung
198 1892 1403 1928 ergriffen wurden, so daſs ein Schwarm derselben in Pannonien erschien, liegt die
199 1931 1403 1966 Vermutung nahe, daſs auch die Semnonen nicht in Ruhe blieben. Die Nachricht
199 1971 1402 2004 des Dio Cassius über die Quaden, die in ihrer Bedrängnis zu den Semnonen aus-
198 2010 1401 2044 wandern wollten, möchte ich nicht mit Baumann a. O. S 223 dahin verstehen,
199 2049 1401 2084 daſs sie die leergebliebenen Sitze der bereits abgezogenen Semnonen besiedeln,
200 2088 1402 2122 sondern so, daſs sie sich dem Zuge der Semnonen anschlieſsen wollten. Wenig
199 2126 1401 2160 glaubhaft ist, daſs die Semnonen bei dem damaligen Völkergedränge in ihren alten
