1600 2367
210 2175 1168 2212 Binding, Handbuch. II. 1. I: Brunner, Deutsche Rechtsgesch. I. 7
155 248 1365 294 gegangene Geschlechtsverbindung des Knechtes kann von jenem be-
155 295 1366 342 liebig aufgelöst werden. Von vorneherein auſserhalb der Rechtsgemein-
156 343 1366 382 schaft stehend kann der Knecht nicht friedlos werden; sonst möchte
157 389 1364 435 er, sagt eine schwedische Rechtsquelle, gern den Frieden brechen,
158 435 1365 477 auf daſs er möchte friedlos sein. Er kann überhaupt keine nach Volks-
158 482 1367 527 recht strafbare Handlung begehen; für den Schaden, den er Dritten
159 528 1367 579 gegenüber anrichtet, haftet der Herr. Im Gegensatz zu den schroffen
160 577 1366 623 Grundsätzen des Rechts war die thatsächliche Stellung der Knechte
159 623 1365 670 eine verhältnismäſsig günstige. Nicht selten im Hause des Herrn auf-
159 672 1365 721 erzogen, als Hausgesinde oder zur Bewirtschaftung abhängiger Höfe
159 720 1367 765 verwendet, wurden sie, wie Tacitus im Hinblick auf die römische
160 771 1014 810 Sklaverei betont, im allgemeinen milde behandelt.
239 815 1366 855 Die ältesten Entstehungsgründe der Knechtschaft waren die
159 862 1365 907 Kriegsgefangenschaft und die gewaltsame kriegerische Unterjochung.
160 907 1366 949 Die Knechtschaft der Eltern vererbte auf die Kinder. Der freie Mann
159 953 1364 997 konnte sich selbst und, wie bereits oben bemerkt worden ist, seine
160 993 1365 1044 Frau und seine Kinder in die Knechtschaft verkaufen. Auch die Über-
160 1048 1366 1097 schuldung, namentlich das Unvermögen die etwa verwirkte Buſse zu
160 1105 720 1144 zahlen, führte zur Verknechtung.
240 1144 1366 1186 Der Zustand der Knechtschaft kann durch Freilassung auf-
160 1194 1367 1242 gehoben werden. Der Knecht steigt aber durch die Freilassung nicht
161 1242 1366 1287 in die gemeine Freiheit empor, sondern er wird nur in eine be-
161 1287 1366 1332 schränkte Rechtsfähigkeit, in das Verhältnis einer rechtlich geschützten
160 1336 1366 1383 Hörigkeit eingeführt. Liberti non multum super servos sunt, sagt
160 1383 1366 1423 schon Tacitus. Nur bei den Völkerschaften mit strafferer Königs-
161 1433 1366 1477 gewalt vermögen die Freigelassenen erheblichere Bedeutung zu ge-
161 1478 1366 1519 winnen. Bei den übrigen erscheine es als ein Zeichen der Volks-
161 1524 1365 1568 freiheit, daſs der Freigelassene Ungenosse des Freien ist. Die
1326 167 1363 197 97
628 172 896 204 § 14. Die Stände.
270 1631 795 1665 v. Amira, Obligationenrecht S 392.
271 1661 1365 1700 Tacitus schildert zwar in Germ. c. 25 die Knechte schlechtweg als unfreie
162 1701 1365 1740 Kolonen. Allein in c. 20 setzt er ein unfreies Hausgesinde voraus, indem er die
162 1741 1366 1779 Kinder der Herrn und der Knechte inter eadem pecora, in eadem humo aufwachsen
162 1777 1371 1822 läſst. Und wenn vom Freigelassenen c. 25 gesagt wird: raro aliquod momentum
162 1820 1365 1862 in domo, wird er wohl nicht erst durch die Freilassung in das Hauswesen des
162 1869 641 1902 Herrn aufgenommen worden sein.
270 1895 1374 1940 Der Freigelassene heiſst ahd. hantlaz, hantfrî, frîlaz, got. fralets, ags. lŷsing,
162 1937 1366 1981 altn. leysíngr (ags. lŷsan, altn. leysa lösen, freimachen) und frjálsgafi. Leysíngr ist
162 1969 1371 2019 im älteren norwegischen Rechte der Freigelassene höherer Ordnung, frjálsgafi der
161 2020 1065 2060 Freigelassene geringeren Grades. K. Maurer, Freigel. S 31.
233 2053 1370 2092 Germania c. 25: raro aliquod momentum in domo numquam in civitate,
162 2098 1373 2139 exceptis dumtaxat iis gentibus quae regnantur. ibi enim et super ingenuos et super
161 2139 1277 2175 nobiles ascendunt; apud ceteros impares libertini libertatis argumentum sunt.
273 2053 1370 2092 Germania c. 25: raro aliquod momentum in domo numquam in civitate,
162 2098 1373 2139 exceptis dumtaxat iis gentibus quae regnantur. ibi enim et super ingenuos et super
161 2139 1277 2175 nobiles ascendunt; apud ceteros impares libertini libertatis argumentum sunt.
