1600 2367
516 163 1092 198 § 10. Das Wirtschaftsleben der Urzeit.
205 239 1409 279 Zeit des Tacitus  bereits der Sondernutzung durch die einzelnen
204 286 1411 330 Familienväter Platz gemacht. Der Wechsel des Ackerlandes findet
205 336 1410 374 nunmehr innerhalb der Dorfschaft beziehungsweise der Markgenossen-
207 381 1411 422 schaft statt. Das Ackerland wird, wahrscheinlich auf Grund periodischer
206 427 1412 474 Verlosung, unter die Hofbesitzer verteilt. Da keiner ein Interesse
207 473 1412 518 hatte mehr zu erhalten, als er zu bebauen vermochte, und des
208 521 1411 564 Bodens die Fülle vorhanden war, so bestand die Möglichkeit, dem
208 567 1412 612 Reicheren und Vornehmeren, der über eine gröſsere Zahl von Arbeits-
207 614 1414 664 kräften verfügte, gröſsere oder mehrere Anteile zuzuweisen. War der
208 663 1413 712 Boden, den man nicht zu düngen verstand, binnen kurzer Frist er-
209 711 1414 761 schöpft, so blieb das abgeerntete Land als wildes Weideland liegen
209 759 1415 800 und wurde ein anderer Teil der Mark auf Grund neuer Vermessung
209 804 1415 850 und Verlosung als Ackerland aufgeteilt. Der Wirtschaftsplan wurde
210 852 1414 893 von der Gesamtheit der Genossen festgestellt, an deren Beschlüsse
212 897 1416 941 der einzelne in Bezug auf die Zeit und Art der Bestellung und der
212 954 572 991 Ernte gebunden war.
292 998 1416 1043 Die Herrschaft dieses Feldsystems, welches man als Feldgemein-
213 1044 1417 1091 schaft mit wechselnder Hufenordnung oder als strenge Feldgemeinschaft
214 1095 1418 1143 bezeichnet, behauptete sich so lange, als die Dauer der gemeinsamen
214 1142 1419 1193 Nutzung zu Weidezwecken die Dauer der Sondernutzung zu Zwecken
216 1191 1419 1236 des Ackerbaues überstieg. Eine erneute Vermessung und Verlosung
216 1238 1418 1284 der Bodenfläche, welche jedesmal in Kultur genommen werden sollte,
217 1284 1420 1338 empfahl sich unter solchen Umständen weit mehr als die Festhaltung
217 1330 1420 1379 eines Sonderrechts, welches vielleicht Jahrzehnte hindurch praktisch
217 1379 1421 1430 bedeutungslos gewesen wäre . Erst als das Bedürfnis intensiveren
217 1426 1421 1471 Ackerbaues den Zeitraum der Sondernutzung verlängerte, konnte die
218 1472 1421 1520 wechselnde Hufenordnung in eine feste übergehen und im Anschluſs
219 1526 1138 1569 daran ein Sondereigentum am Ackerlande erwachsen.
298 1573 1422 1627 Lange über diese Veränderung hinaus erhielt sich die gemein-
219 1620 1422 1671 schaftliche Nutzung der später sogenannten Almende oder gemeinen
219 1667 1423 1721 Mark, communitas, commarchia. Sie umfaſste alles Land, welches
220 1715 1423 1765 nicht zu Sondereigentum oder zur Sondernutzung ausgeschieden wor-
221 1762 1424 1809 den ist. Es war das der gröſsere Teil der Bodenfläche, Wald und
221 1810 1425 1858 Weideland, Moor und öde Gründe, Flüsse, Bäche und Seen, soweit
222 1856 1424 1906 eine Okkupation daran stattgefunden hatte. Das berechtigte Subjekt
1369 159 1406 188 61
344 1966 1424 2008 Germ. c. 26: agri pro numero cultorum ab universis in vices occupantur,
223 2004 1426 2054 quos mox inter se secundum dignationem partiuntur; facilitatem partiendi camporum
223 2052 1072 2092 spatia praebent: arva per annos mutant, et superest ager.
349 2080 1425 2125 Aus Nasse, Über die mittelalterliche Feldgemeinschaft und die Ein-
223 2129 946 2169 hegungen des 16. Jahrh. in England, 1869, S 8 f.
