1600 2367
225 228 1431 267 lat, latinisiert litus, laetus, letus. Aber auch lidus, ledus kommt
225 273 1431 310 vor. Eine althochdeutsche Glosse bietet die Form laz; jüngere
226 321 1432 363 Denkmäler sagen lazzi oder lassi. Bei den Oberdeutschen und
226 368 1432 410 bei den Langobarden war das Wort nicht heimisch. Letztere und
225 415 1434 452 die Baiern verwenden dafür den Ausdruck aldio, altio, aldius, der
227 462 1433 504 wieder den übrigen Stämmen fremd ist. Die Ostgermanen kennen
229 509 1435 547 weder den Liten noch den Aldio. Der Ursprung der beiden Wörter
227 561 616 596 ist dunkel und streitig.
307 603 1436 642 Liten und Aldien bildeten einen erblichen Stand, dessen Stellung
230 650 1434 689 durch das Volksrecht geschützt war. Sie waren an die Scholle ge-
229 696 1436 737 bunden, hatten ihrem Herrn rechtlich fixierte Dienste und Abgaben
230 744 1435 783 zu leisten, besaſsen die Fähigkeit Vermögen zu erwerben und Ver-
231 790 1436 834 träge zu schlieſsen, konnten durch Freilassung in die volle Freiheit
231 838 1390 881 aufsteigen und sich aus ihrem Vermögen die Freiheit erkaufen.
231 886 1440 930 Zur Verehelichung bedurften sie der Einwilligung des Herrn. Sie
230 938 1436 975 hatten das Fehderecht und ein Wergeld, welches mindestens zum
232 983 1438 1020 Teil an den Herren fiel. Ein volksrechtlich anerkanntes Erbrecht
232 1032 1440 1071 scheinen sie ursprünglich nicht besessen zu haben. Am strengsten
231 1069 1441 1116 ist die Abhängigkeit der Halbfreien später im langobardischen Rechte
224 155 283 184 102
686 149 956 183 § 14. Die Stände.
357 1176 1375 1211 Im Sachsenspiegel und in den bei Waitz V 203 angeführten Stellen.
358 1215 1393 1246 Hessels a. O. Lex Chamavorum c. 5, 44. 45. Waitz a. O. Anm 3.
356 1255 1439 1288 Zu Lex Rib. 62, 1: LL V 277. Lazi in der Urk. Ludwigs des Deutschen
232 1298 567 1331 Wilmans, KU I 143.
355 1334 969 1368 Bei Nithard IV 2, Mon. Germ. SS II 668.
355 1375 870 1404 In der vita Lebuini MG SS II 361.
357 1415 1441 1446 Der litus und die lesa des Pactus Alam. sind, weil auf fränkische Einflüsse
235 1454 964 1487 zurückführend, kein Gegenbeweis. S. unten § 41.
356 1494 1440 1524 Lëtus erklärt Müllenhoff bei Waitz, Altes Recht S 288 als manens,
235 1532 1442 1566 mansionarius, indem er ein verlorenes Verbum litan mit der Bedeutung manere
235 1565 1442 1607 voraussetzt. Vgl. Brunner, Freil. durch Schatzwurf S 68 Anm 3. Aldio leitet
226 1609 1442 1645 Grimm u. a. von altinôn, morari ab, Bluhme denkt LL IV 672 an Zusammen-
236 1647 1442 1690 hang mit halten. Vielleicht liegt ein Kompositum von ahd. deo, teo, got. þius vor.
357 1687 965 1722 Lex Sal. 50.Lex Fris. 11, 2.
358 1726 1443 1767 Arg. Liu. 139; Lex Sax. c. 65. Vgl. v. Richthofen, Zur Lex Sax.
240 1774 447 1799 S 295 f. Anm.
361 1813 618 1844 Lex Fris. 2, 5. 8.
360 1844 1443 1883 Für das fries. Recht folgert den Mangel des Erbrechts v. Amira, Erben-
240 1884 1446 1924 folge S 143 aus dem Anspruch des Herrn auf die Erbenbuſse. Lex Chamav. c. 14
240 1923 1446 1958 ist wohl auch auf den Liten zu beziehen. Noch das Hofrecht der Stiftsgüter von
240 1961 1445 2000 Essen im Salland v. J. 1270 verfügt, daſs die Söhne des Liten den mansus ihres
241 2000 1446 2039 Vaters vom Grundherrn erwerben müssen, und daſs der Nachlaſs des Liten, wenn
243 2040 1446 2078 er unbeweibt stirbt, vollständig, andernfalls zur Hälfte vom Schultheiſs der Herr-
243 2078 1448 2119 schaft eingezogen wird. Verslagen en Mededeelingen der Utrechter Vereinigung
243 2118 1180 2158 zur Ausgabe der Bronnen van het oude vaderl. recht 1885 I 20.
