<?xml version="1.0" encoding="UTF-8"?>
<PcGts xmlns="http://schema.primaresearch.org/PAGE/gts/pagecontent/2019-07-15" xmlns:xsi="http://www.w3.org/2001/XMLSchema-instance" xsi:schemaLocation="http://schema.primaresearch.org/PAGE/gts/pagecontent/2019-07-15 http://schema.primaresearch.org/PAGE/gts/pagecontent/2019-07-15/pagecontent.xsd">
<Metadata>
<Creator>regJS2PAGE.py</Creator>
<Created>2021-02-16T10:54:56.460351</Created>
<LastChange>2021-02-16T10:54:56.460351</LastChange>
</Metadata>
<Page imageFilename="tmp/brunner_rechtsgeschichte02_1892_0088.png" imageWidth="1600" imageHeight="2404">
<TextRegion id="block_0" custom="structure {type:body;}">
<Coords points="266,241 266,298 263,288 263,343 264,340 264,390 263,385 263,442 262,432 262,487 261,480 261,532 262,527 262,559 262,582 341,582 341,638 341,629 260,629 260,685 260,676 260,729 256,723 256,777 259,769 259,828 260,817 260,870 259,857 259,920 256,914 256,974 257,964 257,1014 254,1011 254,1056 254,1068 332,1068 332,1123 332,1113 254,1113 254,1165 252,1160 252,1216 1456,1216 1456,1160 1463,1165 1463,1113 1461,1123 1461,1068 865,1068 865,1056 865,1011 1425,1011 1425,1014 1425,964 1461,964 1461,974 1461,914 1466,920 1466,857 1465,870 1465,817 1464,828 1464,769 1467,777 1467,723 1467,729 1467,676 1472,685 1472,629 1469,638 1469,582 530,582 530,559 530,527 1471,527 1471,532 1471,480 1470,487 1470,432 1475,442 1475,385 1475,390 1475,340 1474,343 1474,288 1477,298 1477,241 266,241"/>
<TextLine id="line_0">
<Coords points="266,241 517,241 539,249 579,249 600,250 626,250 643,250 714,250 738,253 790,253 811,255 963,255 986,258 1038,258 1052,259 1172,259 1193,263 1333,263 1356,273 1387,273 1410,266 1477,266 1477,296 1410,296 1387,294 1356,294 1333,298 1193,298 1172,289 1052,289 1038,287 986,287 963,286 811,286 790,282 738,282 714,288 643,288 626,279 600,279 579,278 539,278 517,278 266,278 266,241"/>
<Baseline points="266,278 517,278 539,278 579,278 600,279 626,279 643,288 714,288 738,282 790,282 811,286 963,286 986,287 1038,287 1052,289 1172,289 1193,298 1333,298 1356,294 1387,294 1410,296 1477,296"/>
<TextEquiv><Unicode>(wahrscheinlich im J. 818) das servitium der Klöster geregelt, so daſs</Unicode></TextEquiv>
</TextLine>

<TextLine id="line_1">
<Coords points="263,288 481,288 510,297 571,297 592,298 797,298 823,302 895,302 922,304 1061,304 1090,308 1179,308 1207,317 1244,317 1266,309 1399,309 1420,315 1474,315 1474,343 1420,343 1399,342 1266,342 1244,337 1207,337 1179,336 1090,336 1061,335 922,335 895,331 823,331 797,335 592,335 571,326 510,326 481,330 263,330 263,288"/>
<Baseline points="263,330 481,330 510,326 571,326 592,335 797,335 823,331 895,331 922,335 1061,335 1090,336 1179,336 1207,337 1244,337 1266,342 1399,342 1420,343 1474,343"/>
<TextEquiv><Unicode>Jahresabgabe und Kriegsdienst oder letzterer allein zu Gunsten der</Unicode></TextEquiv>
</TextLine>

<TextLine id="line_2">
<Coords points="264,340 399,340 427,343 577,343 599,345 671,345 692,347 822,347 844,351 973,351 1016,353 1072,353 1093,355 1133,355 1155,355 1310,355 1332,357 1370,357 1391,361 1475,361 1475,390 1391,390 1370,387 1332,387 1310,385 1155,385 1133,383 1093,383 1072,382 1016,382 973,380 844,380 822,376 692,376 671,374 599,374 577,380 427,380 399,369 264,369 264,340"/>
<Baseline points="264,369 399,369 427,380 577,380 599,374 671,374 692,376 822,376 844,380 973,380 1016,382 1072,382 1093,383 1133,383 1155,385 1310,385 1332,387 1370,387 1391,390 1475,390"/>
<TextEquiv><Unicode>ärmeren ermäſsigt oder erlassen wurden. Ein im Anschluſs an diese</Unicode></TextEquiv>
</TextLine>

<TextLine id="line_3">
<Coords points="263,385 419,385 448,391 666,391 696,394 767,394 795,404 851,404 877,397 907,397 935,399 1127,399 1151,401 1239,401 1268,405 1475,405 1475,442 1268,442 1239,431 1151,431 1127,430 935,430 907,426 877,426 851,424 795,424 767,423 696,423 666,428 448,428 419,424 263,424 263,385"/>
<Baseline points="263,424 419,424 448,428 666,428 696,423 767,423 795,424 851,424 877,426 907,426 935,430 1127,430 1151,431 1239,431 1268,442 1475,442"/>
<TextEquiv><Unicode>Maſsregel entstandenes, aber nur in verfälschter Form vorliegendes</Unicode></TextEquiv>
</TextLine>

<TextLine id="line_4">
<Coords points="262,432 452,432 481,446 538,446 559,439 700,439 728,444 947,444 975,448 1081,448 1112,449 1159,449 1181,449 1383,449 1410,456 1470,456 1470,485 1410,485 1383,487 1181,487 1159,478 1112,478 1081,486 975,486 947,475 728,475 700,470 559,470 538,467 481,467 452,465 262,465 262,432"/>
<Baseline points="262,465 452,465 481,467 538,467 559,470 700,470 728,475 947,475 975,486 1081,486 1112,478 1159,478 1181,487 1383,487 1410,485 1470,485"/>
<TextEquiv><Unicode>Verzeichnis von Klöstern unterscheidet solche, die Kriegsdienst und</Unicode></TextEquiv>
</TextLine>

<TextLine id="line_5">
<Coords points="261,480 373,480 403,483 509,483 534,486 582,486 605,496 662,496 683,489 794,489 821,492 880,492 901,494 1007,494 1035,496 1082,496 1102,496 1205,496 1227,507 1283,507 1305,500 1412,500 1433,512 1471,512 1471,532 1433,532 1412,530 1305,530 1283,527 1227,527 1205,526 1102,526 1082,525 1035,525 1007,530 901,530 880,521 821,521 794,526 683,526 662,517 605,517 582,515 534,515 509,519 403,519 373,516 261,516 261,480"/>
<Baseline points="261,516 373,516 403,519 509,519 534,515 582,515 605,517 662,517 683,526 794,526 821,521 880,521 901,530 1007,530 1035,525 1082,525 1102,526 1205,526 1227,527 1283,527 1305,530 1412,530 1433,532 1471,532"/>
<TextEquiv><Unicode>Gaben, solche, die nur Gaben, und solche, die keines von beiden zu</Unicode></TextEquiv>
</TextLine>

<TextLine id="line_6">
<Coords points="262,527 369,527 390,528 486,528 496,530 530,530 530,559 496,559 486,558 390,558 369,556 262,556 262,527"/>
<Baseline points="262,556 369,556 390,558 486,558 496,559 530,559"/>
<TextEquiv><Unicode>leisten haben .</Unicode></TextEquiv>
</TextLine>

<TextLine id="line_7">
<Coords points="341,582 516,582 544,595 602,595 629,589 686,589 714,591 914,591 944,598 1064,598 1093,600 1160,600 1189,601 1286,601 1314,604 1388,604 1420,606 1469,606 1469,635 1420,635 1388,633 1314,633 1286,638 1189,638 1160,628 1093,628 1064,627 944,627 914,628 714,628 686,618 629,618 602,616 544,616 516,620 341,620 341,582"/>
<Baseline points="341,620 516,620 544,616 602,616 629,618 686,618 714,628 914,628 944,627 1064,627 1093,628 1160,628 1189,638 1286,638 1314,633 1388,633 1420,635 1469,635"/>
<TextEquiv><Unicode>Abgesehen von den Jahresgaben wurden dem König auch bei</Unicode></TextEquiv>
</TextLine>

<TextLine id="line_8">
<Coords points="260,629 403,629 426,631 726,631 742,637 972,637 988,643 1161,643 1183,648 1385,648 1415,652 1472,652 1472,682 1415,682 1385,685 1183,685 1161,676 988,676 972,675 742,675 726,665 426,665 403,665 260,665 260,629"/>
<Baseline points="260,665 403,665 426,665 726,665 742,675 972,675 988,676 1161,676 1183,685 1385,685 1415,682 1472,682"/>
<TextEquiv><Unicode>gewissen auſserordentlichen Gelegenheiten Geschenke dargebracht. Als</Unicode></TextEquiv>
</TextLine>

<TextLine id="line_9">
<Coords points="260,676 428,676 442,678 465,678 488,680 568,680 584,680 711,680 725,684 881,684 903,690 1074,690 1097,695 1164,695 1185,704 1243,704 1257,697 1315,697 1329,697 1467,697 1467,728 1329,728 1315,725 1257,725 1243,724 1185,724 1164,729 1097,729 1074,726 903,726 881,720 725,720 711,711 584,711 568,709 488,709 465,707 442,707 428,714 260,714 260,676"/>
<Baseline points="260,714 428,714 442,707 465,707 488,709 568,709 584,711 711,711 725,720 881,720 903,726 1074,726 1097,729 1164,729 1185,724 1243,724 1257,725 1315,725 1329,728 1467,728"/>
<TextEquiv><Unicode>Chilperich I. seine Tochter Rigunthis vermählte, trug von den Franken</Unicode></TextEquiv>
</TextLine>

<TextLine id="line_10">
<Coords points="256,723 343,723 364,733 417,733 430,725 592,725 612,728 703,728 742,730 798,730 819,740 872,740 894,734 1022,734 1037,736 1138,736 1158,740 1256,740 1270,745 1467,745 1467,777 1270,777 1256,770 1158,770 1138,767 1037,767 1022,763 894,763 872,761 819,761 798,759 742,759 703,756 612,756 592,755 430,755 417,752 364,752 343,759 256,759 256,723"/>
<Baseline points="256,759 343,759 364,752 417,752 430,755 592,755 612,756 703,756 742,759 798,759 819,761 872,761 894,763 1022,763 1037,767 1138,767 1158,770 1256,770 1270,777 1467,777"/>
<TextEquiv><Unicode>jeder zur Aussteuer bei . Die aus solchem Anlaſs üblich gewordenen</Unicode></TextEquiv>
</TextLine>

<TextLine id="line_11">
<Coords points="259,769 432,769 454,772 519,772 541,774 594,774 614,776 838,776 852,779 1100,779 1121,785 1168,785 1189,787 1237,787 1253,791 1352,791 1365,799 1464,799 1464,828 1365,828 1352,825 1253,825 1237,816 1189,816 1168,814 1121,814 1100,819 852,819 838,811 614,811 594,803 541,803 519,802 454,802 432,800 259,800 259,769"/>
<Baseline points="259,800 432,800 454,802 519,802 541,803 594,803 614,811 838,811 852,819 1100,819 1121,814 1168,814 1189,816 1237,816 1253,825 1352,825 1365,828 1464,828"/>
<TextEquiv><Unicode>Geschenke sind der geschichtliche Ausgangspunkt für die später sogen.</Unicode></TextEquiv>
</TextLine>

<TextLine id="line_12">
<Coords points="260,817 595,817 608,823 655,823 667,824 857,824 868,827 898,827 910,829 1061,829 1077,832 1237,832 1252,835 1373,835 1388,841 1465,841 1465,870 1388,870 1373,867 1252,867 1237,864 1077,864 1061,860 910,860 898,856 868,856 857,856 667,856 655,852 608,852 595,857 260,857 260,817"/>
<Baseline points="260,857 595,857 608,852 655,852 667,856 857,856 868,856 898,856 910,860 1061,860 1077,864 1237,864 1252,867 1373,867 1388,870 1465,870"/>
<TextEquiv><Unicode>Prinzessinnensteuer, die bekanntlich in einzelnen deutschen Staaten noch</Unicode></TextEquiv>
</TextLine>

<TextLine id="line_13">
<Coords points="259,857 349,857 375,867 552,867 580,880 617,880 637,871 731,871 758,874 883,874 925,876 1007,876 1034,880 1081,880 1103,880 1216,880 1247,886 1355,886 1377,889 1466,889 1466,918 1377,918 1355,915 1247,915 1216,920 1103,920 1081,909 1034,909 1007,908 925,908 883,906 758,906 731,902 637,902 617,900 580,900 552,898 375,898 349,895 259,895 259,857"/>
<Baseline points="259,895 349,895 375,898 552,898 580,900 617,900 637,902 731,902 758,906 883,906 925,908 1007,908 1034,909 1081,909 1103,920 1216,920 1247,915 1355,915 1377,918 1466,918"/>
<TextEquiv><Unicode>heute theoretisch zu Recht besteht. Auch die Steuer, welche nach-</Unicode></TextEquiv>
</TextLine>

<TextLine id="line_14">
<Coords points="256,914 331,914 359,915 407,915 438,916 490,916 518,917 819,917 846,924 897,924 924,926 1193,926 1222,933 1351,933 1380,937 1461,937 1461,974 1380,974 1351,965 1222,965 1193,962 924,962 897,955 846,955 819,961 518,961 490,947 438,947 407,945 359,945 331,944 256,944 256,914"/>
<Baseline points="256,944 331,944 359,945 407,945 438,947 490,947 518,961 819,961 846,955 897,955 924,962 1193,962 1222,965 1351,965 1380,974 1461,974"/>
<TextEquiv><Unicode>mals bei der Wehrhaftmachung des Herrschersohnes erhoben wird,</Unicode></TextEquiv>
</TextLine>

<TextLine id="line_15">
<Coords points="257,964 370,964 398,965 451,965 473,967 538,967 560,968 648,968 671,971 723,971 743,971 930,971 951,976 1017,976 1037,978 1118,978 1138,981 1328,981 1350,983 1425,983 1425,1014 1350,1014 1328,1012 1138,1012 1118,1008 1037,1008 1017,1006 951,1006 930,1004 743,1004 723,1000 671,1000 648,999 560,999 538,997 473,997 451,995 398,995 370,994 257,994 257,964"/>
<Baseline points="257,994 370,994 398,995 451,995 473,997 538,997 560,999 648,999 671,1000 723,1000 743,1004 930,1004 951,1006 1017,1006 1037,1008 1118,1008 1138,1012 1328,1012 1350,1014 1425,1014"/>
<TextEquiv><Unicode>scheint auf eine schon der fränkischen Zeit nicht unbekannte Sitte</Unicode></TextEquiv>
</TextLine>

<TextLine id="line_16">
<Coords points="254,1011 435,1011 456,1014 559,1014 578,1019 821,1019 830,1021 865,1021 865,1052 830,1052 821,1056 578,1056 559,1045 456,1045 435,1050 254,1050 254,1011"/>
<Baseline points="254,1050 435,1050 456,1045 559,1045 578,1056 821,1056 830,1052 865,1052"/>
<TextEquiv><Unicode>freiwilliger Gaben zurückzugehen .</Unicode></TextEquiv>
</TextLine>

<TextLine id="line_17">
<Coords points="332,1068 367,1068 389,1069 446,1069 462,1069 567,1069 589,1073 641,1073 654,1074 765,1074 786,1076 908,1076 931,1080 985,1080 1005,1081 1094,1081 1108,1082 1138,1082 1153,1086 1367,1086 1365,1087 1461,1087 1461,1123 1365,1123 1367,1118 1153,1118 1138,1110 1108,1110 1094,1110 1005,1110 985,1108 931,1108 908,1112 786,1112 765,1111 654,1111 641,1102 589,1102 567,1100 462,1100 446,1098 389,1098 367,1097 332,1097 332,1068"/>
<Baseline points="332,1097 367,1097 389,1098 446,1098 462,1100 567,1100 589,1102 641,1102 654,1111 765,1111 786,1112 908,1112 931,1108 985,1108 1005,1110 1094,1110 1108,1110 1138,1110 1153,1118 1367,1118 1365,1123 1461,1123"/>
<TextEquiv><Unicode>In den Schatz des Königs flieſsen, wie schon in germanischer Zeit,</Unicode></TextEquiv>
</TextLine>

<TextLine id="line_18">
<Coords points="254,1113 301,1113 329,1113 589,1113 619,1120 680,1120 708,1130 786,1130 813,1124 867,1124 888,1124 1056,1124 1084,1127 1135,1127 1162,1128 1291,1128 1322,1132 1379,1132 1406,1133 1463,1133 1463,1163 1406,1163 1379,1161 1322,1161 1291,1165 1162,1165 1135,1156 1084,1156 1056,1155 888,1155 867,1152 813,1152 786,1150 708,1150 680,1149 619,1149 589,1152 329,1152 301,1142 254,1142 254,1113"/>
<Baseline points="254,1142 301,1142 329,1152 589,1152 619,1149 680,1149 708,1150 786,1150 813,1152 867,1152 888,1155 1056,1155 1084,1156 1135,1156 1162,1165 1291,1165 1322,1161 1379,1161 1406,1163 1463,1163"/>
<TextEquiv><Unicode>die Friedensgelder, und zwar mit Ausnahme des Anteils, den der</Unicode></TextEquiv>
</TextLine>

<TextLine id="line_19">
<Coords points="252,1160 419,1160 440,1162 563,1162 591,1166 716,1166 758,1169 841,1169 870,1171 1009,1171 1037,1174 1084,1174 1105,1174 1302,1174 1333,1180 1380,1180 1401,1181 1456,1181 1456,1211 1401,1211 1380,1210 1333,1210 1302,1216 1105,1216 1084,1202 1037,1202 1009,1201 870,1201 841,1199 758,1199 716,1197 591,1197 563,1193 440,1193 419,1196 252,1196 252,1160"/>
<Baseline points="252,1196 419,1196 440,1193 563,1193 591,1197 716,1197 758,1199 841,1199 870,1201 1009,1201 1037,1202 1084,1202 1105,1216 1302,1216 1333,1210 1380,1210 1401,1211 1456,1211"/>
<TextEquiv><Unicode>königliche Beamte bezieht. Dazu kommen die Bannbuſsen, die Be-</Unicode></TextEquiv>
</TextLine>

</TextRegion>
<TextRegion id="block_1" custom="structure {type:header;}">
<Coords points="628,170 628,210 1117,210 1117,170 628,170"/>
<TextLine id="line_20">
<Coords points="628,170 641,170 659,171 698,171 732,173 886,173 903,176 954,176 971,177 1117,177 1117,210 971,210 954,200 903,200 886,205 732,205 698,201 659,201 641,201 628,201 628,170"/>
<Baseline points="628,201 641,201 659,201 698,201 732,205 886,205 903,200 954,200 971,210 1117,210"/>
<TextEquiv><Unicode>§ 68. Königshort und Königsgut.</Unicode></TextEquiv>
</TextLine>

</TextRegion>
<TextRegion id="block_2" custom="structure {type:pageNum;}">
<Coords points="265,164 265,192 302,192 302,164 265,164"/>
<TextLine id="line_21">
<Coords points="265,164 302,164 302,192 265,192 265,164"/>
<Baseline points="265,192 302,192"/>
<TextEquiv><Unicode>70</Unicode></TextEquiv>
</TextLine>

</TextRegion>
<TextRegion id="block_3" custom="structure {type:note;}">
<Coords points="370,1278 370,1330 370,1317 248,1317 248,1366 247,1357 247,1409 247,1398 247,1443 243,1439 243,1471 243,1480 366,1480 366,1529 366,1519 244,1519 244,1569 242,1559 242,1587 242,1596 364,1596 364,1641 364,1633 241,1633 241,1685 241,1672 241,1721 240,1711 240,1763 239,1749 239,1800 240,1789 240,1835 240,1828 240,1876 239,1869 239,1915 238,1906 238,1955 237,1945 237,1988 237,1985 357,1985 357,2037 357,2025 235,2025 235,2076 234,2064 234,2114 234,2105 234,2154 233,2145 233,2188 1303,2188 1303,2145 1445,2145 1445,2154 1445,2105 1445,2114 1445,2064 1442,2076 1442,2025 1442,2037 1442,1985 1314,1985 1314,1988 1314,1945 1445,1945 1445,1955 1445,1906 1446,1915 1446,1869 1448,1876 1448,1828 1446,1835 1446,1789 1448,1800 1448,1749 1451,1763 1451,1711 1449,1721 1449,1672 1449,1685 1449,1633 1450,1641 1450,1596 624,1596 624,1587 624,1559 1455,1559 1455,1569 1455,1519 1452,1529 1452,1480 527,1480 527,1471 527,1439 1454,1439 1454,1443 1454,1398 1454,1409 1454,1357 1454,1366 1454,1317 1461,1330 1461,1278 370,1278"/>
<TextLine id="line_22">
<Coords points="370,1278 467,1278 486,1279 516,1279 535,1281 636,1281 653,1285 867,1285 887,1287 945,1287 963,1288 975,1288 992,1288 1047,1288 1081,1291 1152,1291 1168,1294 1306,1294 1323,1307 1344,1307 1358,1300 1393,1300 1412,1301 1461,1301 1461,1326 1412,1326 1393,1330 1358,1330 1344,1323 1323,1323 1306,1322 1168,1322 1152,1317 1081,1317 1047,1314 992,1314 975,1312 963,1312 945,1318 887,1318 867,1317 653,1317 636,1307 535,1307 516,1304 486,1304 467,1303 370,1303 370,1278"/>
<Baseline points="370,1303 467,1303 486,1304 516,1304 535,1307 636,1307 653,1317 867,1317 887,1318 945,1318 963,1312 975,1312 992,1314 1047,1314 1081,1317 1152,1317 1168,1322 1306,1322 1323,1323 1344,1323 1358,1330 1393,1330 1412,1326 1461,1326"/>
<TextEquiv><Unicode>Notitia de servitio monasteriorum, Cap. I 349. Dazu Pückert a. O., der</Unicode></TextEquiv>
</TextLine>

<TextLine id="line_23">
<Coords points="248,1317 308,1317 326,1317 397,1317 413,1327 444,1327 461,1320 518,1320 534,1321 606,1321 630,1322 686,1322 704,1330 731,1330 748,1325 880,1325 902,1326 942,1326 963,1328 1060,1328 1081,1332 1262,1332 1288,1338 1332,1338 1351,1339 1454,1339 1454,1366 1351,1366 1332,1362 1288,1362 1262,1365 1081,1365 1060,1355 963,1355 942,1352 902,1352 880,1357 748,1357 731,1348 704,1348 686,1347 630,1347 606,1352 534,1352 518,1345 461,1345 444,1344 413,1344 397,1343 326,1343 308,1343 248,1343 248,1317"/>
<Baseline points="248,1343 308,1343 326,1343 397,1343 413,1344 444,1344 461,1345 518,1345 534,1352 606,1352 630,1347 686,1347 704,1348 731,1348 748,1357 880,1357 902,1352 942,1352 963,1355 1060,1355 1081,1365 1262,1365 1288,1362 1332,1362 1351,1366 1454,1366"/>
<TextEquiv><Unicode>aber darin zu weit geht, daſs er annimmt, die Notitia widerspreche der Reichs-</Unicode></TextEquiv>
</TextLine>

<TextLine id="line_24">
<Coords points="247,1357 399,1357 443,1360 515,1360 538,1361 598,1361 623,1362 683,1362 711,1372 757,1372 783,1365 823,1365 848,1368 1038,1368 1060,1371 1213,1371 1238,1376 1277,1376 1301,1378 1384,1378 1414,1387 1454,1387 1454,1404 1414,1404 1384,1409 1301,1409 1277,1400 1238,1400 1213,1404 1060,1404 1038,1400 848,1400 823,1390 783,1390 757,1389 711,1389 683,1388 623,1388 598,1392 538,1392 515,1385 443,1385 399,1391 247,1391 247,1357"/>
<Baseline points="247,1391 399,1391 443,1385 515,1385 538,1392 598,1392 623,1388 683,1388 711,1389 757,1389 783,1390 823,1390 848,1400 1038,1400 1060,1404 1213,1404 1238,1400 1277,1400 1301,1409 1384,1409 1414,1404 1454,1404"/>
<TextEquiv><Unicode>verfassung. Denn jene faſst nur die regelmäſsigen Leistungen ins Auge, so-</Unicode></TextEquiv>
</TextLine>

<TextLine id="line_25">
<Coords points="247,1398 302,1398 326,1399 365,1399 385,1399 476,1399 499,1401 543,1401 564,1402 685,1402 713,1404 756,1404 779,1405 972,1405 993,1410 1043,1410 1061,1411 1176,1411 1193,1413 1286,1413 1309,1416 1378,1416 1398,1425 1454,1425 1454,1443 1398,1443 1378,1441 1309,1441 1286,1439 1193,1439 1176,1438 1061,1438 1043,1434 993,1434 972,1433 779,1433 756,1429 713,1429 685,1435 564,1435 543,1426 499,1426 476,1425 385,1425 365,1424 326,1424 302,1424 247,1424 247,1398"/>
<Baseline points="247,1424 302,1424 326,1424 365,1424 385,1425 476,1425 499,1426 543,1426 564,1435 685,1435 713,1429 756,1429 779,1433 972,1433 993,1434 1043,1434 1061,1438 1176,1438 1193,1439 1286,1439 1309,1441 1378,1441 1398,1443 1454,1443"/>
<TextEquiv><Unicode>daſs die Pflicht der Gastung, des Brückenbaues und ähnliche Lasten nicht aus-</Unicode></TextEquiv>
</TextLine>

<TextLine id="line_26">
<Coords points="243,1439 404,1439 421,1441 527,1441 527,1466 421,1466 404,1471 243,1471 243,1439"/>
<Baseline points="243,1471 404,1471 421,1466 527,1466"/>
<TextEquiv><Unicode>geschlossen werden.</Unicode></TextEquiv>
</TextLine>

<TextLine id="line_27">
<Coords points="366,1480 439,1480 464,1482 522,1482 544,1483 608,1483 631,1484 672,1484 696,1485 729,1485 747,1486 789,1486 812,1487 902,1487 924,1496 982,1496 1004,1491 1081,1491 1104,1500 1207,1500 1230,1496 1382,1496 1408,1498 1452,1498 1452,1523 1408,1523 1382,1529 1230,1529 1207,1519 1104,1519 1081,1516 1004,1516 982,1514 924,1514 902,1512 812,1512 789,1511 747,1511 729,1509 696,1509 672,1508 631,1508 608,1508 544,1508 522,1506 464,1506 439,1512 366,1512 366,1480"/>
<Baseline points="366,1512 439,1512 464,1506 522,1506 544,1508 608,1508 631,1508 672,1508 696,1509 729,1509 747,1511 789,1511 812,1512 902,1512 924,1514 982,1514 1004,1516 1081,1516 1104,1519 1207,1519 1230,1529 1382,1529 1408,1523 1452,1523"/>
<TextEquiv><Unicode>Greg. Tur. Hist. Fr. VI 45: Franci vero multa munera obtulerunt, alii</Unicode></TextEquiv>
</TextLine>

<TextLine id="line_28">
<Coords points="244,1525 338,1525 356,1519 400,1519 417,1524 553,1524 570,1524 683,1524 702,1526 797,1526 814,1527 921,1527 940,1529 1053,1529 1076,1533 1223,1533 1241,1539 1265,1539 1282,1538 1455,1538 1455,1569 1282,1569 1265,1561 1241,1561 1223,1560 1076,1560 1053,1563 940,1563 921,1559 814,1559 797,1557 702,1557 683,1549 570,1549 553,1553 417,1553 400,1544 356,1544 338,1548 244,1548 244,1525"/>
<Baseline points="244,1548 338,1548 356,1544 400,1544 417,1553 553,1553 570,1549 683,1549 702,1557 797,1557 814,1559 921,1559 940,1563 1053,1563 1076,1560 1223,1560 1241,1561 1265,1561 1282,1569 1455,1569"/>
<TextEquiv><Unicode>aurum, alii argentum, nonnulli equites (equos), plerique vestimenta et unusquisque</Unicode></TextEquiv>
</TextLine>

<TextLine id="line_29">
<Coords points="242,1560 271,1560 288,1559 370,1559 388,1559 531,1559 549,1562 624,1562 624,1587 549,1587 531,1585 388,1585 370,1587 288,1587 271,1581 242,1581 242,1560"/>
<Baseline points="242,1581 271,1581 288,1587 370,1587 388,1585 531,1585 549,1587 624,1587"/>
<TextEquiv><Unicode>ut potuit donativum dedit.</Unicode></TextEquiv>
</TextLine>

<TextLine id="line_30">
<Coords points="364,1596 415,1596 438,1598 496,1598 514,1607 559,1607 581,1602 625,1602 641,1603 825,1603 847,1614 895,1614 912,1608 941,1608 959,1609 1030,1609 1048,1611 1104,1611 1122,1613 1182,1613 1199,1614 1215,1614 1237,1615 1282,1615 1304,1616 1372,1616 1388,1617 1450,1617 1450,1641 1388,1641 1372,1640 1304,1640 1282,1639 1237,1639 1215,1638 1199,1638 1182,1638 1122,1638 1104,1636 1048,1636 1030,1634 959,1634 941,1632 912,1632 895,1631 847,1631 825,1637 641,1637 625,1626 581,1626 559,1625 514,1625 496,1623 438,1623 415,1621 364,1621 364,1596"/>
<Baseline points="364,1621 415,1621 438,1623 496,1623 514,1625 559,1625 581,1626 625,1626 641,1637 825,1637 847,1631 895,1631 912,1632 941,1632 959,1634 1030,1634 1048,1636 1104,1636 1122,1638 1182,1638 1199,1638 1215,1638 1237,1639 1282,1639 1304,1640 1372,1640 1388,1641 1450,1641"/>
<TextEquiv><Unicode>Das darf aus der Vergleichung von L. Rom. Cur. VIII 4 mit ihrer Vor-</Unicode></TextEquiv>
</TextLine>

<TextLine id="line_31">
<Coords points="241,1633 297,1633 315,1634 471,1634 487,1638 593,1638 626,1641 674,1641 698,1642 774,1642 796,1644 840,1644 858,1646 983,1646 1004,1649 1094,1649 1120,1652 1219,1652 1242,1653 1326,1653 1348,1655 1449,1655 1449,1685 1348,1685 1326,1683 1242,1683 1219,1682 1120,1682 1094,1674 1004,1674 983,1672 858,1672 840,1668 796,1668 774,1668 698,1668 674,1665 626,1665 593,1663 487,1663 471,1660 315,1660 297,1664 241,1664 241,1633"/>
<Baseline points="241,1664 297,1664 315,1660 471,1660 487,1663 593,1663 626,1665 674,1665 698,1668 774,1668 796,1668 840,1668 858,1672 983,1672 1004,1674 1094,1674 1120,1682 1219,1682 1242,1683 1326,1683 1348,1685 1449,1685"/>
<TextEquiv><Unicode>lage erschlossen werden. Die Stelle der Curiensis lautet: quando aliqua publica</Unicode></TextEquiv>
</TextLine>

<TextLine id="line_32">
<Coords points="241,1672 332,1672 349,1674 497,1674 513,1676 561,1676 579,1681 616,1681 633,1683 676,1683 697,1681 801,1681 824,1685 889,1685 913,1689 956,1689 972,1688 1073,1688 1097,1690 1153,1690 1172,1692 1236,1692 1252,1692 1324,1692 1345,1693 1383,1693 1406,1697 1449,1697 1449,1718 1406,1718 1383,1721 1345,1721 1324,1715 1252,1715 1236,1715 1172,1715 1153,1720 1097,1720 1073,1717 972,1717 956,1709 913,1709 889,1714 824,1714 801,1707 697,1707 676,1703 633,1703 616,1702 579,1702 561,1701 513,1701 497,1699 349,1699 332,1703 241,1703 241,1672"/>
<Baseline points="241,1703 332,1703 349,1699 497,1699 513,1701 561,1701 579,1702 616,1702 633,1703 676,1703 697,1707 801,1707 824,1714 889,1714 913,1709 956,1709 972,1717 1073,1717 1097,1720 1153,1720 1172,1715 1236,1715 1252,1715 1324,1715 1345,1721 1383,1721 1406,1718 1449,1718"/>
<TextEquiv><Unicode>gaudia nunciantur hoc est aut elevatio regis aut nuptias (vgl. oben Anm. 17) aut</Unicode></TextEquiv>
</TextLine>

<TextLine id="line_33">
<Coords points="240,1711 384,1711 401,1716 444,1716 461,1714 545,1714 563,1716 612,1716 629,1718 727,1718 746,1721 812,1721 824,1722 857,1722 873,1723 969,1723 987,1726 1101,1726 1120,1728 1183,1728 1200,1729 1303,1729 1321,1730 1352,1730 1368,1739 1451,1739 1451,1763 1368,1763 1352,1754 1321,1754 1303,1753 1200,1753 1183,1751 1120,1751 1101,1755 987,1755 969,1748 873,1748 857,1746 824,1746 812,1750 746,1750 727,1748 629,1748 612,1740 563,1740 545,1745 461,1745 444,1737 401,1737 384,1736 240,1736 240,1711"/>
<Baseline points="240,1736 384,1736 401,1737 444,1737 461,1745 545,1745 563,1740 612,1740 629,1748 727,1748 746,1750 812,1750 824,1746 857,1746 873,1748 969,1748 987,1755 1101,1755 1120,1751 1183,1751 1200,1753 1303,1753 1321,1754 1352,1754 1368,1763 1451,1763"/>
<TextEquiv><Unicode>barbatoria aut aliqua alia gaudia, quod ad iudices pertinet, nihil invitum ad popu-</Unicode></TextEquiv>
</TextLine>

<TextLine id="line_34">
<Coords points="239,1749 290,1749 307,1757 354,1757 371,1750 436,1750 452,1760 498,1760 515,1754 583,1754 600,1757 723,1757 741,1764 913,1764 954,1762 1002,1762 1019,1764 1177,1764 1195,1766 1239,1766 1261,1769 1380,1769 1406,1772 1448,1772 1448,1797 1406,1797 1380,1800 1261,1800 1239,1791 1195,1791 1177,1797 1019,1797 1002,1787 954,1787 913,1790 741,1790 723,1787 600,1787 583,1779 515,1779 498,1777 452,1777 436,1776 371,1776 354,1774 307,1774 290,1774 239,1774 239,1749"/>
<Baseline points="239,1774 290,1774 307,1774 354,1774 371,1776 436,1776 452,1777 498,1777 515,1779 583,1779 600,1787 723,1787 741,1790 913,1790 954,1787 1002,1787 1019,1797 1177,1797 1195,1791 1239,1791 1261,1800 1380,1800 1406,1797 1448,1797"/>
<TextEquiv><Unicode>lum nec dona nec nulla expendia exsequantur. Die Aufzählung der Anlässe, bei</Unicode></TextEquiv>
</TextLine>

<TextLine id="line_35">
<Coords points="240,1789 350,1789 368,1790 408,1790 425,1791 589,1791 606,1802 654,1802 672,1796 738,1796 755,1798 805,1798 824,1800 947,1800 964,1803 1082,1803 1100,1805 1169,1805 1192,1806 1225,1806 1245,1806 1289,1806 1305,1808 1359,1808 1378,1810 1446,1810 1446,1835 1378,1835 1359,1832 1305,1832 1289,1830 1245,1830 1225,1830 1192,1830 1169,1834 1100,1834 1082,1828 964,1828 947,1830 824,1830 805,1822 755,1822 738,1821 672,1821 654,1819 606,1819 589,1825 425,1825 408,1815 368,1815 350,1814 240,1814 240,1789"/>
<Baseline points="240,1814 350,1814 368,1815 408,1815 425,1825 589,1825 606,1819 654,1819 672,1821 738,1821 755,1822 805,1822 824,1830 947,1830 964,1828 1082,1828 1100,1834 1169,1834 1192,1830 1225,1830 1245,1830 1289,1830 1305,1832 1359,1832 1378,1835 1446,1835"/>
<TextEquiv><Unicode>welchen die Eintreibung von dona und expendia verboten wird, ist der Lex Curi-</Unicode></TextEquiv>
</TextLine>

<TextLine id="line_36">
<Coords points="240,1828 306,1828 325,1828 506,1828 539,1832 574,1832 592,1837 692,1837 709,1836 762,1836 785,1838 825,1838 849,1839 950,1839 968,1842 1090,1842 1114,1843 1251,1843 1275,1845 1341,1845 1362,1849 1448,1849 1448,1875 1362,1875 1341,1871 1275,1871 1251,1876 1114,1876 1090,1867 968,1867 950,1864 849,1864 825,1862 785,1862 762,1861 709,1861 692,1859 592,1859 574,1857 539,1857 506,1859 325,1859 306,1852 240,1852 240,1828"/>
<Baseline points="240,1852 306,1852 325,1859 506,1859 539,1857 574,1857 592,1859 692,1859 709,1861 762,1861 785,1862 825,1862 849,1864 950,1864 968,1867 1090,1867 1114,1876 1251,1876 1275,1871 1341,1871 1362,1875 1448,1875"/>
<TextEquiv><Unicode>ensis eigentümlich. Es müssen also bei solchen Anlässen freiwillige dona üblich</Unicode></TextEquiv>
</TextLine>

<TextLine id="line_37">
<Coords points="239,1874 352,1874 369,1869 429,1869 458,1870 537,1870 555,1872 602,1872 619,1874 777,1874 794,1877 828,1877 845,1877 885,1877 902,1880 946,1880 963,1880 1007,1880 1018,1881 1276,1881 1292,1893 1446,1893 1446,1914 1292,1914 1276,1915 1018,1915 1007,1905 963,1905 946,1904 902,1904 885,1903 845,1903 828,1901 794,1901 777,1901 619,1901 602,1897 555,1897 537,1896 458,1896 429,1893 369,1893 352,1898 239,1898 239,1874"/>
<Baseline points="239,1898 352,1898 369,1893 429,1893 458,1896 537,1896 555,1897 602,1897 619,1901 777,1901 794,1901 828,1901 845,1903 885,1903 902,1904 946,1904 963,1905 1007,1905 1018,1915 1276,1915 1292,1914 1446,1914"/>
<TextEquiv><Unicode>gewesen sein. Unter den barbatoriae ist die mit der Wehrhaftmachung zusammen-</Unicode></TextEquiv>
</TextLine>

<TextLine id="line_38">
<Coords points="238,1906 346,1906 372,1908 431,1908 456,1910 493,1910 510,1913 653,1913 671,1914 815,1914 832,1926 863,1926 882,1920 1021,1920 1061,1920 1134,1920 1154,1923 1218,1923 1235,1924 1247,1924 1265,1924 1307,1924 1329,1926 1445,1926 1445,1954 1329,1954 1307,1955 1265,1955 1247,1947 1235,1947 1218,1947 1154,1947 1134,1946 1061,1946 1021,1945 882,1945 863,1942 832,1942 815,1941 671,1941 653,1938 510,1938 493,1934 456,1934 431,1932 372,1932 346,1931 238,1931 238,1906"/>
<Baseline points="238,1931 346,1931 372,1932 431,1932 456,1934 493,1934 510,1938 653,1938 671,1941 815,1941 832,1942 863,1942 882,1945 1021,1945 1061,1946 1134,1946 1154,1947 1218,1947 1235,1947 1247,1947 1265,1955 1307,1955 1329,1954 1445,1954"/>
<TextEquiv><Unicode>fallende oder sie ersetzende Haarschur zu verstehen. Siehe oben I 78, Grimm</Unicode></TextEquiv>
</TextLine>

<TextLine id="line_39">
<Coords points="237,1945 283,1945 302,1945 325,1945 346,1946 391,1946 408,1947 459,1947 477,1948 517,1948 534,1950 560,1950 576,1951 644,1951 663,1953 744,1953 760,1956 843,1956 860,1957 915,1957 933,1960 1005,1960 1024,1960 1039,1960 1057,1961 1153,1961 1170,1962 1314,1962 1314,1988 1170,1988 1153,1986 1057,1986 1039,1983 1024,1983 1005,1983 933,1983 915,1987 860,1987 843,1980 760,1980 744,1978 663,1978 644,1976 576,1976 560,1975 534,1975 517,1974 477,1974 459,1972 408,1972 391,1971 346,1971 325,1970 302,1970 283,1970 237,1970 237,1945"/>
<Baseline points="237,1970 283,1970 302,1970 325,1970 346,1971 391,1971 408,1972 459,1972 477,1974 517,1974 534,1975 560,1975 576,1976 644,1976 663,1978 744,1978 760,1980 843,1980 860,1987 915,1987 933,1983 1005,1983 1024,1983 1039,1983 1057,1986 1153,1986 1170,1988 1314,1988"/>
<TextEquiv><Unicode>RA S. 146 und die in Mon. Germ. LL V 361, Anm. 2 citierte Litteratur.</Unicode></TextEquiv>
</TextLine>

<TextLine id="line_40">
<Coords points="357,1985 400,1985 402,1987 500,1987 510,1989 647,1989 653,1992 805,1992 815,1996 893,1996 902,1998 942,1998 951,1999 1039,1999 1048,2000 1092,2000 1100,2000 1285,2000 1286,2005 1335,2005 1344,2006 1442,2006 1442,2037 1344,2037 1335,2029 1286,2029 1285,2028 1100,2028 1092,2024 1048,2024 1039,2024 951,2024 942,2022 902,2022 893,2021 815,2021 805,2025 653,2025 647,2022 510,2022 500,2013 402,2013 400,2010 357,2010 357,1985"/>
<Baseline points="357,2010 400,2010 402,2013 500,2013 510,2022 647,2022 653,2025 805,2025 815,2021 893,2021 902,2022 942,2022 951,2024 1039,2024 1048,2024 1092,2024 1100,2028 1285,2028 1286,2029 1335,2029 1344,2037 1442,2037"/>
<TextEquiv><Unicode>Wie leicht freiwillige Leistungen durch die Praxis der Fiskalbeamten in pflicht-</Unicode></TextEquiv>
</TextLine>

<TextLine id="line_41">
<Coords points="235,2025 341,2025 358,2028 538,2028 554,2030 668,2030 691,2033 756,2033 773,2042 795,2042 814,2042 836,2042 854,2036 894,2036 912,2037 984,2037 1011,2039 1217,2039 1243,2042 1286,2042 1304,2044 1362,2044 1390,2048 1442,2048 1442,2076 1390,2076 1362,2070 1304,2070 1286,2067 1243,2067 1217,2065 1011,2065 984,2067 912,2067 894,2061 854,2061 836,2059 814,2059 795,2058 773,2058 756,2064 691,2064 668,2060 554,2060 538,2057 358,2057 341,2057 235,2057 235,2025"/>
<Baseline points="235,2057 341,2057 358,2057 538,2057 554,2060 668,2060 691,2064 756,2064 773,2058 795,2058 814,2059 836,2059 854,2061 894,2061 912,2067 984,2067 1011,2065 1217,2065 1243,2067 1286,2067 1304,2070 1362,2070 1390,2076 1442,2076"/>
<TextEquiv><Unicode>mäſsige umgewandelt wurden, zeigt u. a. die Urk., Mühlbacher Nr. 821: Das</Unicode></TextEquiv>
</TextLine>

<TextLine id="line_42">
<Coords points="234,2066 338,2066 361,2064 385,2064 403,2066 480,2066 504,2067 573,2067 599,2069 644,2069 664,2072 798,2072 820,2075 888,2075 909,2076 1005,2076 1027,2078 1067,2078 1091,2081 1330,2081 1349,2086 1445,2086 1445,2114 1349,2114 1330,2110 1091,2110 1067,2102 1027,2102 1005,2108 909,2108 888,2100 820,2100 798,2097 664,2097 644,2094 599,2094 573,2092 504,2092 480,2091 403,2091 385,2089 361,2089 338,2091 234,2091 234,2066"/>
<Baseline points="234,2091 338,2091 361,2089 385,2089 403,2091 480,2091 504,2092 573,2092 599,2094 644,2094 664,2097 798,2097 820,2100 888,2100 909,2108 1005,2108 1027,2102 1067,2102 1091,2110 1330,2110 1349,2114 1445,2114"/>
<TextEquiv><Unicode>Kloster S. Denis hatte auf Ansuchen eines Königs bei augenblicklichem Bedarf</Unicode></TextEquiv>
</TextLine>

<TextLine id="line_43">
<Coords points="234,2106 281,2106 305,2105 365,2105 389,2105 462,2105 488,2107 552,2107 578,2108 621,2108 646,2109 715,2109 741,2113 867,2113 897,2115 937,2115 959,2116 1078,2116 1104,2118 1231,2118 1256,2123 1292,2123 1316,2124 1382,2124 1404,2129 1445,2129 1445,2154 1404,2154 1382,2151 1316,2151 1292,2147 1256,2147 1231,2145 1104,2145 1078,2141 959,2141 937,2140 897,2140 867,2144 741,2144 715,2134 646,2134 621,2133 578,2133 552,2131 488,2131 462,2130 389,2130 365,2130 305,2130 281,2131 234,2131 234,2106"/>
<Baseline points="234,2131 281,2131 305,2130 365,2130 389,2130 462,2130 488,2131 552,2131 578,2133 621,2133 646,2134 715,2134 741,2144 867,2144 897,2140 937,2140 959,2141 1078,2141 1104,2145 1231,2145 1256,2147 1292,2147 1316,2151 1382,2151 1404,2154 1445,2154"/>
<TextEquiv><Unicode>200 Faſs Wein nach der Pfalz gesendet; die Beamten forderten sie dann als</Unicode></TextEquiv>
</TextLine>

<TextLine id="line_44">
<Coords points="233,2145 381,2145 398,2145 466,2145 484,2154 531,2154 549,2147 667,2147 685,2149 790,2149 807,2152 825,2152 845,2152 885,2152 903,2154 995,2154 1013,2155 1060,2155 1078,2157 1188,2157 1205,2161 1303,2161 1303,2188 1205,2188 1188,2184 1078,2184 1060,2180 1013,2180 995,2179 903,2179 885,2177 845,2177 825,2175 807,2175 790,2181 685,2181 667,2173 549,2173 531,2171 484,2171 466,2177 398,2177 381,2177 233,2177 233,2145"/>
<Baseline points="233,2177 381,2177 398,2177 466,2177 484,2171 531,2171 549,2173 667,2173 685,2181 790,2181 807,2175 825,2175 845,2177 885,2177 903,2179 995,2179 1013,2180 1060,2180 1078,2184 1188,2184 1205,2188 1303,2188"/>
<TextEquiv><Unicode>schuldigen Zins, von welchem Ludwig I. die Kirche 828 befreien muſste.</Unicode></TextEquiv>
</TextLine>

</TextRegion>
</Page>
</PcGts>