1600 2404
274 248 1480 283 höheren Standes oder von bestimmten Verbrechen sich vorzubehalten
276 294 1479 333 oder vor sein Forum zu ziehen . Eine Sonderstellung hatten auch
276 342 1481 382 in dieser Beziehung die Sachsen. Wer bei ihnen das Leben verwirkt
278 389 1481 431 hatte, konnte vom König nur mit ihrer Zustimmung und nur in der
279 436 1481 479 Weise begnadigt werden, daſs er ihn mit Weib und Kind auſserhalb
280 484 1482 522 der Heimat internierte, während er in Sachsen als rechtlich tot zu
279 535 576 566 betrachten war .
361 578 1482 618 Neben dem gemeinen Königsfrieden giebt es einen höheren Sonder-
280 626 1483 668 frieden, welcher entweder im Volksrechte oder in der königlichen
281 674 848 715 Banngewalt seine Grundlage hat.
363 721 1483 757 Das Volksrecht selbst kennt einen höheren Sonderfrieden, in
284 768 1484 805 welchem die Person des Königs und sein Vermögen steht. Die Un-
283 816 1483 857 that gegen die Person des fränkischen Königs ist ein politisches und
285 863 1485 905 todeswürdiges Verbrechen und fällt unter den Begriff des Hochver-
284 913 1485 952 rats . Das Gut des Königs wird durch eine höhere Buſse geschützt,
284 961 1486 997 deren Verhältnis zur normalen Buſse in den verschiedenen Zeiten ein
285 1008 1484 1045 verschiedenes war. Im älteren salischen Rechte betrug sie wie bei
284 1056 1487 1099 den Langobarden  nur das Doppelte der gewöhnlichen Buſse, soweit
288 1103 1487 1144 Stücke des beweglichen Vermögens in Frage kamen . Sie wurde
285 1149 1485 1190 aber, wie es scheint noch im sechsten Jahrhundert, derart erhöht,
287 1197 1487 1241 daſs sie auf das Dreifache stieg . Vorsätzliche und bewuſste Ein-
271 175 313 204 44
736 169 1021 203 § 65. Königsfriede.
397 1290 1489 1323 Decretio Childeb. II. v. J. 596 c. 8, wo es heiſst, daſs der Dieb, wenn er
287 1327 1489 1366 eine debilior persona, in loco gehängt, der Francus homo dagegen vor den König
287 1369 1488 1409 gebracht werden solle. Pipp. Cap. 754/5 c. 7, I 32: si maior persona fuerit, in
287 1410 1489 1450 regis arbitrium erit. Kar. Cap. miss. v. J. 802 c. 3, I 97: bannum dominicum solvat
287 1450 1489 1484 vel si maioris debiti reus sit, ad sua praesentia perduci iussum est. Cap. Aquisgr.
286 1490 1492 1528 801—813 c. 12, I 171: ut homines boni generis, qui infra comitatum inique vel
288 1530 1492 1569 iniuste agunt, in praesentia regis ducantur; et rex super eos districtionem faciat
289 1570 1491 1606 carcerandi, exiliandi usque ad emendationem illorum. Cap. de missis instruendis
289 1610 1493 1644 v. J. 829 II 9: quae personae vel quibus causis culpabiles ad praesentiam nostram
289 1647 1493 1682 venire debent, discernendum est . . . . isti veniant, si talibus culpis et criminibus
289 1689 1011 1724 deprehensi fuerint, quales inferius adnotatae sunt.
413 1727 904 1761 Cap. Saxon. v. J. 797 c. 10, I 72.
413 1767 667 1798 Siehe unten § 67.
412 1804 933 1836 Aistulf 17, Lombarda-Comment. I 2.
412 1841 1494 1877 Lex Sal. 25, 4: si quis vero cum rege ancilla mechatus fuerit . . 30 sol.
292 1881 1496 1920 culp. iud., während dasselbe Vergehen nach 25, 3 sonst nur mit 15 Sol. gebüſst
292 1919 1496 1957 wird. Für den Hengst des Königs setzt Lex Sal. 38, 2, Cod. 5. 6 eine Buſse von
291 1959 1496 1995 90 Solidi, während der Hengst des homo Francus nur eine Buſse von 45 Solidi
292 1998 1496 2034 hat. Der Stier des Königs hat in Lex Sal. 3, 5, Cod. 5. 6, Herold und Emend.
291 2037 1149 2074 die Buſse von 90 Schillingen gegen 45 des Gemeindestiers.
413 2077 1498 2112 Lex Sal. Herold 79, Hessels Extrav. A. 6, col. 420: causae vero dominicae
291 2117 1499 2157 in triplo componuntur. Dasselbe folgt aus Lex Rib. 11, 3: si quis regio aut eccle-
290 2157 1497 2194 siastico homini de quacumlibet rem forcium fecerit et per vim tollerit, in triplo
