1600 2404
155 256 1359 296 Grafen aufgebotene Volk vereidigen lieſs . Der Eid wurde auch ver-
154 304 1358 343 langt, wenn der König seine Herrschaft auf ein Gebiet ausdehnte,
155 352 1271 389 dessen Bewohner sich ihm noch nicht eidlich verpflichtet hatten.
234 398 1359 436 Unter den letzten Merowingern scheint die allgemeine Huldigung
154 446 1357 485 auſser Gebrauch gekommen zu sein, zumal die Hausmeier kein Inter-
154 494 1358 531 esse hatten, die Unterthanen für den König in Eid und Pflicht zu
153 542 1358 579 nehmen. Auch von einem Treueid, den Pippin sich nach seiner Er-
152 590 1358 629 hebung hätte leisten lassen, wird in den Quellen nichts erwähnt. Und
152 638 1358 674 Karl der Groſse hatte bereits geraume Zeit regiert, als er die Ab-
152 685 1359 716 nahme des Unterthaneneides wieder einführte. Sie wurde im Jahre
154 733 1356 769 789, und zwar wahrscheinlich damals zuerst, von ihm angeordnet .
152 780 1356 817 Eine abermalige Beeidigung aller Unterthanen befahl er aus An-
151 828 1359 866 laſs der Erwerbung der Kaiserwürde im Jahre 802 , dann wieder
152 877 1357 913 806 mit Rücksicht auf die damals beschlossene Reichsteilung  und
151 924 1355 961 schlieſslich gegen Ende seiner Regierung 812 oder 813 vermutlich,
152 970 1357 1007 weil nach dem Ableben seiner Söhne Pippin und Karl († 4. Dez. 811)
152 1017 1147 1056 die Thronfolgeordnung von 806 hinfällig geworden war .
506 178 1008 211 § 67. Königstreue und Huldigung.
1321 179 1359 209 59
261 1096 1359 1128 Marculf I 40. Die höheren Beamten mögen den Eid in der Regel persön-
150 1136 1221 1171 lich geleistet haben. Vgl. W. Sickel, Gött. gel. Anzeigen 1890, S. 214.
274 1177 1359 1209 Das Edictum legationis von 789, Cap. I 62, schreibt in c. 18 die Eides-
151 1211 1359 1249 formel vor. Von einer angeordneten Huldigung spricht auch die Überschrift der
154 1257 1363 1289 Instruktion für die nach Aquitanien gesendeten Missi von 789, Cap. I 65. Auf
151 1297 1360 1330 die Ausführung dieser Maſsregel ist wohl auch das Cap. miss. I 66 zu beziehen,
151 1338 1359 1370 wo Karl in c. 1 die Notwendigkeit allgemeiner Beeidigung damit begründet, daſs
152 1378 1360 1410 kürzlich eine Empörung versucht worden sei, deren Teilnehmer, als sie zur Rechen-
151 1416 1357 1449 schaft gezogen wurden, sich darauf beriefen, sie hätten dem König keine Treue
151 1455 1358 1489 geschworen. Manche denken dabei an die Empörung der Thüringer unter Leitung
151 1493 1358 1525 des Grafen Hardrad im Jahre 786, andere an die des Bastards Pippin im Jahre
152 1532 1359 1566 792. Demgemäſs setzen jene das Cap. I 66 in das Jahr 786: so Abel, Jahrb.
150 1572 1359 1606 I 435, Mühlbacher, Nr. 264, Waitz, VG III 291, Anm. 2, diese in das Jahr
151 1611 1357 1646 792: so Boretius, Capitularienkritik S. 133, Th. Sickel, Acta II 272. Vgl.
150 1648 1358 1686 noch Richter, Annalen II 120, Anm. 1 (wo ein Versuch, die korrumpierte Über-
151 1694 1359 1725 schrift zu retten). Das Jahr 786 ist nicht zu halten. Denn es ist undenkbar, daſs
150 1733 1359 1764 für eine 786 angeordnete Huldigung erst 789 die Eidesformel festgestellt worden
151 1772 1359 1804 sei. Ebensowenig läſst sich annehmen, daſs 786 eine erste, 789 eine zweite all-
151 1812 1359 1843 gemeine Beeidigung befohlen worden sei. Cap. I 66 kann daher nicht älter sein
151 1851 1359 1883 als Cap. I 62. Dafür spricht auch die Einreihung von Cap. I 66 in der einzigen
150 1889 1359 1921 Handschrift, die es überliefert. Deshalb muſs es aber nicht von 792 stammen. Der
150 1928 1360 1961 Eingang kann immerhin auf die Verschwörung Hardrads deuten. Die Prozessierung
151 1968 1358 2001 einzelner seiner Anhänger zog sich durch etliche Jahre hin (vgl. Cap. Franconof.
150 2008 1357 2040 v. J. 794, c. 9, I 75), sodaſs jenes Ereignis in frischer Erinnerung blieb. Die Aus-
150 2045 1213 2079 flucht der Empörer erklärt sich aus der Nichtleistung eines Diensteides.
272 2087 653 2119 Cap. miss. gen. c. 2, I 92.
273 2124 1273 2157 Cap. miss. Niumag. c. 2, I 131. Vgl. Waitz, VG III 278, Anm. 3.
273 2164 1169 2196 Cap. de iustitiis faciendis c. 13, I 177. Waitz, VG III 299.
