1600 2294
261 256 1538 301 Niellen ähnlich denen des florentinischen Baptisteriums , tragen das
260 308 1540 350 Datum 1207, welches wohl das des Ausbaues der ganzen Kirche sein
261 359 1447 404 möchte. (Ob sie von S. Zeno in Verona, s. unten, bedingt ist?)
344 411 1536 453 Man sollte kaum glauben, dass auf ein System von Kirchenfas-
262 461 1539 506 saden wie die genannten noch eine Missbildung habe folgen können
262 512 1538 558 wie die Vorderseite der sog. Pieve vecchia zu Arezzo, vom Anfang
261 563 1537 608 des XIII. Jahrhunderts . Mit einer solchen Anstrengung ist kaum
259 615 1537 660 irgendwo jeder Anklang an Harmonie, an vernünftige Entwicklung
259 665 1537 705 durchgehender Motive vermieden worden wie hier. Das Innere ist bei
259 713 1539 761 Weitem besser und durch die fast antiken korinthischen Capitäle in-
257 762 1537 811 teressant; das Äussere der Chornische dagegen wieder der Fassade
260 819 397 859 würdig.
340 973 1541 1016 In Genua vermischt sich der romanische Styl Frankreichs mit
258 1024 1538 1066 der von Pisa ausgehenden Einwirkung. Die betreffenden Kirchen sind
257 1077 1539 1120 meist Basiliken mit einer Art von Querschiff, auch wohl mit einer
258 1128 1536 1171 (unbedeutenden und meist veränderten) Kuppel; die Säulen theils
258 1179 1538 1223 antik, theils in Schichten von schwarz und weiss abwechselnd; die
258 1229 1536 1275 Capitäle theils antik, theils antikisirend. An den Fassaden ist nirgends
259 1281 1539 1324 das reichere toscanische System von Galerien, sondern nur das ein-
257 1332 1539 1378 fachere von Wandpfeilern, mit Abwechslung der Farbenschichten, zu
259 1383 1534 1428 bemerken. (Die auch oft nur aus moderner Romantik aufgemalt sind.)
258 1435 1537 1477 Zur gothischen Zeit behielt man diese ganze, für die reiche Stadt etwas
259 1486 1535 1531 dürftige Bauweise bei und ersetzte nur einen Theil der Rundbogen
258 1537 581 1578 durch Spitzbogen.
339 1588 1536 1628 Durch plastischen Reichthum sind nur die beiden Portale der
258 1639 1538 1685 Seitenschiffe des Domes (XII. Jahrhundert?) einigermassen ausge-
257 1692 1540 1737 zeichnet. (Das Innere des Domes ein Umbau vom Jahr 1308, mit
258 1743 1539 1785 Benützung der ältern Säulen.) S. Maria di Castello ist nach den
507 166 1304 203 Romanische Architektur. Arezzo. Genua.
264 175 335 210 112
236 520 253 539 a
230 1641 249 1668 b
235 1753 251 1772 c
324 1869 1538 1917 Wogegen die pisanischen Boden-Mosaiken (Battistero, Dom, S. Pierino) nebst
324 1919 1538 1955 denen von S. Frediano zu Lucca noch fast ganz der christlich-römischen
323 1957 1279 2000 Technik folgen, wie sie oben S. 95 u. 96 geschildert wurde.
320 2007 1538 2045 Das Datum der Portalsculpturen, 1216, gilt doch wohl annähernd für die
323 2052 562 2086 ganze Fassade.
