1600 2480
156 232 1245 292 Vaterſtadt eine neue geiſtige Heimath finden dürfe in der
160 290 1244 349 Sprache und Bildung, die ihm nicht mehr genommen werden
156 347 1244 405 könne, und auf dieſen Punkt werden wir noch einmal
156 411 404 451 zurückkommen.
242 471 1242 521 Den Villani, Giovanni ſowohl als Matteo, verdanken
154 524 1243 580 wir nicht ſowohl tiefe politiſche Betrachtungen als vielmehr
153 578 1242 639 friſche, practiſche Urtheile und die Grundlage zur Statiſtik
153 644 1240 694 von Florenz, nebſt wichtigen Angaben über andere Staaten.
153 694 1240 753 Handel und Induſtrie hatten auch hier neben dem politi-
152 752 1240 810 ſchen Denken das ſtaatsöconomiſche geweckt. Ueber die
153 812 1239 870 Geldverhältniſſe im Großen wußte man nirgends in der
152 869 1237 928 Welt ſo genauen Beſcheid, anzufangen von der päpſtlichen
152 927 1237 986 Curie zu Avignon, deren enormer Kaſſenbeſtand (25 Mill.
151 985 1238 1049 Goldgulden beim Tode Johann's XXII.) nur aus ſo guten
149 1043 1238 1102 Quellen  glaublich wird. Nur hier erhalten wir Beſcheid über
151 1106 1237 1163 coloſſale Anleihen z. B.: des Königs von England bei den
149 1160 1237 1220 florentiniſchen Häuſern Bardi und Peruzzi, welche ein
149 1219 1237 1280 Guthaben von 1,365,000 Goldgulden — eigenes und Com-
148 1283 1237 1337 pagnie-Geld — einbüßten (1338) und ſich dennoch wieder
148 1341 1238 1393 erholten . Das wichtigſte aber ſind die auf den Staat
147 1393 1236 1451 bezüglichen Angaben  aus jener nämlichen Zeit: Die
148 1450 1235 1511 Staatseinnahmen (über 300,000 Goldgulden) und Aus-
147 1514 1235 1569 gaben; die Bevölkerung der Stadt (hier noch ſehr unvoll-
145 1566 1234 1625 kommen nach dem Brodconſum in bocche, d. h. Mäulern
145 1623 1236 1683 berechnet auf 90,000), und die des Staates; der Ueber-
145 1680 1233 1738 ſchuß von 300 bis 500 männlichen Geburten unter den
145 1738 1233 1798 5800 bis 6000 alljährlichen Täuflingen des Battiſtero ;
145 1795 1234 1854 die Schulkinder, von welchen 8 bis 10,000 leſen, 1000
1259 251 1446 298 1. Abſchnitt.
1258 499 1428 530 Florentiniſche
1289 543 1400 573 Statiſtik.
206 1966 1039 2009 Giov. Villani XI, 20. Vgl. Matt. Villani IX, 93.
210 2019 1209 2060 Dieſe und ähnliche Notizen bei Giov. Villani XI, 87. XII, 54.
208 2069 1231 2113 Giov. Villani XI, 91, s. — Abweichend davon Macchiavelli,
218 2125 544 2155 stor. fiorent. lib. II.
216 2172 1232 2215 Der Pfarrer legte für jeden Knaben eine ſchwarze, für jedes Mäd-
219 2224 1180 2267 chen eine weiße Bohne bei Seite; dieß war die ganze Controle.
