1600 2480
57 220 1209 281 rungen  aufgereizt — eines Tages Otranto wegnahm,
114 282 1207 338 hetzten hernach den Sultan Bajazeth II. gegen Venedig .
80 339 1207 395 Ebendaſſelbe ließ ſich Lodovico Moro zu Schulden kommen;
114 399 1207 448 „Das Blut der Gefallenen und der Jammer der bei den
117 457 1205 510 „Türken Gefangenen ſchreit gegen ihn zu Gott um Rache“,
113 512 1206 568 ſagt der Annaliſt des Staates. In Venedig, wo man
113 568 1206 627 Alles wußte, war es auch bekannt, daß Giovanni Sforza,
113 628 1210 681 Fürſt von Peſaro, der Vetter des Moro, die nach Mailand
111 690 1206 741 reiſenden türkiſchen Geſandten beherbergt hatte . Von den
17 743 1205 798 Päpſten des XV. Jahrhunderts ſind die beiden ehren-
113 810 1204 855 wertheſten, Nicolaus V. und Pius II. in tiefſtem Kummer
111 869 1204 916 wegen der Türken geſtorben, letzterer ſogar unter den An-
110 920 1204 974 ſtalten einer Kreuzfahrt, die er ſelber leiten wollte; ihre
111 976 1203 1034 Nachfolger dagegen veruntreuen die aus der ganzen Chri-
109 1036 1202 1092 ſtenheit geſammelten Türkengelder, und entweihen den dar-
111 1101 1200 1150 auf gegründeten Ablaß zu einer Geldſpeculation für ſich .
108 1152 1201 1211 Innocenz VIII. giebt ſich zum Kerkermeiſter des geflüchte-
108 1214 1200 1268 ten Prinzen Dſchem her, gegen ein von deſſen Bruder
108 1269 1199 1326 Bajazeth II. zu zahlendes Jahrgeld, und Alexander VI.
107 1336 1199 1380 unterſtützt in Conſtantinopel die Schritte des Lodovico Moro
107 1392 1199 1443 zur Förderung eines türkiſchen Angriffes auf Venedig (1498),
107 1450 1198 1500 worauf ihm dieſes mit einem Concil droht . Man ſieht,
106 1501 1197 1556 daß das berüchtigte Bündniß Franz I. mit Soliman II.
107 1563 1015 1611 nichts in ſeiner Art Neues und Unerhörtes war.
196 1625 1196 1674 Uebrigens gab es auch einzelne Bevölkerungen, welchen
641 144 685 180 95
1224 235 1412 264 1. Abſchnitt.
1236 753 1395 785 Die Päpſte;
1222 1638 1390 1663 Die Bevölke-
1258 1689 1352 1712 rungen.
173 1752 1193 1799 Porzio, congiura de' baroni, l. I, p. 4. Daß Lorenzo magnifico
177 1811 975 1847 die Hand im Spiel gehabt habe, iſt ſchwer glaublich.
173 1861 1051 1900 Chron. Venetum, bei Murat. XXIV, Col. 14 und 76.
167 1912 715 1952 Malipiero, a. a. O., p. 565. 568.
167 1965 1158 2003 Trithem. Annales Hirsaug. ad a. 1490, Tom. II, p. 535, s.
170 2015 1189 2056 Malipiero, a. a. O. p. 161. Vgl. p. 152. — Die Auslieferung
177 2068 1191 2106 des Dſchem an Carl VIII. ſ. p. 145, wo es klar wird, daß eine
179 2118 1189 2158 Correſpondenz der ſchimpflichſten Art zwiſchen Alexander und Baja-
176 2171 1190 2211 zeth exiſtirte, wenn auch die Actenſtücke bei Burcardus unterg eſchoben
177 2219 344 2257 ſein ſollten.
