1600 2294
244 155 1107 193 Tempel am Forum etc.; Tempel der Marciana.
62 241 1345 283 verziert. Unvergleichlich in ihrer Art ist die Innensicht der Decke des
61 293 1347 334 Porticus; die Querbalken mit einfacher Mäanderverzierung, die Cas-
63 346 1346 386 setten dagegen mit reichprofilirter Vertiefung, aus welcher mächtige
63 397 490 428 Rosetten niederschauen.
144 448 1347 488 Es folgen die drei Säulen am Forum, früher als Tempel
61 500 1347 539 des Jupiter Stator, jetzt bis auf Weiteres als Tempel der Minerva
61 551 1347 591 benannt . Die Capitäle sind noch immer schön, doch nicht mehr von
61 602 1345 642 dem Lebensgefühl durchdrungen wie die oben erwähnten; der Archi-
60 655 1346 686 trav hat schon eine stark verzierte Untenseite und im mittlern seiner
63 706 1343 746 drei Bänder eine Blätterreihe. Die obern Theile des Gebälkes dage-
63 758 724 796 gen verdienen ihren Ruf vollständig.
145 808 1346 848 Zu rein für die Zeit des Restaurators Septimius Severus und zu
62 859 1347 901 unrein für das Jahr der ursprünglichen Erbauung (12 v. Ch.) sind die
61 911 1344 952 drei Säulen am Abhang des Capitols gebildet, welche die
60 962 1344 1003 Ecke des Saturnstempels ausmachten. (Früher als Jupiter tonans be-
60 1014 1345 1054 nannt). Die Capitäle sind noch sehr schön, haben aber bereits eine
61 1038 1342 1120 Blätterverzierung an der Deckplatte, deren Function nur ein einfaches
61 1100 1345 1158 Profil verlangt und erträgt. An der Vorderseite ist, wie bei mehrern
62 1169 1343 1210 Kaiserbauten, der Organismus des Gebälkes einer grossen Inschrift
61 1221 1342 1258 aufgeopfert, mit welcher moderne Baumeister Aehnliches zu rechtfer-
63 1272 1343 1314 tigen glaubten. — Zwischen den Säulen sind, der steilen Lage wegen,
64 1323 1344 1365 Stufen angebracht, die den Anschein eines Piedestals hervorbringen.
148 1375 1346 1417 Schon eine beträchtliche Stufe niedriger steht der Tempel der
61 1422 1344 1483 Schwester Trajans, Marciana, die jetzige römische Dogana di terra ;
60 1462 1343 1520 der Architrav ist bloss zweitheilig, der Fries convex, das Zwischen-
59 1529 1346 1569 glied zwischen beiden sehr schwer, die Untenseite des Architravs mit
61 1581 1343 1622 nichtssagenden Ornamenten bedeckt. (Das Obergesimse scheint der-
59 1634 1343 1673 massen modern überarbeitet, dass wir kein Urtheil darüber haben. Die
62 1684 1344 1725 Ansicht von der Seite, den eilf Säulen entlang, ist belehrend für die
1294 162 1344 197 21
1356 457 1372 475 a
1357 918 1373 943 b
1356 1444 1370 1461 c
127 1788 985 1824 Die allerneuste Benennung: T. des Castor und Pollux.
125 1834 1342 1869 Früher hiess das Gebäude: Tempel des Antoninus Pius, und wäre demnach
125 1879 1342 1913 etwa unter Marc Aurel erbaut gewesen. Ich kenne die archäologischen Gründe
126 1922 1340 1957 für die jetzige Benennung nicht, glaube aber, dass die frühere besser zum
125 1967 1341 2001 Styl des Gebäudes passte. Für Trajan’s Zeit sind die Formen wohl schon
125 2012 1338 2046 zu flau und ausgeartet. Vielleicht wurde der Tempel wohl zur Ehre Mar-
127 2056 906 2092 ciana’s, aber erst lange nach ihrem Tode gebaut.
