1600 2294
244 200 1547 243 mittelt durch die darüber emporspriessende, durch zwei kleinere Vo-
243 251 1548 291 luten mit Akanthusblättern vorbereitete Blume, sowie die Bildung der
243 304 1547 347 grössern Eckvoluten hat nicht mehr ihres Gleichen.) Man vervoll-
245 356 1547 399 ständige die innere und äussere Wandbekleidung am hintern Theil
245 408 1546 453 der Vorhalle, mit ihren anmuthigen Querbändern von Fruchtschnüren,
247 460 1547 494 Candelabern u. s. w. Man denke sich die drei Schiffe der Vorhalle
245 511 1549 555 mit drei parallelen, reichcassettirten Tonnengewölben bedeckt, über
244 563 1546 607 welchen sich noch jener Dachstuhl von vergoldetem Erz erhob, den Ur-
237 613 1547 657 ban VIII einschmelzen liess. Vor Allem vergesse man Bernini’s Glocken-
243 666 1548 701 thürmchen. — Bei aller Pracht fand sich an dieser Vorhalle auch die
244 718 1547 753 Einfachheit an der rechten Stelle ein. Der innere wie der äussere Ar-
246 770 1546 813 chitrav hat nur die Profile, die ihm gehören; an seiner Untenseite ist
246 821 1546 863 nur eine Art von Rahmen als Verzierung angebracht; das äussere
244 873 1545 918 Hauptgesimse  besteht nur aus den unentbehrlichen Theilen. Die
244 926 1547 969 Thüreinfassung, wahrscheinlich die ursprüngliche  ist bei einem ge-
244 978 1549 1018 wissen Reichthum doch einfach in ihren Profilen; die Bronzethür selbst
244 1031 1421 1075 mag zwar noch antik, doch aus beträchtlich späterer Zeit sein.
330 1081 1546 1127 Am Hauptgebäude scheint aussen eine ehemalige Bekleidung von
245 1132 1548 1171 Stucco zu fehlen. Diesem Umstande verdanken wir den Anblick des
244 1185 1548 1230 vortrefflichen Ziegelwerkes, dergleichen beim Abfallen des Putzes von
245 1237 1548 1273 neuern Gebäuden wohl selten zum Vorschein kommen wird. Ob die
247 1290 1549 1334 Consolen, welche die Absätze der Stockwerke bezeichnen, die ursprüng-
246 1344 1008 1386 lichen sind, wissen wir nicht anzugeben.
332 1392 1549 1437 Im Innern überwältigt vor Allem die Einheit und Schönheit des
247 1443 1548 1489 Oberlichtes, welches den riesigen Rundbau mit seinen Strahlen und
247 1495 1550 1533 Reflexen so wunderbar anfüllt. Die Gleichheit von Höhe und Durch-
251 123 296 158 18
652 115 1184 144 Architektur. Das Pantheon.
316 1601 1549 1666 Geschmack restaurirte, statt sich nach den so nahe liegenden Mustern zu
302 1654 471 1681 richten.
315 1668 1550 1733 Ob Kranzgesimse und Giebel noch von Agrippa’s Bau herstammen, bleibt dahin-
320 1739 1142 1779 gestellt; sicher ursprünglich ist nur der Architrav.
314 1778 1551 1832 Die prachtvollsten Thüreinfassungen des Alterthums haben wir nicht mehr
318 1820 1551 1862 oder nur in Bruchstücken. Ein solches, mit den schönsten Akanthusranken,
303 1867 1551 1914 welche in Schoten auslaufen, mit pickenden Vögeln u. s. w. findet sich in den
258 1910 1551 1954 Uffizien (äussere Vorhalle). Viel bescheidener, obwohl noch immer von gros-
292 1957 1552 2010 sem Reichthum, ist die vollständig erhaltene Thüreinfassung vom Porticus
326 2001 1552 2058 der Eumachia zu Pompeji (jetzt im Museum von Neapel als Eingang der Halle
320 2042 731 2111 des Jupiter verwendet).
