1600 2480
150 253 1234 304 ſee Fiſchnetze auswarf;  der Bote ſeines Gegners fragte
152 304 1235 360 ihn ganz direct: wann er wieder nach Mailand zurückzukehren
153 367 1236 415 gedenke? und erhielt die Antwort: „nicht eher als bis die
154 424 1237 471 Schandthaten Jenes über meine Verbrechen das Ueber-
154 481 1237 532 gewicht erlangt haben werden“. Bisweilen opfern auch die
155 540 1238 589 Verwandten den regierenden Herrn der allzuſehr beleidigten
155 597 1239 645 öffentlichen Moral, um dadurch das Geſammthaus zu
155 654 1240 704 retten.  Hie und da ruht die Herrſchaft noch ſo auf der
157 711 1240 760 Geſammtfamilie, daß das Haupt an deren Beirath gebun-
158 769 1241 826 den iſt; auch in dieſem Falle veranlaßte die Theilung des
157 827 1161 877 Beſitzes und des Einfluſſes leicht den bitterſten Hader.
247 899 1244 949 Bei den damaligen florentiniſchen Autoren begegnet
159 958 1245 1007 man einem durchgehenden tiefen Haß gegen dieſes ganze
160 1016 1247 1065 Weſen. Schon das pomphafte Aufziehen, das Prachtcoſtüm,
160 1074 1246 1122 wodurch die Gewaltherrſcher vielleicht weniger ihrer Eitel-
160 1132 1248 1184 keit Genüge thun als vielmehr Eindruck auf die Phantaſie
162 1191 1247 1239 des Volkes machen wollten, erweckt ihren ganzen Sarcas-
162 1249 1249 1300 mus. Wehe wenn ihnen gar ein Emporkömmling in die
163 1307 1250 1357 Hände fällt wie der neugebackene Doge Agnello von Piſa
165 1366 1250 1414 (1364), der mit dem goldenen Scepter auszureiten pflegte
167 1423 1249 1471 und ſich dann wieder zu Hauſe am Fenſter zeigte „wie man
169 1480 1251 1531 Reliquien zeigt“, auf Teppich und Kiſſen von Goldſtoff ge-
166 1537 1252 1585 lehnt; knieend mußte man ihn bedienen wie einen Papſt
167 1595 1252 1642 oder Kaiſer.  Oefter aber reden dieſe alten Florentiner
196 1787 222 1823 9
1248 251 1438 280 1. Abſchnitt.
1275 903 1424 930 Der Pomp.
243 1771 1255 1822 Petrarca, rerum memorandar. liber III. p. 460. — Es iſt
244 1831 1255 1875 wahrſcheinlich Matteo II. Visconti und der damals in Mailand
245 1884 1152 1926 herrſchende Erzbiſchof Giovanni Visconti gemeint, um 1354.
242 1947 1258 1990 Matteo Villani, V, 81: die geheime Ermordung deſſelben Matteo II.
248 2004 674 2043 Visconti durch ſeine Brüder.
238 2066 1259 2109 Filippo Villani, istorie XI, 101. — Auch Petrarca findet die
250 2119 1259 2161 Tyrannen geputzt „wie Altäre an Feſttagen“. — Den antiken
249 2170 1259 2211 Triumphzug des Caſtracane in Lucca findet man umſtändlich be-
251 2220 1260 2262 ſchrieben in deſſen Leben von Tegrimo, bei Murat. XI, Col. 1340.
