1600 2788
158 341 1443 388 noch angeführt werden mag, zeigt, wie man ſich hier mehr mit den be-
160 403 1445 452 kannten, bei den Alten und im Phyſiologus vorkommenden Erzählun-
160 467 1443 516 gen beſchäftigte, als daß man eine eigentlich naturhiſtoriſche Schilde-
158 529 1447 579 rung zu geben verſucht hätte. Endlich wurden auch fabelhafte Vögel
160 593 1445 641 und Fabeln von Vögeln in den Kreis der litterariſchen Beſprechung
158 657 1445 705 gezogen. Daß die Geſchichte von der Baumgans noch nicht ganz aus
158 719 1440 767 dem Volksglauben verſchwunden war, beweiſen die ſchon oben (S.192)
158 782 1442 831 angeführten Schriften. Ebenſo wurde die Geſchichte von den Greifen,
158 846 1445 895 dem Phoenix eingehend erörtert; und auch einzelne wunderbare hier
158 908 1445 957 und da in den Wolken oder auf der Erde geſehene oder ſelbſt erlegte
158 972 836 1021 Wundervögel fanden ihre Beſchreiber.
257 1033 1443 1084 Unter den Reptilien waren vorzugsweiſe die Schlangen Ge-
160 1098 1443 1147 genſtand der Beachtung und Furcht geweſen. Die Giftſchlangen ge-
157 1162 1442 1210 hörig unterſcheiden und beim Miſchen des Theriaks nach alter Vor-
158 1224 1442 1274 ſchrift benutzen zu können, war beſondere Aufgabe der Aerzte. Einen
158 1288 1442 1338 eigenthümlichen Eindruck macht es, daß die naturhiſtoriſch nicht bedeu-
157 1350 1445 1403 tende Schrift über Schlangen, beſonders giftige, welche der bekannte
157 1412 1442 1464 Arzt Nicolaus Leonicenus im hohen Alter verfaßte, der berüch-
157 1479 1154 1528 tigten Lucrezia Borgia dedicirt iſt Sie ſchließt ſich
158 1532 1442 1590 Nikander, Galen und Avicenna an, deren Schriften citirend und ge-
158 1601 1443 1655 geneinanderſtellend. Etwas näher auf die Natur des behandelten
157 243 228 278 354
467 243 1140 283 Periode der encyklopädiſchen Darſtellungen.
310 1753 1442 1797 Clodius, Jo., resp. J. H. Rebhuhn, Perdicem themate physio-
158 1796 1442 1845 logico degustandum proponit. Witteberg. 1671. Der Titel iſt gleich ein Zei-
158 1855 645 1896 chen des Ungeſchmacks der Zeit.
308 1896 1442 1945 So z. B.: Wahrhaffter Abriß und Abbildung eines großen wunderlichen
157 1942 1442 1996 Vogels welcher in der Stadt Amgemita in Hispanien im verlauffnen Jahr 1628
155 1993 1445 2043 wunderbarlicher Weiſe ſich erzeigt und bekommen worden. Fliegendes Blatt mit
155 2044 1441 2091 Holzſchnittfigur. Die Sage von den Greifen führt Corn. Vogel,(De Gryphibus.
155 2089 1443 2141 Lips. 1670) auf ihren Urſprung zurück. Die Gedichte des Lactantius und Clau-
155 2134 1445 2190 dianus über den Phoenix mit den betreffenden Stellen aus Ovid u. A. erklärt real
155 2194 1300 2238 und verbal ausführlich Joh. Gryphiander (Phoenix. Jenae, 1618).
307 2239 1443 2288 Nic. Leonicenus, De Serpentibus opus singulare ac exactissi-
157 2282 1445 2336 mum. Bononiae, 1518. Daſſelbe in ſeiner Schrift De Plinii et aliorum medi-
157 2336 1445 2384 corum erroribus. Basil. 1529,  der Abſchnitt De Tiro seu Vipera mit den zwei
157 2377 1445 2432 ähnlichen Schriften des Pandulphus Collonutius und Ambroſius Leo Nolanus
155 2439 969 2481 wieder abgedruckt im: Actuarius. Venetiis, 1529.
