1600 2788
155 320 1442 369 für deſſen Bezeichnung alte, mehreren ariſchen Völkergruppen gemein-
154 384 1445 433 ſame Wörter ſich finden ſollen, ſeinen ſemitiſchen Namen, welcher
155 446 1443 497 in Indien mit Hülfe einer Volksethymologie dem Sanskrit angepaßt und
155 512 1445 559 von den meiſten übrigen Sprachen faſt unverändert aufgenommen
155 576 1442 623 wurde, auch in den germaniſchen Sprachen wieder erhalten hat,
153 638 1442 686 nachdem im Mittelalter der Name des Elefanten dafür eingetreten war.
236 762 1369 817 2. Eintritt der Thiere in den religiöſen Vorſtellungskreis.
251 843 1445 892 Der lebendige unbefangene Sinn der jugendlichen inmitten der
153 907 1445 957 Naturwunder aufwachſenden Menſchheit konnte ſich nun aber durch
1403 226 1443 259 15
350 222 1240 262 2. Eintritt der Thiere in den religiöſen Vorſtellungskreis.
153 1005 1445 1045 ment), gehört mit unſerm Aar, angelſächſ. earn, ſlav. orl, zur Skrtwurzel ar, ſich
155 1051 1445 1093 erheben. Es iſt hier alſo ein auch ſonſt nicht ſeltener Wechſel in der Bedeutung ein-
153 1103 1443 1141 getreten. Ueber das Huhn in der Bibel ſ. Bochart, Hierozoicum; Tom. II.
153 1151 1447 1191 lib. I. cap. 16. — Ueber das Haushuhn ſ. auch Victor Hehn, Culturpflanzen
153 1200 1447 1241 und Hausthiere in ihrem Uebergang aus Aſien nach Griechenland und Italien, ſo-
153 1250 940 1290 wie in das übrige Europa. Berlin 1870, S. 225.
303 1298 1028 1338 Pictet, Origines indo-europ. p. 382 flgde.
303 1346 1448 1388 Aus dem arabiſchen Gamal wurde Skrt. krâmela, im Anſchluß an die
153 1395 1447 1436 Wurzel kram, ſchreiten. Im Gothiſchen heißt das Kamel ulbandus und wird
153 1444 1448 1486 dieſes offenbar mit Elefant identiſche Wort gewöhnlich als Beweis dafür vor-
155 1493 1443 1535 gebracht, daß Namen großer Thiere oft ineinander überlaufen. Es ſchließt ſich gelſ.
153 1541 1448 1583 olfend., ahd. olpenta an. Sprachlich iſt es nicht möglich, hiervon die Namen für
153 1591 1447 1633 den Elefant, angelſächſ. ylpend, ahd. helfant, und das ſlaviſche Wort für Ka-
158 1639 1448 1681 mel, velblud oder verbud, zu trennen. Ulfilas braucht dies Wort bei der Stelle
157 1688 1450 1729 Marc. 10, 25, „es iſt leichter, daß ein Kamel durch ein Nadelöhr gehe“. Nun gibt
157 1739 1450 1778 es zwar eine chaldäiſche Redensart: einen Elefanten durch ein Nadelöhr bringen
158 1788 1447 1826 (Buxtorf, Lex. Chald. Talmud. s. v. phila, citirt von Schleusner, Nov.
155 1831 1448 1876 Lex. graeco-latin. in N. T. 4. ed. Tom I. s. v. κάμηλ᾿ος; weitere Belege ſ. in
152 1884 1450 1926 dem unten erwähnten Aufſatz von Caſſel S. 16). Dieſe könnte Ulfilas bekannt
157 1934 1450 1976 geweſen ſein und die Verwechſlung veranlaßt haben. Doch benutzt er das Wort
152 1982 1448 2022 ulbandus auch Marc. 1, 6, und dies, ſowie der ſlaviſche Name für das Kamel
152 2032 1448 2072 werden hierdurch nicht erklärt Es wurde alſo der Name wirklich übertragen, wie es
152 2080 1447 2122 auch ſonſt noch vorkommt. So heißt der Moſchus, deſſen Namen im Skrt. durch
152 2129 1448 2171 das Wort mushka, Hode, gegeben iſt, doch hier kasturi nach dem in Kleinaſien
152 2177 1445 2219 bekannteren Biber; ſ. Laſſen, Indiſche Alterthumskunde 1. Bd. 2. Aufl. S. 368.
152 2227 1448 2269 Ueber den Namen des Elefanten ſ. die vor dem Aufblühen der wiſſenſchaftlichen
153 2275 1448 2319 Etymologie geſchriebenen Bemerkungen von A. W. von Schlegel in ſeiner In-
152 2324 1448 2365 diſchen Bibliothek, Bd. 1. 1823. S. 241. Ueber den gothiſchen Namen des Ka-
153 2374 1445 2415 mels ſ. auch den (freilich etymologiſch nicht ganz kritiſchen) Aufſatz von P. Caſſel,
152 2422 1369 2464 Ulbandaos. Sonderabdruck aus den Märkiſchen Forſchungen Bd. IX. (1866).
