<?xml version="1.0" encoding="UTF-8"?>
<PcGts xmlns="http://schema.primaresearch.org/PAGE/gts/pagecontent/2019-07-15" xmlns:xsi="http://www.w3.org/2001/XMLSchema-instance" xsi:schemaLocation="http://schema.primaresearch.org/PAGE/gts/pagecontent/2019-07-15 http://schema.primaresearch.org/PAGE/gts/pagecontent/2019-07-15/pagecontent.xsd">
<Metadata>
<Creator>regJS2PAGE.py</Creator>
<Created>2021-02-16T10:53:19.147574</Created>
<LastChange>2021-02-16T10:53:19.147574</LastChange>
</Metadata>
<Page imageFilename="tmp/carus_zoologie_1872_0203.png" imageWidth="1600" imageHeight="2796">
<TextRegion id="block_0" custom="structure {type:body;}">
<Coords points="223,311 223,364 225,375 225,427 225,439 225,490 225,502 225,550 223,567 223,618 221,630 221,682 223,694 223,746 221,757 221,808 219,821 219,870 221,886 221,934 223,948 223,998 221,1012 221,1062 221,1074 221,1126 221,1140 221,1189 219,1202 219,1253 220,1266 220,1318 218,1330 218,1381 219,1394 219,1443 221,1458 221,1507 219,1522 219,1571 218,1585 218,1636 1507,1636 1507,1585 1510,1571 1510,1522 1510,1507 1510,1458 1510,1443 1510,1394 1508,1381 1508,1330 1507,1318 1507,1266 1510,1253 1510,1202 1512,1189 1512,1140 1512,1126 1512,1074 1512,1062 1512,1012 1514,998 1514,948 1514,934 1514,886 1512,870 1512,821 1514,808 1514,757 1514,746 1514,694 1513,682 1513,630 1514,618 1514,567 1512,550 1512,502 1515,490 1515,439 1517,427 1517,375 1516,364 1516,311 223,311"/>
<TextLine id="line_0">
<Coords points="223,311 408,311 434,315 491,315 512,313 645,313 647,315 843,315 866,313 962,313 986,316 1092,316 1100,315 1173,315 1202,315 1283,315 1301,315 1379,315 1399,316 1516,316 1516,357 1399,357 1379,353 1301,353 1283,364 1202,364 1173,362 1100,362 1092,358 986,358 962,360 866,360 843,362 647,362 645,351 512,351 491,360 434,360 408,350 223,350 223,311"/>
<Baseline points="223,350 408,350 434,360 491,360 512,351 645,351 647,362 843,362 866,360 962,360 986,358 1092,358 1100,362 1173,362 1202,364 1283,364 1301,353 1379,353 1399,357 1516,357"/>
<TextEquiv><Unicode>Vitriaco auf Bäumen entſtehen (ſtarb 1240). Hier wird überall</Unicode></TextEquiv>
</TextLine>

<TextLine id="line_1">
<Coords points="225,375 293,375 306,375 479,375 493,377 692,377 709,379 886,379 904,380 969,380 984,377 1069,377 1083,379 1275,379 1278,379 1405,379 1418,380 1517,380 1517,427 1418,427 1405,426 1278,426 1275,426 1083,426 1069,417 984,417 969,415 904,415 886,424 709,424 692,424 493,424 479,422 306,422 293,414 225,414 225,375"/>
<Baseline points="225,414 293,414 306,422 479,422 493,424 692,424 709,424 886,424 904,415 969,415 984,417 1069,417 1083,426 1275,426 1278,426 1405,426 1418,427 1517,427"/>
<TextEquiv><Unicode>eine beſtimmte Oertlichkeit angegeben und einer Erwähnung dieſer Vögel</Unicode></TextEquiv>
</TextLine>

<TextLine id="line_2">
<Coords points="225,439 273,439 287,441 434,441 448,439 703,439 721,441 804,441 821,441 958,441 989,443 1074,443 1093,443 1239,443 1256,443 1332,443 1349,444 1455,444 1467,446 1515,446 1515,481 1467,481 1455,490 1349,490 1332,490 1256,490 1239,490 1093,490 1074,490 989,490 958,490 821,490 804,488 721,488 703,488 448,488 434,486 287,486 273,476 225,476 225,439"/>
<Baseline points="225,476 273,476 287,486 434,486 448,488 703,488 721,488 804,488 821,490 958,490 989,490 1074,490 1093,490 1239,490 1256,490 1332,490 1349,490 1455,490 1467,481 1515,481"/>
<TextEquiv><Unicode>bei früheren Schriftſtellern nicht gedacht. Auch erwähnt noch ſpäter der</Unicode></TextEquiv>
</TextLine>

<TextLine id="line_3">
<Coords points="225,502 268,502 289,503 391,503 418,503 505,503 529,503 706,503 728,503 952,503 975,514 1054,514 1072,507 1301,507 1313,507 1403,507 1422,508 1512,508 1512,543 1422,543 1403,549 1313,549 1301,550 1072,550 1054,543 975,543 952,543 728,543 706,550 529,550 505,540 418,540 391,550 289,550 268,540 225,540 225,502"/>
<Baseline points="225,540 268,540 289,550 391,550 418,540 505,540 529,550 706,550 728,543 952,543 975,543 1054,543 1072,550 1301,550 1313,549 1403,549 1422,543 1512,543"/>
<TextEquiv><Unicode>im Jahre 1331 geſtorbene Odoricus von Pordenone (de Porta</Unicode></TextEquiv>
</TextLine>

<TextLine id="line_4">
<Coords points="223,569 360,569 384,567 459,567 479,576 542,576 559,567 663,567 680,569 849,569 872,569 933,569 950,569 1005,569 1026,573 1085,573 1100,569 1135,569 1148,573 1201,573 1214,571 1367,571 1382,571 1514,571 1514,618 1382,618 1367,607 1214,607 1201,607 1148,607 1135,607 1100,607 1085,607 1026,607 1005,616 950,616 933,614 872,614 849,616 680,616 663,606 559,606 542,606 479,606 459,614 384,614 360,612 223,612 223,569"/>
<Baseline points="223,612 360,612 384,614 459,614 479,606 542,606 559,606 663,606 680,616 849,616 872,614 933,614 950,616 1005,616 1026,607 1085,607 1100,607 1135,607 1148,607 1201,607 1214,607 1367,607 1382,618 1514,618"/>
<TextEquiv><Unicode>Naonis, auch von Udine genannt), daß ihn das in der Tartarei geſehene</Unicode></TextEquiv>
</TextLine>

<TextLine id="line_5">
<Coords points="221,631 413,631 431,630 659,630 678,631 787,631 806,642 849,642 870,631 917,631 932,631 1144,631 1160,633 1194,633 1212,633 1408,633 1436,635 1513,635 1513,673 1436,673 1408,682 1212,682 1194,670 1160,670 1144,680 932,680 917,669 870,669 849,670 806,670 787,670 678,670 659,678 431,678 413,677 221,677 221,631"/>
<Baseline points="221,677 413,677 431,678 659,678 678,670 787,670 806,670 849,670 870,669 917,669 932,680 1144,680 1160,670 1194,670 1212,682 1408,682 1436,673 1513,673"/>
<TextEquiv><Unicode>ſogenannte vegetabiliſche Lamm an die Baumvögel in Schottland erin-</Unicode></TextEquiv>
</TextLine>

<TextLine id="line_6">
<Coords points="223,697 294,697 309,694 389,694 401,695 474,695 520,695 593,695 610,697 687,697 704,695 953,695 975,697 1104,697 1122,697 1178,697 1199,699 1253,699 1271,697 1318,697 1333,697 1514,697 1514,746 1333,746 1318,735 1271,735 1253,744 1199,744 1178,744 1122,744 1104,744 975,744 953,742 704,742 687,742 610,742 593,732 520,732 474,740 401,740 389,742 309,742 294,732 223,732 223,697"/>
<Baseline points="223,732 294,732 309,742 389,742 401,740 474,740 520,732 593,732 610,742 687,742 704,742 953,742 975,744 1104,744 1122,744 1178,744 1199,744 1253,744 1271,735 1318,735 1333,746 1514,746"/>
<TextEquiv><Unicode>nert habe. Der erſte Schriftſteller, welcher ſich für die Erzählung</Unicode></TextEquiv>
</TextLine>

<TextLine id="line_7">
<Coords points="221,758 277,758 301,757 400,757 417,758 561,758 583,758 704,758 738,759 777,759 806,761 860,761 885,760 990,760 1015,761 1215,761 1243,771 1280,771 1306,761 1514,761 1514,808 1306,808 1280,806 1243,806 1215,808 1015,808 990,806 885,806 860,797 806,797 777,806 738,806 704,806 583,806 561,798 417,798 400,796 301,796 277,804 221,804 221,758"/>
<Baseline points="221,804 277,804 301,796 400,796 417,798 561,798 583,806 704,806 738,806 777,806 806,797 860,797 885,806 990,806 1015,808 1215,808 1243,806 1280,806 1306,808 1514,808"/>
<TextEquiv><Unicode>auf ältere Quellen beruft, iſt der ſpäter ausführlich zu beſprechende</Unicode></TextEquiv>
</TextLine>

<TextLine id="line_8">
<Coords points="219,821 410,821 439,830 519,830 543,822 811,822 858,822 905,822 922,825 991,825 1008,824 1230,824 1261,825 1325,825 1340,824 1512,824 1512,863 1340,863 1325,868 1261,868 1230,870 1008,870 991,870 922,870 905,860 858,860 811,869 543,869 519,860 439,860 410,869 219,869 219,821"/>
<Baseline points="219,869 410,869 439,860 519,860 543,869 811,869 858,860 905,860 922,870 991,870 1008,870 1230,870 1261,868 1325,868 1340,863 1512,863"/>
<TextEquiv><Unicode>Thomas von Cantimpré. Er ſagt ausdrücklich, „die Barliaten</Unicode></TextEquiv>
</TextLine>

<TextLine id="line_9">
<Coords points="221,886 379,886 410,886 469,886 486,886 675,886 700,887 784,887 814,887 872,887 889,887 1022,887 1022,898 1065,898 1088,893 1123,893 1143,887 1209,887 1228,887 1277,887 1292,887 1398,887 1404,889 1514,889 1514,934 1404,934 1398,934 1292,934 1277,924 1228,924 1209,934 1143,934 1123,926 1088,926 1065,933 1022,933 1022,926 889,926 872,933 814,933 784,933 700,933 675,932 486,932 469,924 410,924 379,933 221,933 221,886"/>
<Baseline points="221,933 379,933 410,924 469,924 486,932 675,932 700,933 784,933 814,933 872,933 889,926 1022,926 1022,933 1065,933 1088,926 1123,926 1143,934 1209,934 1228,924 1277,924 1292,934 1398,934 1404,934 1514,934"/>
<TextEquiv><Unicode>wachſen, wie Ariſtoteles ſagt, auf Bäumen; es ſind die Vögel welche</Unicode></TextEquiv>
</TextLine>

<TextLine id="line_10">
<Coords points="223,952 284,952 302,948 382,948 401,950 592,950 609,953 737,953 785,950 848,950 865,950 1054,950 1081,951 1180,951 1205,951 1263,951 1287,950 1368,950 1392,951 1448,951 1472,951 1514,951 1514,988 1472,988 1448,997 1392,997 1368,988 1287,988 1263,998 1205,998 1180,997 1081,997 1054,997 865,997 848,988 785,988 737,988 609,988 592,985 401,985 382,986 302,986 284,986 223,986 223,952"/>
<Baseline points="223,986 284,986 302,986 382,986 401,985 592,985 609,988 737,988 785,988 848,988 865,997 1054,997 1081,997 1180,997 1205,998 1263,998 1287,988 1368,988 1392,997 1448,997 1472,988 1514,988"/>
<TextEquiv><Unicode>das Volk barnescas nennt“. Im Ariſtoteles findet ſich keine auf die</Unicode></TextEquiv>
</TextLine>

<TextLine id="line_11">
<Coords points="221,1012 322,1012 344,1012 401,1012 429,1012 607,1012 633,1012 785,1012 818,1024 896,1024 922,1014 1033,1014 1051,1015 1212,1015 1231,1014 1278,1014 1295,1015 1512,1015 1512,1062 1295,1062 1278,1052 1231,1052 1212,1062 1051,1062 1033,1052 922,1052 896,1052 818,1052 785,1060 633,1060 607,1061 429,1061 401,1059 344,1059 322,1055 221,1055 221,1012"/>
<Baseline points="221,1055 322,1055 344,1059 401,1059 429,1061 607,1061 633,1060 785,1060 818,1052 896,1052 922,1052 1033,1052 1051,1062 1212,1062 1231,1052 1278,1052 1295,1062 1512,1062"/>
<TextEquiv><Unicode>Fabel ſich beziehende Angabe; man könnte höchſtens die Behauptung</Unicode></TextEquiv>
</TextLine>

<TextLine id="line_12">
<Coords points="221,1078 277,1078 296,1074 483,1074 501,1076 566,1076 584,1076 744,1076 763,1077 877,1077 891,1107 898,1107 927,1077 988,1077 1005,1078 1154,1078 1173,1077 1206,1077 1225,1078 1403,1078 1420,1078 1512,1078 1512,1126 1420,1126 1403,1125 1225,1125 1206,1114 1173,1114 1154,1124 1005,1124 988,1123 927,1123 898,1119 891,1119 877,1114 763,1114 744,1125 584,1125 566,1123 501,1123 483,1121 296,1121 277,1114 221,1114 221,1078"/>
<Baseline points="221,1114 277,1114 296,1121 483,1121 501,1123 566,1123 584,1125 744,1125 763,1114 877,1114 891,1119 898,1119 927,1123 988,1123 1005,1124 1154,1124 1173,1114 1206,1114 1225,1125 1403,1125 1420,1126 1512,1126"/>
<TextEquiv><Unicode>des Ariſtoteles hier anführen wollen, daß Inſecten in faulendem Holze</Unicode></TextEquiv>
</TextLine>

<TextLine id="line_13">
<Coords points="221,1140 419,1140 463,1140 543,1140 567,1142 621,1142 645,1140 792,1140 818,1150 862,1150 880,1140 1028,1140 1053,1142 1137,1142 1162,1145 1244,1145 1271,1142 1344,1142 1360,1142 1512,1142 1512,1189 1360,1189 1344,1180 1271,1180 1244,1180 1162,1180 1137,1189 1053,1189 1028,1187 880,1187 862,1178 818,1178 792,1178 645,1178 621,1177 567,1177 543,1185 463,1185 419,1187 221,1187 221,1140"/>
<Baseline points="221,1187 419,1187 463,1185 543,1185 567,1177 621,1177 645,1178 792,1178 818,1178 862,1178 880,1187 1028,1187 1053,1189 1137,1189 1162,1180 1244,1180 1271,1180 1344,1180 1360,1189 1512,1189"/>
<TextEquiv><Unicode>entſtänden. Daß der Gedanke an Inſecten nicht etwa weit hergeholt</Unicode></TextEquiv>
</TextLine>

<TextLine id="line_14">
<Coords points="219,1204 270,1204 292,1204 417,1204 443,1204 493,1204 510,1204 600,1204 623,1204 671,1204 695,1202 874,1202 898,1204 1074,1204 1100,1206 1228,1206 1251,1206 1335,1206 1365,1205 1510,1205 1510,1251 1365,1251 1335,1253 1251,1253 1228,1253 1100,1253 1074,1253 898,1253 874,1251 695,1251 671,1242 623,1242 600,1242 510,1242 493,1242 443,1242 417,1252 292,1252 270,1251 219,1251 219,1204"/>
<Baseline points="219,1251 270,1251 292,1252 417,1252 443,1242 493,1242 510,1242 600,1242 623,1242 671,1242 695,1251 874,1251 898,1253 1074,1253 1100,1253 1228,1253 1251,1253 1335,1253 1365,1251 1510,1251"/>
<TextEquiv><Unicode>iſt, beweiſt ein Citat bei Michael Mayer, welcher ſagt, Plutarch</Unicode></TextEquiv>
</TextLine>

<TextLine id="line_15">
<Coords points="220,1266 298,1266 315,1268 350,1268 368,1270 436,1270 451,1268 604,1268 617,1268 696,1268 709,1268 756,1268 771,1270 886,1270 910,1268 948,1268 967,1271 1028,1271 1041,1268 1083,1268 1100,1270 1183,1270 1199,1268 1238,1268 1257,1270 1311,1270 1330,1268 1377,1268 1389,1270 1507,1270 1507,1318 1389,1318 1377,1306 1330,1306 1311,1306 1257,1306 1238,1317 1199,1317 1183,1306 1100,1306 1083,1306 1041,1306 1028,1306 967,1306 948,1306 910,1306 886,1315 771,1315 756,1306 709,1306 696,1306 617,1306 604,1306 451,1306 436,1306 368,1306 350,1306 315,1306 298,1315 220,1315 220,1266"/>
<Baseline points="220,1315 298,1315 315,1306 350,1306 368,1306 436,1306 451,1306 604,1306 617,1306 696,1306 709,1306 756,1306 771,1315 886,1315 910,1306 948,1306 967,1306 1028,1306 1041,1306 1083,1306 1100,1306 1183,1306 1199,1317 1238,1317 1257,1306 1311,1306 1330,1306 1377,1306 1389,1318 1507,1318"/>
<TextEquiv><Unicode>habe in dem Tractate über die Frage, ob das Ei älter ſei als die Henne,</Unicode></TextEquiv>
</TextLine>

<TextLine id="line_16">
<Coords points="218,1332 332,1332 348,1332 455,1332 470,1332 683,1332 702,1334 830,1334 860,1332 1012,1332 1031,1332 1145,1332 1159,1334 1235,1334 1254,1332 1287,1332 1306,1336 1358,1336 1377,1330 1508,1330 1508,1379 1377,1379 1358,1370 1306,1370 1287,1372 1254,1372 1235,1370 1159,1370 1145,1381 1031,1381 1012,1379 860,1379 830,1379 702,1379 683,1379 470,1379 455,1379 348,1379 332,1379 218,1379 218,1332"/>
<Baseline points="218,1379 332,1379 348,1379 455,1379 470,1379 683,1379 702,1379 830,1379 860,1379 1012,1379 1031,1381 1145,1381 1159,1370 1235,1370 1254,1372 1287,1372 1306,1370 1358,1370 1377,1379 1508,1379"/>
<TextEquiv><Unicode>ſolcher Vögel Erwähnung gethan. Plutarch ſpricht aber in der einzigen</Unicode></TextEquiv>
</TextLine>

<TextLine id="line_17">
<Coords points="219,1394 341,1394 358,1406 396,1406 418,1396 621,1396 638,1396 747,1396 773,1396 867,1396 884,1396 1014,1396 1039,1396 1136,1396 1164,1405 1227,1405 1250,1400 1306,1400 1323,1396 1510,1396 1510,1443 1323,1443 1306,1434 1250,1434 1227,1434 1164,1434 1136,1434 1039,1434 1014,1443 884,1443 867,1443 773,1443 747,1434 638,1434 621,1443 418,1443 396,1441 358,1441 341,1443 219,1443 219,1394"/>
<Baseline points="219,1443 341,1443 358,1441 396,1441 418,1443 621,1443 638,1434 747,1434 773,1443 867,1443 884,1443 1014,1443 1039,1434 1136,1434 1164,1434 1227,1434 1250,1434 1306,1434 1323,1443 1510,1443"/>
<TextEquiv><Unicode>hierher zu beziehenden Stelle dieſer Schrift allein von der Entſtehung</Unicode></TextEquiv>
</TextLine>

<TextLine id="line_18">
<Coords points="221,1467 286,1467 303,1460 452,1460 472,1465 535,1465 555,1462 628,1462 643,1460 680,1460 695,1458 867,1458 891,1460 1000,1460 1017,1470 1086,1470 1105,1462 1206,1462 1235,1460 1296,1460 1313,1465 1348,1465 1368,1458 1444,1458 1463,1460 1510,1460 1510,1505 1463,1505 1444,1498 1368,1498 1348,1498 1313,1498 1296,1498 1235,1498 1206,1507 1105,1507 1086,1498 1017,1498 1000,1507 891,1507 867,1503 695,1503 680,1497 643,1497 628,1497 555,1497 535,1498 472,1498 452,1507 303,1507 286,1497 221,1497 221,1467"/>
<Baseline points="221,1497 286,1497 303,1507 452,1507 472,1498 535,1498 555,1497 628,1497 643,1497 680,1497 695,1503 867,1503 891,1507 1000,1507 1017,1498 1086,1498 1105,1507 1206,1507 1235,1498 1296,1498 1313,1498 1348,1498 1368,1498 1444,1498 1463,1505 1510,1505"/>
<TextEquiv><Unicode>von Inſecten aus oder in Bäumen, welche nun wohl, wie es oben für</Unicode></TextEquiv>
</TextLine>

<TextLine id="line_19">
<Coords points="219,1522 350,1522 374,1526 439,1526 462,1522 607,1522 633,1524 818,1524 846,1526 972,1526 1002,1524 1055,1524 1074,1526 1180,1526 1202,1524 1370,1524 1387,1526 1510,1526 1510,1562 1387,1562 1370,1571 1202,1571 1180,1571 1074,1571 1055,1562 1002,1562 972,1568 846,1568 818,1571 633,1571 607,1571 462,1571 439,1562 374,1562 350,1561 219,1561 219,1522"/>
<Baseline points="219,1561 350,1561 374,1562 439,1562 462,1571 607,1571 633,1571 818,1571 846,1568 972,1568 1002,1562 1055,1562 1074,1571 1180,1571 1202,1571 1370,1571 1387,1562 1510,1562"/>
<TextEquiv><Unicode>Bienen und Ameiſen mitgetheilt wurde, als Vögel bezeichnet worden</Unicode></TextEquiv>
</TextLine>

<TextLine id="line_20">
<Coords points="218,1588 280,1588 301,1586 421,1586 434,1588 507,1588 552,1588 604,1588 629,1588 749,1588 773,1586 931,1586 948,1588 1098,1588 1126,1597 1189,1597 1207,1588 1398,1588 1425,1585 1507,1585 1507,1631 1425,1631 1398,1635 1207,1635 1189,1626 1126,1626 1098,1635 948,1635 931,1635 773,1635 749,1635 629,1635 604,1626 552,1626 507,1636 434,1636 421,1626 301,1626 280,1633 218,1633 218,1588"/>
<Baseline points="218,1633 280,1633 301,1626 421,1626 434,1636 507,1636 552,1626 604,1626 629,1635 749,1635 773,1635 931,1635 948,1635 1098,1635 1126,1626 1189,1626 1207,1635 1398,1635 1425,1631 1507,1631"/>
<TextEquiv><Unicode>ſein können. Es erzählt übrigens Thomas von Cantimpré auch,</Unicode></TextEquiv>
</TextLine>

</TextRegion>
<TextRegion id="block_1" custom="structure {type:pageNum;}">
<Coords points="225,214 225,249 294,249 294,214 225,214"/>
<TextLine id="line_21">
<Coords points="225,214 294,214 294,249 225,249 225,214"/>
<Baseline points="225,249 294,249"/>
<TextEquiv><Unicode>192</Unicode></TextEquiv>
</TextLine>

</TextRegion>
<TextRegion id="block_2" custom="structure {type:header;}">
<Coords points="636,214 636,254 1109,254 1109,214 636,214"/>
<TextLine id="line_22">
<Coords points="636,214 694,214 707,214 841,214 855,218 903,218 917,216 1109,216 1109,248 917,248 903,247 855,247 841,254 707,254 694,246 636,246 636,214"/>
<Baseline points="636,246 694,246 707,254 841,254 855,247 903,247 917,248 1109,248"/>
<TextEquiv><Unicode>Die Zoologie des Mittelalters.</Unicode></TextEquiv>
</TextLine>

</TextRegion>
<TextRegion id="block_3" custom="structure {type:note;}">
<Coords points="391,1738 391,1779 391,1788 219,1788 219,1825 219,1835 391,1835 391,1875 391,1882 221,1882 221,1924 218,1929 218,1974 218,1979 218,2024 218,2034 218,2071 218,2079 387,2079 387,2121 387,2126 218,2126 218,2170 218,2173 218,2220 219,2223 219,2270 221,2270 221,2318 220,2320 220,2367 221,2368 221,2415 218,2422 218,2465 1270,2465 1270,2422 1508,2422 1508,2415 1508,2368 1508,2367 1508,2320 1489,2318 1489,2270 1507,2270 1507,2223 1505,2220 1505,2173 1505,2170 1505,2126 1507,2121 1507,2079 977,2079 977,2071 977,2034 1505,2034 1505,2024 1505,1979 1510,1974 1510,1929 1507,1924 1507,1882 1507,1875 1507,1835 808,1835 808,1825 808,1788 1509,1788 1509,1779 1509,1738 391,1738"/>
<TextLine id="line_23">
<Coords points="391,1738 420,1738 443,1740 488,1740 510,1740 642,1740 664,1740 946,1740 975,1738 1131,1738 1159,1738 1189,1738 1211,1740 1263,1740 1283,1742 1374,1742 1389,1740 1441,1740 1461,1744 1509,1744 1509,1775 1461,1775 1441,1768 1389,1768 1374,1770 1283,1770 1263,1772 1211,1772 1189,1772 1159,1772 1131,1779 975,1779 946,1775 664,1775 642,1770 510,1770 488,1770 443,1770 420,1771 391,1771 391,1738"/>
<Baseline points="391,1771 420,1771 443,1770 488,1770 510,1770 642,1770 664,1775 946,1775 975,1779 1131,1779 1159,1772 1189,1772 1211,1772 1263,1772 1283,1770 1374,1770 1389,1768 1441,1768 1461,1775 1509,1775"/>
<TextEquiv><Unicode>in der Historia Hierosolimitana, abgedruckt in den Gesta Dei per</Unicode></TextEquiv>
</TextLine>

<TextLine id="line_24">
<Coords points="219,1790 360,1790 384,1790 552,1790 571,1788 656,1788 675,1797 702,1797 723,1789 808,1789 808,1818 723,1818 702,1825 675,1825 656,1818 571,1818 552,1823 384,1823 360,1820 219,1820 219,1790"/>
<Baseline points="219,1820 360,1820 384,1823 552,1823 571,1818 656,1818 675,1825 702,1825 723,1818 808,1818"/>
<TextEquiv><Unicode>Francos. Hanoviae, 1611. p. 1112.</Unicode></TextEquiv>
</TextLine>

<TextLine id="line_25">
<Coords points="391,1839 592,1839 616,1837 754,1837 768,1839 896,1839 918,1839 996,1839 1012,1839 1204,1839 1218,1841 1249,1841 1259,1841 1367,1841 1379,1835 1507,1835 1507,1867 1379,1867 1367,1875 1259,1875 1249,1867 1218,1867 1204,1874 1012,1874 996,1867 918,1867 896,1865 768,1865 754,1867 616,1867 592,1872 391,1872 391,1839"/>
<Baseline points="391,1872 592,1872 616,1867 754,1867 768,1865 896,1865 918,1867 996,1867 1012,1874 1204,1874 1218,1867 1249,1867 1259,1875 1367,1875 1379,1867 1507,1867"/>
<TextEquiv><Unicode>Ramusio, Secondo Volume delle navigatione et viaggi. Venetia,</Unicode></TextEquiv>
</TextLine>

<TextLine id="line_26">
<Coords points="221,1887 308,1887 323,1887 372,1887 392,1887 448,1887 464,1887 497,1887 524,1887 623,1887 645,1887 746,1887 770,1894 786,1894 809,1887 894,1887 918,1887 976,1887 1000,1887 1083,1887 1109,1887 1141,1887 1155,1896 1214,1896 1238,1896 1348,1896 1371,1887 1411,1887 1432,1882 1507,1882 1507,1922 1432,1922 1411,1917 1371,1917 1348,1922 1238,1922 1214,1917 1155,1917 1141,1915 1109,1915 1083,1922 1000,1922 976,1915 918,1915 894,1915 809,1915 786,1915 770,1915 746,1915 645,1915 623,1924 524,1924 497,1918 464,1918 448,1915 392,1915 372,1915 323,1915 308,1915 221,1915 221,1887"/>
<Baseline points="221,1915 308,1915 323,1915 372,1915 392,1915 448,1915 464,1918 497,1918 524,1924 623,1924 645,1915 746,1915 770,1915 786,1915 809,1915 894,1915 918,1915 976,1915 1000,1922 1083,1922 1109,1915 1141,1915 1155,1917 1214,1917 1238,1922 1348,1922 1371,1917 1411,1917 1432,1922 1507,1922"/>
<TextEquiv><Unicode>1574. fol. 248 V. „pomi violati e tondi alla guisa di una zucca, da quali</Unicode></TextEquiv>
</TextLine>

<TextLine id="line_27">
<Coords points="218,1937 343,1937 365,1943 440,1943 462,1937 573,1937 591,1942 663,1942 683,1936 761,1936 778,1936 827,1936 842,1936 984,1936 1027,1934 1152,1934 1166,1936 1311,1936 1332,1934 1455,1934 1474,1929 1510,1929 1510,1960 1474,1960 1455,1972 1332,1972 1311,1974 1166,1974 1152,1972 1027,1972 984,1964 842,1964 827,1964 778,1964 761,1965 683,1965 663,1964 591,1964 573,1965 462,1965 440,1964 365,1964 343,1974 218,1974 218,1937"/>
<Baseline points="218,1974 343,1974 365,1964 440,1964 462,1965 573,1965 591,1964 663,1964 683,1965 761,1965 778,1964 827,1964 842,1964 984,1964 1027,1972 1152,1972 1166,1974 1311,1974 1332,1972 1455,1972 1474,1960 1510,1960"/>
<TextEquiv><Unicode>quando sono maturi esce fuori un&#39; uccello“. Dieſelbe Geſchichte erwähnt bei</Unicode></TextEquiv>
</TextLine>

<TextLine id="line_28">
<Coords points="218,1984 327,1984 342,1983 523,1983 536,1986 581,1986 595,1986 674,1986 688,1986 849,1986 858,1984 967,1984 986,1986 1036,1986 1050,1986 1157,1986 1173,1986 1231,1986 1250,1986 1374,1986 1389,1986 1445,1986 1461,1979 1505,1979 1505,2009 1461,2009 1445,2012 1389,2012 1374,2014 1250,2014 1231,2014 1173,2014 1157,2022 1050,2022 1036,2012 986,2012 967,2019 858,2019 849,2014 688,2014 674,2014 595,2014 581,2014 536,2014 523,2024 342,2024 327,2024 218,2024 218,1984"/>
<Baseline points="218,2024 327,2024 342,2024 523,2024 536,2014 581,2014 595,2014 674,2014 688,2014 849,2014 858,2019 967,2019 986,2012 1036,2012 1050,2022 1157,2022 1173,2014 1231,2014 1250,2014 1374,2014 1389,2012 1445,2012 1461,2009 1505,2009"/>
<TextEquiv><Unicode>gleicher Gelegenheit Sir John Maundeville, the voiage and travaile etc. ed.</Unicode></TextEquiv>
</TextLine>

<TextLine id="line_29">
<Coords points="218,2036 259,2036 273,2034 298,2034 316,2036 350,2036 369,2034 578,2034 604,2034 740,2034 761,2034 844,2034 863,2043 893,2043 911,2034 977,2034 977,2062 911,2062 893,2071 863,2071 844,2062 761,2062 740,2069 604,2069 578,2064 369,2064 350,2064 316,2064 298,2064 273,2064 259,2071 218,2071 218,2036"/>
<Baseline points="218,2071 259,2071 273,2064 298,2064 316,2064 350,2064 369,2064 578,2064 604,2069 740,2069 761,2062 844,2062 863,2071 893,2071 911,2062 977,2062"/>
<TextEquiv><Unicode>by J. O. Halliwell. London, 1839. p. 264.</Unicode></TextEquiv>
</TextLine>

<TextLine id="line_30">
<Coords points="387,2084 498,2084 524,2084 661,2084 683,2084 782,2084 801,2083 839,2083 859,2083 977,2083 991,2083 1121,2083 1143,2083 1258,2083 1275,2086 1358,2086 1373,2084 1405,2084 1420,2079 1507,2079 1507,2109 1420,2109 1405,2111 1373,2111 1358,2121 1275,2121 1258,2121 1143,2121 1121,2112 991,2112 977,2112 859,2112 839,2112 801,2112 782,2112 683,2112 661,2118 524,2118 498,2114 387,2114 387,2084"/>
<Baseline points="387,2114 498,2114 524,2118 661,2118 683,2112 782,2112 801,2112 839,2112 859,2112 977,2112 991,2112 1121,2112 1143,2121 1258,2121 1275,2121 1358,2121 1373,2111 1405,2111 1420,2109 1507,2109"/>
<TextEquiv><Unicode>Mich. Maier, Tract. de volucri arborea absque patre et matre</Unicode></TextEquiv>
</TextLine>

<TextLine id="line_31">
<Coords points="218,2135 248,2135 277,2133 384,2133 413,2135 566,2135 595,2133 692,2133 712,2133 944,2133 965,2133 1176,2133 1202,2133 1400,2133 1429,2126 1505,2126 1505,2157 1429,2157 1400,2166 1202,2166 1176,2170 965,2170 944,2163 712,2163 692,2161 595,2161 566,2163 413,2163 384,2163 277,2163 248,2162 218,2162 218,2135"/>
<Baseline points="218,2162 248,2162 277,2163 384,2163 413,2163 566,2163 595,2161 692,2161 712,2163 944,2163 965,2170 1176,2170 1202,2166 1400,2166 1429,2157 1505,2157"/>
<TextEquiv><Unicode>in insulis Orcadum forma anserculorum proveniente. Francofurti, 1619.</Unicode></TextEquiv>
</TextLine>

<TextLine id="line_32">
<Coords points="218,2181 369,2181 396,2181 523,2181 548,2187 593,2187 595,2179 739,2179 764,2180 927,2180 943,2183 969,2183 981,2181 1041,2181 1069,2181 1163,2181 1183,2181 1228,2181 1249,2180 1342,2180 1363,2173 1505,2173 1505,2218 1363,2218 1342,2219 1249,2219 1228,2211 1183,2211 1163,2211 1069,2211 1041,2213 981,2213 969,2209 943,2209 927,2218 764,2218 739,2220 595,2220 593,2213 548,2213 523,2220 396,2220 369,2220 218,2220 218,2181"/>
<Baseline points="218,2220 369,2220 396,2220 523,2220 548,2213 593,2213 595,2220 739,2220 764,2218 927,2218 943,2209 969,2209 981,2213 1041,2213 1069,2211 1163,2211 1183,2211 1228,2211 1249,2219 1342,2219 1363,2218 1505,2218"/>
<TextEquiv><Unicode>Michael Mayer war Leibarzt Rudolph&#39;s II und wurde als ſolcher Pfalzgraf.</Unicode></TextEquiv>
</TextLine>

<TextLine id="line_33">
<Coords points="219,2230 313,2230 327,2230 445,2230 465,2235 519,2235 540,2230 625,2230 638,2230 746,2230 766,2230 820,2230 840,2231 908,2231 932,2231 1195,2231 1219,2223 1507,2223 1507,2265 1219,2265 1195,2266 932,2266 908,2260 840,2260 820,2270 766,2270 746,2268 638,2268 625,2268 540,2268 519,2261 465,2261 445,2268 327,2268 313,2261 219,2261 219,2230"/>
<Baseline points="219,2261 313,2261 327,2268 445,2268 465,2261 519,2261 540,2268 625,2268 638,2268 746,2268 766,2270 820,2270 840,2260 908,2260 932,2266 1195,2266 1219,2265 1507,2265"/>
<TextEquiv><Unicode>Einen Auszug aus ſeiner Schrift gab Joh. Johnstonus, Thaumatographia</Unicode></TextEquiv>
</TextLine>

<TextLine id="line_34">
<Coords points="221,2280 379,2280 403,2280 567,2280 593,2280 678,2280 701,2288 730,2288 752,2280 919,2280 956,2278 1012,2278 1032,2278 1126,2278 1140,2278 1180,2278 1200,2278 1330,2278 1351,2277 1434,2277 1448,2270 1489,2270 1489,2311 1448,2311 1434,2316 1351,2316 1330,2318 1200,2318 1180,2310 1140,2310 1126,2310 1032,2310 1012,2310 956,2310 919,2310 752,2310 730,2317 701,2317 678,2308 593,2308 567,2308 403,2308 379,2311 221,2311 221,2280"/>
<Baseline points="221,2311 379,2311 403,2308 567,2308 593,2308 678,2308 701,2317 730,2317 752,2310 919,2310 956,2310 1012,2310 1032,2310 1126,2310 1140,2310 1180,2310 1200,2318 1330,2318 1351,2316 1434,2316 1448,2311 1489,2311"/>
<TextEquiv><Unicode>naturalis Amstelod. 1661. p. 277-292. Die Stelle im Plutarch findet ſich:</Unicode></TextEquiv>
</TextLine>

<TextLine id="line_35">
<Coords points="220,2328 355,2328 375,2333 433,2333 453,2327 559,2327 583,2327 640,2327 663,2328 690,2328 712,2327 753,2327 778,2328 844,2328 889,2328 981,2328 1002,2328 1124,2328 1154,2328 1230,2328 1252,2328 1284,2328 1302,2327 1391,2327 1411,2320 1508,2320 1508,2358 1411,2358 1391,2360 1302,2360 1284,2360 1252,2360 1230,2367 1154,2367 1124,2358 1002,2358 981,2358 889,2358 844,2359 778,2359 753,2358 712,2358 690,2358 663,2358 640,2358 583,2358 559,2358 453,2358 433,2358 375,2358 355,2367 220,2367 220,2328"/>
<Baseline points="220,2367 355,2367 375,2358 433,2358 453,2358 559,2358 583,2358 640,2358 663,2358 690,2358 712,2358 753,2358 778,2359 844,2359 889,2358 981,2358 1002,2358 1124,2358 1154,2367 1230,2367 1252,2360 1284,2360 1302,2360 1391,2360 1411,2358 1508,2358"/>
<TextEquiv><Unicode>Ausgabe von Reiske. Bd. 8. S. 521. Dela Faille führt in einem Aufſatz</Unicode></TextEquiv>
</TextLine>

<TextLine id="line_36">
<Coords points="221,2379 322,2379 348,2380 427,2380 445,2377 536,2377 553,2377 583,2377 602,2377 718,2377 737,2378 820,2378 841,2378 874,2378 892,2378 910,2378 927,2378 1026,2378 1050,2385 1080,2385 1098,2378 1178,2378 1195,2377 1317,2377 1335,2375 1398,2375 1416,2368 1508,2368 1508,2403 1416,2403 1398,2408 1335,2408 1317,2415 1195,2415 1178,2415 1098,2415 1080,2415 1050,2415 1026,2408 927,2408 910,2407 892,2407 874,2407 841,2407 820,2407 737,2407 718,2405 602,2405 583,2405 553,2405 536,2407 445,2407 427,2415 348,2415 322,2415 221,2415 221,2379"/>
<Baseline points="221,2415 322,2415 348,2415 427,2415 445,2407 536,2407 553,2405 583,2405 602,2405 718,2405 737,2407 820,2407 841,2407 874,2407 892,2407 910,2407 927,2408 1026,2408 1050,2415 1080,2415 1098,2415 1178,2415 1195,2415 1317,2415 1335,2408 1398,2408 1416,2403 1508,2403"/>
<TextEquiv><Unicode>(Mém. prés. Acad. d. Scienc. Paris T. 9. 1780. p. 331.) Plinius und Aelian</Unicode></TextEquiv>
</TextLine>

<TextLine id="line_37">
<Coords points="218,2427 263,2427 277,2422 535,2422 550,2434 588,2434 598,2434 606,2434 629,2424 661,2424 676,2423 770,2423 785,2425 870,2425 884,2427 931,2427 946,2425 1032,2425 1046,2425 1270,2425 1270,2465 1046,2465 1032,2465 946,2465 931,2465 884,2465 870,2463 785,2463 770,2457 676,2457 661,2457 629,2457 606,2462 598,2462 588,2457 550,2457 535,2465 277,2465 263,2458 218,2458 218,2427"/>
<Baseline points="218,2458 263,2458 277,2465 535,2465 550,2457 588,2457 598,2462 606,2462 629,2457 661,2457 676,2457 770,2457 785,2463 870,2463 884,2465 931,2465 946,2465 1032,2465 1046,2465 1270,2465"/>
<TextEquiv><Unicode>als Gewährsmänner an; in beiden findet ſich nichts einſchlägliches.</Unicode></TextEquiv>
</TextLine>

</TextRegion>
</Page>
</PcGts>