1600 2788
259 329 1450 380 Im griechiſchen Phyſiologus wird ſowohl von der Krähe als
160 393 1450 441 von der Turteltaube rühmend erwähnt, daß ſie nach dem Tode
160 457 1450 505 ihres Männchens den Witwenſtand bewahre und eheliche Treue ſelbſt
158 520 1448 569 nach dem Tode noch halte. Für die Krähe wird Jeremias 3, 2 ange-
158 584 1448 633 führt. Von der Turteltaube wird noch unter Bezugnahme auf Hohe-
158 646 1449 695 lied 2, 12 erzählt, daß ſie die Einſamkeit liebe. Die Keuſchheit und
157 710 1448 757 Treue der Tauben wird ſchon von Ariſtoteles (hist. anim.9, 53 und
158 774 1445 824 56) und Aelian (hist. anim. 3, 44) erwähnt, während letzterer (3, 9)
157 836 1448 886 Treue und Bewahrung des Witwenſtandes der Krähe beilegt. Im
157 900 1447 950 ſyriſchen Phyſiologus (Tychſen) finden ſich beide Thiere, indeß die Tur-
157 963 1448 1010 teltaube nur als ein die Einſamkeit liebender Vogel. Wo in ſpäteren
157 1027 1448 1074 Bearbeitungen der Turtur vorkommt, wird ihm unter Anführung der
157 1089 1448 1140 Stelle aus dem Hohenlied die Treue der Witwe nachgerühmt, ohne die
155 1153 1450 1203 aus dieſer Stelle entnommene Eigenſchaft zu erwähnen. Es iſt hier
155 1205 1445 1267 alſo durch die Aehnlichkeit der den beiden Thieren beigelegten Eigen-
154 1281 1448 1331 ſchaften veranlaßt eine Verwechſelung eingetreten, in Folge deren die
153 1344 1446 1395 Krähe ſpäter ganz ausfiel. Daß dieſe Verwechſelung dadurch entſtan-
155 1408 1447 1458 den ſei, daß man ſtatt Turteltaube „ſchwarze Taube“ ſagte, liegt zu
155 1475 286 1512 weit ab.
253 1534 1445 1583 Die Fulica der lateiniſchen und ſpäteren Phyſiologen iſt ur-
154 1598 1445 1650 ſprünglich ein anderes Thier, als etwa die jetzige Gattung dieſes Na-
153 1660 1448 1712 mens, nämlich das hebräiſche Chaſida. Der griechiſch-alexandriniſche
153 1722 1448 1776 Ueberſetzer hat Erodios. Daher erzählt ſowohl der griechiſche als ſyriſche
155 1788 1447 1840 Phyſiologus, daß der Erodius ein äußerſt kluger Vogel ſei, welcher
160 234 231 269 132
569 232 1040 271 Die Zoologie des Mittelalters.
305 1943 1447 1986 Pitra vermuthet Jeſajas 59, 11; aber die angeführten Worte: ἐκάθισα
155 1994 1447 2038 ὡσεὶ κορώνη μεμονωμένη entſprechen der griechiſch-alexandriniſchen Ueberſetzung
153 2041 1447 2084 von Jerem. 3, 2 ſo genau, daß nicht daran zu zweifeln iſt, letztere Stelle ſei ge-
152 2091 1445 2133 meint. Sie lautet: ἐκάθισα αὐτοῖς ὡσεὶ κορώνη ἐρημουμένη (Ausgabe von
152 2144 348 2184 Tiſchendorf).
302 2187 1447 2232 Horapollo führt 2, 32 die περίστερα μέλαινα als treue Witwe an. Der
153 2239 1447 2283 Möglichkeit einer hieraus entſtandenen Verwechſelung gedenkt Cahier (Mélanges
153 2291 455 2327 etc. T. 3. p. 264).
303 2331 1445 2377 Tychſen überſetzt zwar avis maligna. Die Uebereinſtimmung aller
150 2382 1442 2429 übrigen Phyſiologi ſpricht aber dafür, daß das ſyriſche Wort a̔rîm hier nur „ſchlau“,
150 2437 340 2479 „klug“ heißt.
