1600 2796
166 318 1455 379 Elektriſche Rochen kennt Ariſtoteles aus dem mittelländiſchen, Mega-
168 393 1455 443 ſthenes (bei Aelian) aus dem indiſchen Meere. Von Ganoiden wa-
166 457 1455 507 ren vermuthlich ein Paar Störarten bekannt. Hier gehen aber bereits
168 520 1455 569 im Alterthume (wie ſpäter im Mittelalter) die Namen ſehr durcheinan-
168 585 1453 632 der. Anthias und Elops bei Ariſtoteles, das dem lateiniſchen nachge-
166 648 1453 696 bildete Akkipeſios des Athenaeus, esox. silurus und acipenser des
168 712 1453 760 Plinius, welcher als Synonym noch elops beibringt, ſind wahrſchein-
166 775 1457 825 lich Namen für verſchiedene Arten von Stören, von denen der Sterlet
168 839 1457 888 am geſchätzteſten war. Cycloſtomen ſcheinen die Alten nicht gekannt
168 901 1458 950 zu haben. Dagegen ſind Knochenfiſche ſehr zahlreich vertreten bei den
168 965 1457 1012 Schriftſtellern des Alterthums. Erwähnt mögen nur werden: Wels
174 1029 1453 1078 (glanis), Hecht (lucius und lupus), Karpfen, Weißfiſche, Barben,
166 1093 1460 1140 Barſche, Aale, Muränen, Lachſe, Lachsforellen, Forellen und andere
168 1156 1453 1204 Salmoniden aus dem Süßwaſſer, Thunfiſche, Makrelen, Serranus,
166 1219 1458 1268 Häring, Sardelle und viele andere aus dem Meere, welche einzeln zu
168 1282 1458 1332 bezeichnen nur mit kritiſcher Ausführlichkeit möglich, aber hier nicht am
168 1347 1386 1396 Orte wäre. Der Neſtbau einzelner Fiſche war beobachtet worden.
168 1410 1457 1462 Auch war bekannt, daß einzelne Fiſche Laute von ſich geben. Fiſch-
168 1474 1133 1523 behälter dienten, wie heute meiſt, nur Küchenzwecken.
261 1538 1458 1587 Unter den Mollusken waren ſicher die Cephalopoden am beſten
169 1600 1460 1651 gekannt, von denen allein ſchon Ariſtoteles die wichtigſten Gattungen
169 1666 1460 1715 unterſchied und deren Lebensweiſe gut kannte. Ja, nach einer Stelle
168 1725 1458 1779 der Thiergeſchichte (IV, 1. 15) könnte man faſt meinen, er habe den echten
169 1790 1456 1843 Nautilus geſehen. Auffallend wenig wird von den Schnecken mitgetheilt.
168 1854 1455 1905 Obſchon einige Namen erwähnt werden und zwar zum Theil ſolche,
169 1918 1457 1969 welche jetzt in die wiſſenſchaftliche Nomenclatur aufgenommen ſind,
169 1981 1460 2033 läßt ſich doch nur über wenige etwas Beſtimmtes ſagen. Selbſt die ſo
1408 235 1453 268 53
434 232 1182 272 Ueberſicht der den Alten bekannten Thierformen.
315 2100 1458 2142 Es iſt hiernach ſprachlich nicht unmöglich, daß, wie Florencourt aus
168 2147 1460 2189 andern Gründen vermuthet, Auſonius unter Silurus den Stör verſtanden, aber
169 2192 1458 2239 in Folge einer Verwechſelung den Wels beſchrieben habe, ſchon durch die Worte:
168 2245 937 2287 „velut actaeo perducta tergora olivo“, V. 135.
313 2275 1443 2336 Ovid, Halieut. V. 122: „atque avium dulces nidos imitata sub undis.“
313 2344 1458 2399 vergl. den Aufſatz von Johannes Müller, über die Fiſche, welche Töne von
168 2387 1457 2437 ſich geben, in ſeinem Archiv, 1857. S. 249, wo die Beobachtungen der Alten kri-
168 2436 573 2484 tiſch zuſammengeſtellt ſind.
