1600 2788
429 229 1209 269 1. Sprachliche Begründung älteſter Thierkenntniß.
176 327 1464 376 übertragen Meth), aber nicht für das ſo früh bewunderte Honig ſam-
176 391 1466 440 melnde Inſect Allgemeingut geworden iſt. Dagegen iſt es ein an-
176 453 1467 504 heimelnder Gedanke, daß auch unſern Urſtammvätern jene zudringlichen
176 517 1467 567 kleinen Diebe nicht gefehlt haben, zu deren Verfolgung im Laufe der
176 582 1466 631 Thiergeſchichte bereits ein Thier ein früheres abgelöſt hat. Das Sans-
176 645 1462 695 kritwort mûsh wird griech. μυς, bleibt latein. mus und iſt das hd.
176 708 1466 757 Maus. Die Katze hat erſt ſpäter die Rolle der Mäuſevertilgerin
176 772 1465 821 übernommen, obſchon ſie bereits in Indien altbekannt war. Den
176 834 1467 886 Mäuſen als läſtige Begleiter des Menſchen nicht unähnlich iſt die Fliege
177 900 1461 948 oder Mücke zu erwähnen, welche durch musca, griech. μυῖα, Skrt.
176 963 1467 1012 makshika ihr hohes Alterthum (wenn auch in dieſem Falle natürlich
176 1027 1466 1076 nicht in einer nachweisbar beſtimmten Art) beſtätigt. Auch der Aus-
176 1088 1466 1138 druck für das Gewürm im Allgemeinen iſt alt: Skrt.kṛmi wird ἕλμις,
179 1155 1324 1203 vermis, goth. vaurmi, hd. Wurm (littauiſch noch kirminis).
272 1219 1467 1266 Von wilden Thieren iſt zunächſt des Bären zu gedenken, deſſen
176 1281 1467 1331 jetziger hochdeutſcher Name zwar andern Urſprung hat, welcher aber
176 1341 1467 1396 durch Skrt. ṛksha, griech. ἄρκτοσ, latein. ursus, celtiſch art, auf die
177 1410 1465 1457 urſprünglich weite Verbreitung hinweiſt. Während der Bär von An-
176 1474 1467 1522 fang an erkannt wurde und keiner Verwechſelung mit andern großen
176 1536 1469 1586 Thieren unterlag, ſcheint ſich die Reihe von Namen für Wolf und
177 1600 1464 1650 Fuchs trotz ihres ſpätern Gegenſatzes früher noch vermiſcht zu haben.
177 1665 1471 1714 Von dem Stamm vṛka, zerreiſſen im Skrt., iſt durch griech. λύκος
179 1727 1471 1779 das latein. lupus, andrerſeits hircus, dann aber (wohl auch ἀλώπηξ
177 1793 1467 1841 und) vulpes, Wolf abzuleiten. Ein hohes Alter hat auch der Biber zu
1424 231 1467 264 13
305 1906 1469 1946 Skrt. bhramara führt auf βρέμω, Bremſe; druṇa Skrt. kann nicht
176 1953 1469 1996 Drohne ſein; Imme iſt griech. ἔμπις, lat. apis; auch Biene ſchließt ſich vielleicht
174 2006 300 2043 an apis.
307 2055 1469 2095 catus und Katze ſtammen aus einer ſemitiſchen Quelle. (vgl. indeß den
176 2101 1467 2143 Artikel Katze von Hildebrand in Grimm's Wörterbuch, 5. Bd.). Das gewöhn-
176 2150 1467 2193 lich als Katze gedeutete αἴλουρος iſt Mustela foina, der Hausmarder, wie Rolle-
176 2199 1467 2241 ſton nachgewieſen hat (Journ. of Anat. and Physiol. Vol. II. (2. Ser.) 1867,
174 2249 1471 2291 p. 47. 437. Die ägyptiſche Katze erhielt ſpäter den Namen von ihrem Vorgänger
176 2296 707 2339 in den griechiſchen Häuſern, γαλῆ.
305 2346 1469 2390 Gleich alt iſt vielleicht der Floh (ψύλλα, pulex, Floh) und die Laus, für
174 2394 1140 2439 deren Eier (Niſſe) der Name in denſelben Sprachen ſich findet.
303 2446 1134 2488 ſ. Grimm's deutſches Wörterbuch Bd. 1. u. d. W.
