1600 2788
39 324 1324 374 Philoſophie waren, des Euklid, Nikomachus, Ptolemaeus u. a. über
41 388 1319 436 die ſieben freien Künſte galten als Grundlagen der geiſtigen Erziehung,
41 452 1323 500 wie ſeine, ſchon im frühen Mittelalter in faſt alle europäiſchen Spra-
43 515 1324 562 chen überſetzte Schrift de consolatione philosophiae ein Lieblingsbuch
43 577 1324 633 der Gebildeten Jahrhunderte hindurch geweſen iſt. Gleich bedeutend
41 631 1326 690 in ſeinem Einfluſſe und ſeiner Verbreitung als Schulbuch war des
41 705 1323 752 ſchon genannten Caſſiodorus Schrift Institutiones ad divinas
41 769 1323 816 lectiones. Zunächſt einen theologiſchen Lehrplan entwerfend, weiſt er
41 831 1321 879 darauf hin, daß in der heiligen Schrift viele Wahrheiten figürlich aus-
41 895 1321 943 gedrückt und nur durch Grammatik, Rhetorik, Dialektik u. ſ. f. ver-
41 958 1323 1005 ſtändlich ſind. Er behandelt daher die Schulwiſſenſchaften, die ſieben
40 1021 1323 1069 freien Künſte, eingehend und ſeine Darſtellung iſt „ein Geſetzbuch für
39 1084 1321 1133 den ganzen Unterricht der mittelalterlichen Kloſterſchulen geblieben“.
39 1148 1323 1197 Als ähnliche Fundgrube der Gelehrſamkeit galt Jahrhunderte lang die
39 1212 1323 1261 Schrift des Marcianus Capella über die Vermählung der
39 1273 1324 1324 Philologie und des Merkur, in welcher er dieſelben Wiſſenſchaften als
38 1336 1324 1387 Dienerinnen der im Olymp eingeführten Philologie auftreten läßt. An
41 1399 1319 1450 dieſe drei ſchloſſen ſich dann ſpeciellere Schulbücher in ähnlichem Geiſte,
39 1462 1319 1514 wie der Donat, Priscian, ſpäter das Doctrinale puerorum des Alex-
40 1528 1319 1576 ander de Villa Dei und andere an, welche die Disciplinen des Trivium
40 1591 1293 1640 und Quadrivium in mehr oder weniger pedantiſcher Weiſe vortrugen.
129 1653 1323 1704 Eine hervorragende Stellung nimmt neben den genannten noch
38 1717 1324 1768 das Werk des Iſidor von Sevilla aus dem Anfang des ſiebenten
38 1778 1323 1831 Jahrhunderts ein, welches nicht bloß die ſieben freien Künſte, ſondern
38 1843 1324 1897 auch Theologie, Jurisprudenz, Medicin, Naturgeſchichte, Geographie
38 1905 1323 1959 u. ſ. f. umfaßt, aber wie ſchon ſein Titel Origenes s. etymologiae be-
36 1967 1323 2023 ſagt mehr nach Art eines erklärenden etymologiſchen Realwörterbuches
41 2031 1323 2088 (vergl. z. B. das zehnte Buch). Sein Einfluß war bedeutend und
241 226 1109 266 Periode des Stillſtandes bis zum zwölften Jahrhundert.
1257 229 1323 264 105
158 2121 1324 2175 Eine arabiſch-lateiniſche Ueberſetzung der Ariſtoteliſchen logiſchen Schriften
36 2175 1319 2225 benutzte wohl zuerſt Otto von Freiſing im 12. Jahrhundert. ſ. Pertz, Monumenta.
36 2226 1302 2273 Scriptores, Vol. XX. p. 96. (Wilman's Einleitung zum Chronicon des Otto).
158 2278 1322 2321 Ob Marcianus Capella gleichfalls Chriſt geweſen iſt, bleibt zweifelhaft.
36 2319 1321 2371 Wie E. Böttger bemerkt (Jahn's neue Jahrbücher für Philol. 13. Suppltbd.
38 2369 1323 2419 1847. S. 592) und wie ſchon Caspar Barth (in den Adversar. comment.)
34 2419 854 2469 andeutet, kannte er wenigſtens chriſtliche Meinungen.
