1600 2788
38 322 1321 371 von Vitry, ſpäter Biſchof von Acco, entnommen. Auch ein-
38 386 1321 436 zelne Ordensgenoſſen kommen als Gewährsmänner vor, ſo Jorda-
36 450 1321 498 nus und Hugo. Letzterer iſt, wie aus Vergleichung der Stellen
38 513 1322 560 hervorgeht, Hugo de S. Charo (Cardinalis S. Sabinae). Von
40 576 1321 624 mittelalterlichen naturgeſchichtlichen Büchern führt Verfaſſer den Phy-
39 639 1323 688 ſiologus, ein liber physicorum, einen Lapidarius, ein anonymes
39 701 1322 750 Buch, welches er als „Experimentator“ zu citiren vorſchlägt, und ein
40 765 1321 812 liber rerum, gleichfalls unbekannten Verfaſſers, an. Aerztliche Auto-
39 827 1319 876 ren ſind ihm Galen, Aeſculapius (in einer an Octavianus Au-
41 891 1323 940 guſtus gerichteten Schrift), Platearius, Conſtantinus Afri-
43 953 1324 1002 canus und die Kyraniden. Bei Anführung der letzteren iſt
41 1015 1324 1065 es ihm übrigens begegnet, daß er im Eifer des Niederſchreibens die
43 1079 1326 1129 erſte Perſon in einer Stelle der Kyraniden nicht durch Aenderung der
43 1141 1324 1191 Satzconſtruction beſeitigt hat; es ſcheint daher nun, als habe Thomas
43 1205 911 1255 ſelbſt den mit „ich“ eingeführten Verſuch gemacht.
133 1269 1323 1321 Eine Frage von nicht geringer Bedeutung für die betreffenden
41 1329 1323 1382 Autoren iſt die, ob Thomas von Cantimpré, welcher gewöhnlich
43 1393 1324 1445 als Schüler und in Bezug auf ſeine zoologiſche Schrift als Nachfolger
43 1455 1324 1509 Albert's des Großen bezeichnet wird, bei Abfaſſung dieſer Schrift
43 1517 1324 1571 die betreffenden Abſchnitte aus dem großen Werke des letzteren nicht
1243 229 1310 264 221
451 226 895 264 Das dreizehnte Jahrhundert.
200 1637 1322 1679 Abgedruckt in den Gesta Dei per Francos. Hanoviae,  1611. S. 1100
40 1683 185 1722 und flgde.
202 1734 936 1776 Deſſen Opera. Tom. I. Venet. 1732. S. 112.
200 1782 1324 1826 In Bezug auf die Kyraniden kann auf E. Meyer, Geſchichte der Bo-
43 1827 1323 1876 tanik, 2. Bd. S. 348, verwieſen werden. Doch iſt die von Meyer aufgeſtellte Be-
43 1874 1323 1924 hauptung, Raymundus Lullus habe das Buch überſetzt, dadurch ohne Weiteres wi-
43 1920 1319 1972 derlegt, daß Thomas Cantipratanus es citirt, und zwar wie ich mich überzeugt habe,
43 1970 1319 2027 wörtlich in der lateiniſchen Ueberſetzung. Raymundus Lullus wurde 1235 geboren,
43 2020 1323 2070 während Thomas ſchon 1233 zu ſchreiben oder ſammeln anfieng. Wunderbar iſt es,
43 2065 1319 2117 daß Meyer, welcher behauptet, die Kyraniden würden zuerſt von Simon Januen-
42 2113 1323 2165 ſis citirt, und welcher ſich die Bücher von den Pflanzen aus dem Gothaer Codex
43 2162 1321 2214 des Thomas abgeſchrieben hat, nicht wenigſtens in den weit umfänglicheren Thier-
43 2208 1107 2262 büchern geblättert hat, wo die Kyraniden an dreißigmale vorkommen.
202 2267 1324 2312 Beim Ydrus serpens fluvialis ſoll ein heilkräftiger Stein im Kopfe
41 2310 1324 2362 enthalten ſein. Um deſſen Kraft zu prüfen, ſagt der Verfaſſer der Kyraniden: cir-
41 2362 1321 2412 cumcinxi lapidem mulieri hydropicae. Dieſer Satz erſcheint mit der erſten
41 2401 488 2457 Perſon genau ſo bei Thomas.
