1600 2471
148 261 1345 303 Vorstellungen des tief entarteten »Heidentums« mit hinein und bildeten
147 311 1345 353 fortan — wenigstens für die grosse Mehrzahl der Christen — einen
146 361 815 404 integrierenden Bestandteil des Dogmas.
246 411 1347 453 Dieser Augenblick bedeutet den Wendepunkt für die
146 462 911 504 Ausbildung der christlichen Religion.
247 512 1345 554 Verzweifelt kämpften edle Christen, namentlich die griechischen
146 562 1347 604 Väter, gegen die Verunstaltung ihres reinen einfachen Glaubens, ein
147 612 1348 655 Kampf, der nicht seinen wichtigsten, doch seinen heftigsten und be-
146 663 1350 704 kanntesten Ausdruck in dem langen Streit um die Bilderverehrung
147 712 1348 754 fand. Schon hier ergriff Rom, durch Rasse, Bildung und Tradition
147 763 1349 803 dazu veranlasst, die Partei des Völkerchaos. Am Ende des 4. Jahr-
147 813 1349 855 hunderts erhebt der grosse Vigilantius, ein Gothe, seine Stimme gegen
147 863 1348 906 das pseudo-mythologische Pantheon der Schutzengel und Märtyrer,
147 914 1351 956 gegen den Reliquienunfug, gegen das aus dem ägyptischen Serapiskult
147 964 1350 1006 in das Christentum importierte Mönchswesen; doch der in Rom
147 1014 1351 1057 gebildete Hieronymus kämpft ihn nieder und bereichert die Welt und
149 1064 1351 1105 den Kalender durch neue Heilige aus seiner eigenen Phantasie. Die
152 1116 835 1156 »fromme Lüge« war schon am Werke.
247 1164 1350 1206 Soviel nur zur Veranschaulichung der Entstellungen, welche die
148 1215 1351 1258 äussere Mythengestaltung aus indoeuropäischem Erbe sich hat vom
148 1265 1351 1307 Völkerchaos gefallen lassen müssen. Wenden wir jetzt das Auge auf jene
149 1315 1351 1358 mehr innerliche Mythenbildung, so werden wir hier das indoeuropäische
148 1367 823 1408 Stammgut in reinerer Gestalt antreffen.
249 1415 1351 1457 Den Kern der christlichen Religion, den Brennpunkt, auf den
148 1466 1352 1505 alle Strahlen hinstreben, bildet der Gedanke an eine Erlösung des
148 1516 1352 1557 Menschen: dieser Gedanke ist den Juden von jeher und bis auf den
149 1566 1353 1609 heutigen Tag vollkommen fremd; ihrer gesamten Religionsauffassung
148 1616 1352 1659 gegenüber ist er einfach widersinnig; denn es handelt sich nicht um
149 1666 1350 1707 eine sichtbare, historische Thatsache, sondern um ein unaussprechliches,
149 1717 1353 1759 inneres Erlebnis. Dagegen bildet dieser Gedanke den Mittelpunkt
150 1767 1350 1809 aller indoeranischen Religionsanschauungen; sie alle drehen sich um
152 1817 1352 1859 die Sehnsucht nach Erlösung, um die Hoffnung auf Erlösung; auch
1300 171 1346 195 559
676 152 819 192 Religion.
1410 1171 1481 1189 Innere
1379 1204 1512 1227 Mythologie.
289 1926 1351 1961 Pachomius, der Begründer des eigentlichen Mönchtums, war wie sein Vor-
152 1966 1351 2002 gänger, der Einsiedler Antonius, Ägypter und zwar Oberägypter, und als »national-
152 2010 1352 2044 ägyptischer Serapisdiener« hat er die Praktiken gelernt, die er später fast unverändert
152 2050 1350 2086 ins Christentum übertrug (vergl. Zöckler: Askese und Mönchtum, 2. Aufl.; S. 193 fg.).
291 2091 1351 2128 Vergl. S. 308. Über die »Rezeption des Heidentums« siehe auch Müller,
152 2137 436 2170 a. a. O., S. 204 fg.
291 2176 1319 2211 Vergl. S. 393 und auch die auf S. 330 citierte Stelle von Prof. Graetz.
