1600 2471
233 263 1443 311 Christentums entschieden« — Recht haben mag, dieses Christentum
232 313 1444 355 sich von dem des Völkerchaos von Hause aus wesentlich unter-
233 363 1445 411 scheidet. Es handelt sich gleichsam um Falten des Gehirns: was auch
234 415 1444 465 hineingelegt wird, es muss sich nach ihnen biegen und schmiegen.
235 465 1447 510 Gleichwie ein Boot, dem scheinbar einförmigen Elemente des Ozeans
235 514 1448 562 anvertraut, weit abweichende Wege wandern wird, je nachdem der
236 564 1448 611 eine Strom oder der andere es ergreift, ebenso legen dieselben Ideen in
237 616 1450 664 verschiedenen Köpfen verschiedene Bahnen zurück und geraten unter
237 667 1449 712 Himmelsstriche, die wenig Gemeinsames miteinander haben. Wie un-
238 715 1450 764 endlich bedeutungsvoll ist z. B. bei den alten Germanen der Glaube
238 767 1450 815 an ein »allgemeines, unabänderliches, vorausbestimmtes und voraus-
239 818 1450 865 bestimmendes Schicksal«. Schon in dieser einen, allen Indoeuropäern
239 867 1452 918 gemeinsamen »Hirnfalte« liegt — vielleicht neben manchem Aber-
239 918 1451 968 glauben — die Gewähr einer reichen geistigen Entwickelung nach den
240 968 1454 1016 verschiedensten Richtungen und auf genau bestimmten Wegen. In der
242 1020 1453 1067 Richtung des Idealismus wird der Glaube an ein Schicksal mit Natur-
242 1070 1455 1118 notwendigkeit zu einer Religion der Gnade führen, in der Richtung
243 1120 1455 1168 der Empirie zu streng induktiver Wissenschaft. Denn streng empirische
243 1170 1454 1216 Wissenschaft ist nicht, wie häufig behauptet wird, eine geborene Feindin
243 1222 1457 1269 aller Religion, noch weniger der Lehre Christi; sie hätte sich, wie wir
244 1272 1456 1319 sahen, mit Origenes vortrefflich vertragen, und im neunten Kapitel
244 1322 1455 1368 werde ich zeigen, dass Mechanismus und Idealismus Geschwister sind;
247 1373 1458 1418 Wissenschaft kann aber ohne den Begriff der lückenlosen Notwendigkeit
247 1425 1455 1468 nicht bestehen, und darum ist, wie selbst ein Renan zugeben muss:
256 1474 1459 1521 »jeder semitische Monotheismus von Hause aus ein Gegner aller
249 1524 1458 1572 physischen Wissenschaft«. Das Judentum, sowie das unter römischem
250 1575 1458 1620 Einfluss entwickelte Christentum postulieren als Grunddogma die un-
250 1625 1460 1671 beschränkte schöpferische Willkür; daher der Antagonismus und der
250 1675 1459 1722 nie endende Kampf zwischen Kirche und Wissenschaft; bei den Indern
251 1726 1461 1770 bestand er nicht; den Germanen ist er nur künstlich aufgenötigt
251 1777 1459 1823 worden. Ebenso bedeutend ist die Thatsache, dass für die alten
253 1828 1461 1872 Germanen — genau so wie bei den Indern und Griechen — die sitt-
253 1879 1460 1922 liche Betrachtung sich nicht in die Frage nach Gut und Böse zu-
230 173 278 203 624
734 157 935 198 Der Kampf.
396 1982 1207 2014 Geschichte der deutschen Sprache, 2. Aufl., S. iv und 550.
393 2028 597 2060 Vergl. S. 450.
393 2065 1462 2101 A. a. O., 2. Auflage I, 191. Wozu man meine Ausführungen Kap. 3,
256 2112 622 2144 S. 242 vergleichen möge.
398 2150 903 2184 Origines du Christianisme, VII, 638.
395 2195 587 2226 Siehe S. 407.
