1600 2396
403 266 1485 314 Doch, da das Wort »indoeuropäisch« meiner Feder entfährt,
305 317 1488 366 will ich gleich hier eine Thatsache besprechen, der ich bisher kaum
304 364 1490 416 flüchtig Erwähnung that. Die Kanaaniter bestanden vorwiegend, doch
305 415 1489 464 nicht einzig aus Hethitern; mit ihnen eng verbunden, doch häufig in
307 465 1490 516 getrennten Gauen ansässig und dadurch ihren Stamm relativ rein er-
307 512 1490 561 haltend, lebten die Amoriter. Diese Amoriter waren grosse, blonde,
308 562 1494 613 blauäugige Menschen von lichter Hautfarbe; sie waren »aus dem
308 610 1495 660 Norden«, d. h. aus Europa eingedrungen, die Ägypter nannten sie
311 662 1496 704 daher Tamehu »das Volk der Nordländer«, und zwar scheinen sie
311 711 1498 763 (doch ist dies natürlich problematisch) Palästina nicht sehr lange vor
312 760 1497 804 der Rückkehr der Israeliten aus Ägypten erreicht zu haben. Im
313 810 1498 859 Osten des Jordans hatten sie mächtige Reiche gegründet, mit denen
314 859 1500 909 die Israeliten später öfter Krieg führen mussten; ein anderer Teil war
314 907 1499 958 in Palästina eingedrungen, wo er in engster Freundschaft mit den
315 959 1501 1007 Hethitern lebte, wieder andere hatten sich zu den Philistern ge-
316 1006 1502 1059 schlagen, und zwar in so grosser Zahl (vermehrt vielleicht durch
318 1056 1501 1107 direkte Zuzüge aus dem bereits durch und durch hellenischen Westen),
319 1105 1503 1150 dass manche Geschichtsforscher die Philister als der Mehrzahl nach
319 1157 1504 1206 arisch-europäischen Stammes betrachtet haben. Diese unsere eigenen
320 1208 1507 1253 Stammesbrüder sind jene Enakskinder, die »Leute von grosser
321 1254 1507 1306 Länge«, welche den Israeliten so schreckliche Angst einjagten, als diese
322 1303 1508 1347 sich das erste Mal kundschaftend ins südliche Palästina eingeschlichen
323 1352 1508 1405 hatten (IV Mose XIII); zu ihnen gehörte der tapfere Goliath, der die
324 1402 1509 1447 Israeliten zu einem ritterlichen Zweikampf auffordert und inzwischen
326 1452 1510 1501 dem tückisch geschleuderten Stein erliegt; zu ihnen auch jene
303 179 349 212 366
803 163 984 195 Die Erben.
114 287 276 307 Der Amoriter.
463 1534 1512 1573 Dass das Buch Genesis (XIV, 13) schon Abraham in friedlicher Bundes-
328 1575 1513 1621 genossenschaft mit drei Amoritern in der Ebene Hebrons leben lässt, hat natürlich
328 1624 944 1659 auf historische Gültigkeit keinen Anspruch.
466 1659 1365 1698 Siehe namentlich Sayce: Races of the Old Testament, S. 110 fg.
466 1698 1515 1742 Vergl. Renan: Israël II, livre 3, ch. 3. Über den hellenischen Ursprung
331 1739 1516 1777 eines bedeutenden Teils der Philister und die Einführung einer Anzahl griechischer
331 1781 1513 1819 Worte durch sie ins Hebräische, siehe auch Renan: Israël, Band I, S. 157 Anm.;
333 1822 1517 1866 und Maspero: II, S. 698. Übrigens ist die Frage nach dem Ursprung der Philister
333 1863 1517 1900 und der Amoriter eine noch viel umstrittene; wir können den Streit getrost den
334 1903 1517 1945 Historikern und Theologen überlassen; die anthropologischen Ergebnisse sind
335 1944 1518 1989 Ergebnisse einer exakten Wissenschaft und die Philologie muss sich darnach
336 1985 1520 2028 richten, nicht umgekehrt. Dass die Amoriter, sowie mindestens ein Teil der
336 2026 1519 2070 Philister, grosse, blonde, blauäugige Dolichocephalen waren, ist sicher: somit
338 2069 1364 2112 gehörten sie zum Typus Homo europaeus; uns Ungelehrten genügt das.
475 2108 1520 2152 Die Legende, welche diese feige That dem David zuschreibt, ist eine
339 2148 1520 2194 späte Interpolation; der ursprüngliche Bericht steht II Sam. XXI, 19 (vergl. Stade:
