1600 2396
272 261 1457 317 Folgende Charakteristika der Hethiter, der Amoriter und der Semiten
273 313 1196 359 sollen also nur zur allgemeinsten Orientierung dienen.
372 360 1461 405 Die Hethiter sehen auf den ägyptischen Bildern nichts weniger
274 408 1461 465 als geistreich aus. Die übertrieben »jüdische« Nase setzt sich nach
276 459 1461 506 oben in eine zurückweichende Stirn fort und unten schliesst sich ein
278 507 1463 558 bisweilen noch ärger zurücktretendes Kinn an. Vielleicht hat sich
278 557 1464 606 wirklich der Homo syriacus im Allgemeinen nicht durch den Besitz
279 605 1463 663 grosser und feuriger Begabung ausgezeichnet; ich wüsste auch nicht,
280 656 1464 706 dass er heute, wo er angeblich wieder überhandnimmt, hiervon Be-
280 706 1467 760 weise gegeben habe. Doch besass er ohne Frage tüchtige Eigen-
281 753 1468 802 schaften. Dass seine Rasse in den verschiedenen Mischungen siegreich
283 803 1469 859 durchgedrungen ist und noch durchdringt, beweist grosse physische
281 855 1471 903 Kraft. Dieser Kraft entsprach Ausdauer und Fleiss. Klug muss er
282 905 1472 958 auch gewesen sein, nach den wenigen Bildern zu urteilen, sogar un-
283 951 1470 1010 geheuer schlau (was ja mit Genialität nichts zu thun hat, im Gegenteil).
284 1001 1473 1052 Auch seine Geschichte zeigt ihn klug: er hat verstanden zu herrschen
285 1052 1474 1100 und er hat verstanden, sich unter möglichst günstigen Bedingungen
289 1099 1476 1148 der fremden Gewalt zu unterwerfen. Unwirtliche Gegenden machte
290 1150 1478 1201 er urbar und, als ihre Bevölkerung zunahm, baute er Städte und war
291 1199 1474 1253 ein so tüchtiger Kaufmann, dass im Alten Testament »Kaufmann«
291 1248 1476 1297 und »Kanaaniter« durch ein und dasselbe Wort ausgedrückt werden.
292 1296 1483 1352 Dass er als Krieger tapfer zu sterben wusste, bezeugt sein langer Kampf
293 1346 1480 1405 gegen Ägypten und das Vorkommen solcher Charaktere wie Uria.
295 1397 1480 1452 Ein Zug von Güte ist auf allen jenen sonst recht verschiedenen Por-
295 1447 1483 1494 träts zu lesen. Man stellt sich lebhaft vor, wie diese Menschen —
295 1497 1484 1553 gleich fern von symbolischer Mythologie und von fanatischem Wüsten-
272 178 319 212 376
772 159 953 192 Die Erben.
435 1610 1486 1653 Siehe namentlich die Figuren auf einem hethitischen Monument bei
298 1653 1487 1700 Aintab: (Sayce: Hittites, p. 62) und die Typenbilder nach ägyptischen Monumenten
300 1710 455 1742 auf S. 361.
435 1733 1487 1776 Die Hethiter scheinen lange Zeit hindurch ganz Syrien beherrscht zu
302 1773 1488 1819 haben und wahrscheinlich ganz Kleinasien; ihre Macht war eben so gross wie die
302 1815 1486 1866 Ägyptens in seiner Glanzzeit (siehe Wright; Empire of the Hittites, 1886, und Sayce:
307 1855 1491 1905 The Hittites, 1892). Doch ist Vorsicht am Platze, denn die hethitische Schrift ist
304 1895 1490 1943 noch nicht entziffert, und wenn auch hethitische Physiognomie, Tracht, Kunst und
306 1936 1491 1982 Schreibart bereits einen bestimmten Begriff für die Wissenschaft bilden, die Ge-
307 1978 1492 2025 schichte dieses Volkes, von dem man vor wenigen Jahren noch nichts wusste, ist
308 2034 753 2070 bis jetzt sehr dunkel geblieben.
443 2061 1490 2107 Man lese (II Sam. XI) wie prächtig und männlich sich Uria benimmt;
309 2101 1493 2144 neben dem verbrecherischen Leichtsinn David’s sticht diese srenge, wortkarge
310 2157 733 2191 Pflichterfüllung angenehm ab.
