1600 2396
94 277 1275 317 wie unsere heutigen Materialisten wissen, wie aus Bewegungen der
94 325 1275 366 Atome das Denken entsteht, wusste jener, wie Gott die Welt, und
96 374 1276 415 dass er aus einem Erdenkloss den Menschen gemacht hatte. Die
95 423 1272 465 Schöpfung ist aber das Wenigste; der Jude nahm die Mythologieen,
95 472 1275 510 die er auf seinen Reisen kennen lernte, entkleidete sie nach Thunlich-
95 521 1272 562 keit des Mythologischen und stutzte sie zu möglichst konkret historischen
96 570 1274 611 Geschehnissen zu. Dann erst kommt aber sein Meisterstück: aus
96 619 1276 661 dem dürftigen Material, das allen Semiten gemeinsam war, konstruierte
96 668 1271 709 der Jude eine ganze Weltgeschichte und brachte sich selbst gleich in
96 717 1274 757 den Mittelpunkt; und von diesem Augenblick an, d. h. von dem
95 767 1276 806 Augenblick an, wo Jahve mit Abraham den Bund schliesst, bildet das
96 816 1273 856 Schicksal Israels die Weltgeschichte, ja, die Geschichte des ganzen
96 864 1273 904 Kosmos, das einzige, worum sich der Weltschöpfer kümmert. Es
96 914 1277 953 ist, als ob die Kreise immer enger würden; zuletzt bleibt nur der
96 962 1275 1002 Mittelpunkt, das »ich«; der Wille hat gesiegt. Das war auch in der
96 1012 1275 1052 That nicht das Werk eines Tages; es geschah allmählich; das eigent-
96 1060 1272 1100 liche Judentum, d. h. das Alte Testament in seiner jetzigen Gestalt,
97 1109 1276 1149 hat sich erst bei der Rückkehr aus der babylonischen Gefangenschaft
97 1158 1276 1198 endgültig geformt und befestigt. Und nun wurde, was früher mit
97 1207 1276 1247 unbewusster Genialität geschehen war, bewusst angewandt und aus-
97 1256 1276 1297 gebildet: die Verknüpfung der Vergangenheit und der Zukunft mit
98 1304 1274 1345 der Gegenwart, dergestalt, dass jeder einzelne Augenblick ein Zentrum
100 1354 1275 1395 bildete auf dem schnurgeraden Wege, den das jüdische Volk zu
99 1403 1276 1435 wandeln hatte und von dem es fortan weder nach rechts noch nach
99 1451 1276 1492 links abweichen konnte. In der Vergangenheit göttliche Wunder-
99 1501 1276 1541 thaten zu Gunsten der Juden und in der Zukunft Messiaserwartung
100 1549 1274 1587 und Weltherrschaft, das waren die beiden einander ergänzenden
101 1598 1275 1638 Elemente dieser Geschichtsauffassung. Der vergängliche Augenblick
101 1647 1273 1687 erhielt eine eigentümlich lebendige Bedeutung dadurch, dass man
101 1695 1273 1736 ihn aus der Vergangenheit herauswachsen sah, als Lohn oder als
102 1743 1272 1786 Bestrafung, und ihn in Prophezeiungen genau vorhergesagt glaubte.
102 1792 1273 1833 Hierdurch gewann nun auch die Zukunft eine unerhörte Realität:
103 1841 1275 1879 man schien sie mit Händen zu halten. Waren auch unzählige Ver-
1228 189 1272 213 235
481 170 892 210 Die Erscheinung Christi.
241 1939 1276 1972 »Les mythologies étrangères se transforment entre les mains des Sémites en
103 1982 786 2013 récits platement historiques« (Renan: Israël, I, 49).
239 2021 1186 2056 Vergl. die Schöpfungsgeschichte des Phöniciers Sanchuniathon.
239 2061 1275 2095 Siehe Kap. 5. Als Anhaltspunkt und um die Verschiedenheiten der
104 2102 1274 2136 Anlagen recht drastisch hervortreten zu lassen: etwa 300 Jahre nach Homer, kaum
105 2144 514 2176 ein Jahrhundert vor Herodot.
