1600 2396
142 313 1328 356 nicht erschöpft. Denn die »Schönheit« (jene frei umgeschaffene,
141 363 1331 406 neue Welt) ist nicht allein ein Gegenstand; in ihr spiegelt sich viel-
142 412 1330 453 mehr auch »ein Zustand unseres Subjekts« wieder: »Die Schönheit
141 462 1328 502 ist zwar Form, weil wir sie betrachten; zugleich aber ist sie Leben,
142 512 1330 551 weil wir sie fühlen. Mit einem Wort: sie ist zugleich unser Zustand
143 561 1331 604 und unsere That«. Künstlerisch zu empfinden, künstlerisch zu
144 610 1330 646 denken bezeichnet also einen besonderen Zustand des Menschen
143 660 1331 704 überhaupt; es ist eine Stimmung, oder vielmehr eine Gesinnung — —
143 709 1331 747 noch besser vielleicht ein latenter Kraftvorrat, der sich im Leben des
144 758 1327 799 einzelnen Menschen wie auch im Leben eines ganzen Volkes überall,
144 808 1331 850 auch dort, wo Kunst und Wissenschaft und Philosophie nicht un-
144 857 1328 901 mittelbar beteiligt sind, »befreiend«, »umschaffend«, »reinigend«
145 907 1333 952 bethätigen muss. Oder auch, um uns dieses Verhältnis von einer
145 956 1331 995 anderen Seite aus vorzuführen, können wir — und zwar wiederum
145 1005 1332 1052 mit Schiller — sagen: »Aus einem glücklichen Instrumente wurde
146 1055 1332 1098 der Mensch ein unglücklicher Künstler«. Das ist jene Tragik, von
147 1106 891 1147 der ich in den einleitenden Worten sprach.
244 1153 1335 1199 Man wird, glaube ich, zugeben müssen, dass diese deutsche
146 1201 1335 1249 Auffassung des »Menschwerdens« tiefer geht, dass sie mehr umfasst
147 1251 1334 1291 und ein helleres Licht auf die zu erstrebende Zukunft der Mensch-
147 1301 1332 1349 heit wirft, als jede engwissenschaftliche oder rein utilitaristische.
146 1350 1335 1395 Wie dem auch sei, Eines ist sicher: ob einer solchen Auffassung
147 1400 1335 1448 unbedingte Gültigkeit zukomme, oder nur bedingte, für eine Be-
147 1448 1336 1497 trachtung der hellenischen Welt und die sichere Aufdeckung ihres
147 1497 1336 1547 Lebensprinzips, thut sie unvergleichliche Dienste; denn, mag sie auch
146 1545 1335 1592 in dieser bewussten Formulierung eine charakteristisch-deutsche Auf-
148 1595 1335 1645 fassung sein, im letzten Grunde führt sie auf hellenische Kunst und
149 1644 1335 1694 auf hellenische Philosophie (welche die Naturwissenschaft umschloss)
148 1693 1336 1744 zurück, sie bezeugt, dass das Hellenentum nicht allein äusserlich und
149 1745 1334 1794 geschichtlich, sondern auch innerlich und Zukunft gestaltend in unserem
146 1801 698 1842 Jahrhundert noch weiter lebte.
1301 223 1327 246 55
436 206 1032 246 Hellenische Kunst und Philosophie.
286 1868 1284 1910 Vergl. Ästhetische Erziehung, Bf. 3, 25, 26. Näheres hier, Kap. 9, Abschn. 7.
286 1912 1137 1952 Vergl. Etwas über die erste Menschengesellschaft, Abschnitt 1.
288 1948 1337 1989 Um Missverständnissen vorzubeugen, will ich erwähnen, dass ich hier
151 1989 1335 2034 am Anfang meines Buches mich des einfacheren Verständnisses halber ohne
150 2030 1336 2073 weitere Kritik an Schiller angeschlossen habe; erst im Schlusskapitel kann ich
151 2071 1336 2115 meine Anschauung begründen, dass bei uns Germanen, im Unterschied von den
151 2112 1337 2156 Hellenen, der Angelpunkt des »Menschwerdens« nicht in der Kunst, sondern in
152 2154 1337 2198 der Religion zu suchen ist — was aber Schiller’s Auffassung von Kunst gegen-
152 2196 1158 2237 über nicht eine Abweichung, sondern nur eine Schattierung bedeutet.
