<?xml version="1.0" encoding="UTF-8"?>
<PcGts xmlns="http://schema.primaresearch.org/PAGE/gts/pagecontent/2019-07-15" xmlns:xsi="http://www.w3.org/2001/XMLSchema-instance" xsi:schemaLocation="http://schema.primaresearch.org/PAGE/gts/pagecontent/2019-07-15 http://schema.primaresearch.org/PAGE/gts/pagecontent/2019-07-15/pagecontent.xsd">
<Metadata>
<Creator>regJS2PAGE.py</Creator>
<Created>2021-02-16T10:47:06.071723</Created>
<LastChange>2021-02-16T10:47:06.071723</LastChange>
</Metadata>
<Page imageFilename="tmp/chamberlain_grundlagen02_1899_0089.png" imageWidth="1600" imageHeight="2471">
<TextRegion id="block_0" custom="structure {type:body;}">
<Coords points="226,263 226,319 227,314 227,367 228,363 228,421 229,415 229,471 228,466 228,516 226,515 226,573 232,565 232,625 234,615 234,665 233,666 233,719 236,717 236,767 236,766 236,824 237,816 237,870 239,870 239,917 239,917 239,967 239,968 239,1019 241,1021 241,1074 243,1070 243,1120 243,1119 243,1178 244,1171 244,1218 246,1220 246,1269 246,1272 246,1318 247,1322 247,1370 247,1373 247,1425 248,1424 248,1477 250,1474 250,1519 251,1525 251,1575 253,1574 253,1627 252,1626 252,1676 254,1676 254,1729 254,1725 254,1775 256,1776 256,1826 257,1826 257,1879 257,1876 257,1930 1463,1930 1463,1876 1461,1879 1461,1826 1460,1826 1460,1776 1461,1775 1461,1725 1459,1729 1459,1676 1459,1676 1459,1626 1459,1627 1459,1574 1458,1575 1458,1525 1455,1519 1455,1474 1456,1477 1456,1424 1455,1425 1455,1373 1454,1370 1454,1322 1452,1318 1452,1272 1451,1269 1451,1220 1451,1218 1451,1171 1451,1178 1451,1119 1449,1120 1449,1070 1449,1074 1449,1021 1448,1019 1448,968 1447,967 1447,917 1445,917 1445,870 1445,870 1445,816 1445,824 1445,766 1443,767 1443,717 1442,719 1442,666 1440,665 1440,615 1437,625 1437,565 1439,573 1439,515 1436,516 1436,466 1437,471 1437,415 1436,421 1436,363 1434,367 1434,314 1434,319 1434,263 226,263"/>
<TextLine id="line_0">
<Coords points="226,279 328,279 350,276 454,276 476,276 541,276 565,272 767,272 790,267 1011,267 1032,264 1209,264 1232,264 1327,264 1354,263 1434,263 1434,294 1354,294 1327,294 1232,294 1209,296 1032,296 1011,306 790,306 767,314 565,314 541,307 476,307 454,319 350,319 328,312 226,312 226,279"/>
<Baseline points="226,312 328,312 350,319 454,319 476,307 541,307 565,314 767,314 790,306 1011,306 1032,296 1209,296 1232,294 1327,294 1354,294 1434,294"/>
<TextEquiv><Unicode>Stuhle irgend eine dogmatische Entscheidung verlautbart hätte? lesen</Unicode></TextEquiv>
</TextLine>

<TextLine id="line_1">
<Coords points="227,331 282,331 304,328 386,328 412,329 442,329 472,327 570,327 596,325 651,325 673,322 768,322 795,319 973,319 996,315 1089,315 1120,314 1170,314 1191,315 1375,315 1398,324 1434,324 1434,344 1398,344 1375,355 1191,355 1170,346 1120,346 1089,347 996,347 973,351 795,351 768,354 673,354 651,355 596,355 570,367 472,367 442,358 412,358 386,360 304,360 282,361 227,361 227,331"/>
<Baseline points="227,361 282,361 304,360 386,360 412,358 442,358 472,367 570,367 596,355 651,355 673,354 768,354 795,351 973,351 996,347 1089,347 1120,346 1170,346 1191,355 1375,355 1398,344 1434,344"/>
<TextEquiv><Unicode>wir nicht in jenem mit Recht berühmten Briefe des Anonymen an</Unicode></TextEquiv>
</TextLine>

<TextLine id="line_2">
<Coords points="228,382 368,382 392,390 443,390 462,377 519,377 538,375 693,375 710,370 894,370 911,368 1024,368 1052,364 1291,364 1312,365 1356,365 1379,363 1436,363 1436,395 1379,395 1356,395 1312,395 1291,397 1052,397 1024,399 911,399 894,403 710,403 693,406 538,406 519,408 462,408 443,410 392,410 368,421 228,421 228,382"/>
<Baseline points="228,421 368,421 392,410 443,410 462,408 519,408 538,406 693,406 710,403 894,403 911,399 1024,399 1052,397 1291,397 1312,395 1356,395 1379,395 1436,395"/>
<TextEquiv><Unicode>Diognet, aus den urältesten christlichen Zeiten: »Unsichtbar ist die</Unicode></TextEquiv>
</TextLine>

<TextLine id="line_3">
<Coords points="229,431 398,431 422,428 482,428 506,422 742,422 787,422 891,422 919,427 994,427 1029,418 1106,418 1128,417 1270,417 1286,415 1437,415 1437,454 1286,454 1270,446 1128,446 1106,447 1029,447 994,458 919,458 891,452 787,452 742,463 506,463 482,460 422,460 398,471 229,471 229,431"/>
<Baseline points="229,471 398,471 422,460 482,460 506,463 742,463 787,452 891,452 919,458 994,458 1029,447 1106,447 1128,446 1270,446 1286,454 1437,454"/>
<TextEquiv><Unicode>Religion der Christen«? Renan sagt: »Les chrétiens primitifs</Unicode></TextEquiv>
</TextLine>

<TextLine id="line_4">
<Coords points="228,488 295,488 308,483 351,483 365,481 458,481 471,477 679,477 691,475 744,475 759,474 891,474 908,493 914,493 932,492 938,492 957,492 987,492 1005,469 1074,469 1087,478 1152,478 1166,473 1226,473 1241,466 1436,466 1436,502 1241,502 1226,505 1166,505 1152,505 1087,505 1074,498 1005,498 987,498 957,498 938,499 932,499 914,499 908,499 891,502 759,502 744,504 691,504 679,516 471,516 458,510 365,510 351,511 308,511 295,513 228,513 228,488"/>
<Baseline points="228,513 295,513 308,511 351,511 365,510 458,510 471,516 679,516 691,504 744,504 759,502 891,502 908,499 914,499 932,499 938,499 957,498 987,498 1005,498 1074,498 1087,505 1152,505 1166,505 1226,505 1241,502 1436,502"/>
<TextEquiv><Unicode>sont les moins superstitieux des hommes .... chez eux, pas d’amulettes,</Unicode></TextEquiv>
</TextLine>

<TextLine id="line_5">
<Coords points="226,540 287,540 302,533 450,533 467,529 584,529 604,532 664,532 686,524 795,524 816,523 853,523 875,518 1010,518 1055,516 1143,516 1165,517 1195,517 1211,515 1300,515 1322,515 1439,515 1439,546 1322,546 1300,547 1211,547 1195,547 1165,547 1143,548 1055,548 1010,559 875,559 853,552 816,552 795,562 686,562 664,564 604,564 584,564 467,564 450,569 302,569 287,573 226,573 226,540"/>
<Baseline points="226,573 287,573 302,569 450,569 467,564 584,564 604,564 664,564 686,562 795,562 816,552 853,552 875,559 1010,559 1055,548 1143,548 1165,547 1195,547 1211,547 1300,547 1322,546 1439,546"/>
<TextEquiv><Unicode>pas d’images saintes, pas d’objet de culte«. Hand in Hand hiermit</Unicode></TextEquiv>
</TextLine>

<TextLine id="line_6">
<Coords points="232,583 303,583 325,583 389,583 411,590 510,590 532,577 664,577 687,573 821,573 859,571 904,571 922,580 948,580 962,567 1161,567 1183,566 1308,566 1325,565 1437,565 1437,602 1325,602 1308,607 1183,607 1161,609 962,609 948,601 922,601 904,601 859,601 821,604 687,604 664,616 532,616 510,620 411,620 389,613 325,613 303,625 232,625 232,583"/>
<Baseline points="232,625 303,625 325,613 389,613 411,620 510,620 532,616 664,616 687,604 821,604 859,601 904,601 922,601 948,601 962,609 1161,609 1183,607 1308,607 1325,602 1437,602"/>
<TextEquiv><Unicode>geht eine grosse religiöse Freiheit. Im 2. Jahrhundert bezeugt Celsus,</Unicode></TextEquiv>
</TextLine>

<TextLine id="line_7">
<Coords points="234,634 280,634 304,632 440,632 468,628 584,628 612,626 683,626 709,621 911,621 938,619 973,619 1000,620 1031,620 1060,618 1143,618 1166,618 1349,618 1378,615 1440,615 1440,646 1378,646 1349,657 1166,657 1143,649 1060,649 1031,650 1000,650 973,651 938,651 911,654 709,654 683,656 612,656 584,659 468,659 440,664 304,664 280,665 234,665 234,634"/>
<Baseline points="234,665 280,665 304,664 440,664 468,659 584,659 612,656 683,656 709,654 911,654 938,651 973,651 1000,650 1031,650 1060,649 1143,649 1166,657 1349,657 1378,646 1440,646"/>
<TextEquiv><Unicode>die Christen wichen weit voneinander ab in ihren Deutungen und</Unicode></TextEquiv>
</TextLine>

<TextLine id="line_8">
<Coords points="233,683 393,683 424,679 477,679 499,689 556,689 579,675 671,675 695,674 744,674 767,674 831,674 854,670 1033,670 1055,669 1197,669 1230,666 1341,666 1360,666 1442,666 1442,706 1360,706 1341,699 1230,699 1197,709 1055,709 1033,702 854,702 831,704 767,704 744,706 695,706 671,708 579,708 556,709 499,709 477,711 424,711 393,719 233,719 233,683"/>
<Baseline points="233,719 393,719 424,711 477,711 499,709 556,709 579,708 671,708 695,706 744,706 767,704 831,704 854,702 1033,702 1055,709 1197,709 1230,699 1341,699 1360,706 1442,706"/>
<TextEquiv><Unicode>Theorien, alle nur durch das eine Bekenntnis geeinigt: »durch Jesus</Unicode></TextEquiv>
</TextLine>

<TextLine id="line_9">
<Coords points="236,735 370,735 391,733 426,733 449,731 505,731 527,728 573,728 595,726 677,726 698,724 885,724 911,720 973,720 995,720 1042,720 1066,719 1117,719 1138,717 1285,717 1330,717 1443,717 1443,748 1330,748 1285,759 1138,759 1117,750 1066,750 1042,751 995,751 973,752 911,752 885,765 698,765 677,757 595,757 573,759 527,759 505,760 449,760 426,762 391,762 370,767 236,767 236,735"/>
<Baseline points="236,767 370,767 391,762 426,762 449,760 505,760 527,759 573,759 595,757 677,757 698,765 885,765 911,752 973,752 995,751 1042,751 1066,750 1117,750 1138,759 1285,759 1330,748 1443,748"/>
<TextEquiv><Unicode>Christus ist mir die Welt gekreuziget und ich der Welt«! Grösst-</Unicode></TextEquiv>
</TextLine>

<TextLine id="line_10">
<Coords points="236,783 384,783 399,779 605,779 621,776 672,776 687,775 831,775 849,770 1099,770 1111,768 1353,768 1368,766 1445,766 1445,797 1368,797 1353,807 1111,807 1099,812 849,812 831,815 687,815 672,808 621,808 605,812 399,812 384,824 236,824 236,783"/>
<Baseline points="236,824 384,824 399,812 605,812 621,808 672,808 687,815 831,815 849,812 1099,812 1111,807 1353,807 1368,797 1445,797"/>
<TextEquiv><Unicode>mögliche Innerlichkeit der Religion, weitestgehende Vereinfachung ihrer</Unicode></TextEquiv>
</TextLine>

<TextLine id="line_11">
<Coords points="237,840 372,840 387,829 608,829 633,826 760,826 782,824 832,824 848,821 1058,821 1075,819 1239,819 1265,818 1314,818 1336,818 1372,818 1394,816 1445,816 1445,848 1394,848 1372,848 1336,848 1314,850 1265,850 1239,851 1075,851 1058,854 848,854 832,856 782,856 760,857 633,857 608,870 387,870 372,866 237,866 237,840"/>
<Baseline points="237,866 372,866 387,870 608,870 633,857 760,857 782,856 832,856 848,854 1058,854 1075,851 1239,851 1265,850 1314,850 1336,848 1372,848 1394,848 1445,848"/>
<TextEquiv><Unicode>äusseren Kundgebung, Freiheit des individuellen Glaubens: das ist der</Unicode></TextEquiv>
</TextLine>

<TextLine id="line_12">
<Coords points="239,884 399,884 415,881 464,881 479,879 586,879 600,878 817,878 833,873 1006,873 1025,871 1074,871 1089,871 1124,871 1140,870 1225,870 1240,874 1360,874 1385,878 1445,878 1445,898 1385,898 1360,910 1240,910 1225,901 1140,901 1124,901 1089,901 1074,903 1025,903 1006,913 833,913 817,909 600,909 586,911 479,911 464,912 415,912 399,917 239,917 239,884"/>
<Baseline points="239,917 399,917 415,912 464,912 479,911 586,911 600,909 817,909 833,913 1006,913 1025,903 1074,903 1089,901 1124,901 1140,901 1225,901 1240,910 1360,910 1385,898 1445,898"/>
<TextEquiv><Unicode>Charakter des frühen Christentums überhaupt, das ist keine spätere, von</Unicode></TextEquiv>
</TextLine>

<TextLine id="line_13">
<Coords points="239,937 408,937 422,929 584,929 594,927 788,927 813,926 900,926 913,923 1040,923 1051,933 1113,933 1128,932 1160,932 1173,931 1263,931 1282,919 1344,919 1359,917 1447,917 1447,949 1359,949 1344,950 1282,950 1263,961 1173,961 1160,952 1128,952 1113,952 1051,952 1040,955 913,955 900,956 813,956 788,967 594,967 584,963 422,963 408,967 239,967 239,937"/>
<Baseline points="239,967 408,967 422,963 584,963 594,967 788,967 813,956 900,956 913,955 1040,955 1051,952 1113,952 1128,952 1160,952 1173,961 1263,961 1282,950 1344,950 1359,949 1447,949"/>
<TextEquiv><Unicode>Germanen erfundene Verklärung. Diese Freiheit war so gross, dass selbst</Unicode></TextEquiv>
</TextLine>

<TextLine id="line_14">
<Coords points="239,988 281,988 293,982 477,982 495,992 544,992 562,979 638,979 655,979 734,979 750,988 811,988 826,976 939,976 955,986 991,986 1007,971 1219,971 1233,968 1448,968 1448,1010 1233,1010 1219,1008 1007,1008 991,1005 955,1005 939,1015 826,1015 811,1008 750,1008 734,1010 655,1010 638,1011 562,1011 544,1012 495,1012 477,1019 293,1019 281,1017 239,1017 239,988"/>
<Baseline points="239,1017 281,1017 293,1019 477,1019 495,1012 544,1012 562,1011 638,1011 655,1010 734,1010 750,1008 811,1008 826,1015 939,1015 955,1005 991,1005 1007,1008 1219,1008 1233,1010 1448,1010"/>
<TextEquiv><Unicode>im Abendland, wo doch Rom von Beginn an vorherrschte, Jahrhunderte</Unicode></TextEquiv>
</TextLine>

<TextLine id="line_15">
<Coords points="241,1034 387,1034 409,1032 488,1032 502,1030 593,1030 618,1031 644,1031 666,1028 710,1028 732,1027 797,1027 813,1026 894,1026 917,1026 971,1026 993,1024 1088,1024 1105,1021 1245,1021 1269,1021 1315,1021 1332,1021 1449,1021 1449,1060 1332,1060 1315,1052 1269,1052 1245,1063 1105,1063 1088,1055 993,1055 971,1055 917,1055 894,1057 813,1057 797,1068 732,1068 710,1059 666,1059 644,1070 618,1070 593,1068 502,1068 488,1074 409,1074 387,1067 241,1067 241,1034"/>
<Baseline points="241,1067 387,1067 409,1074 488,1074 502,1068 593,1068 618,1070 644,1070 666,1059 710,1059 732,1068 797,1068 813,1057 894,1057 917,1055 971,1055 993,1055 1088,1055 1105,1063 1245,1063 1269,1052 1315,1052 1332,1060 1449,1060"/>
<TextEquiv><Unicode>hindurch jedes Land, ja oft jede Stadt mit ihrem Sprengel ein eigenes</Unicode></TextEquiv>
</TextLine>

<TextLine id="line_16">
<Coords points="243,1083 570,1083 598,1079 733,1079 777,1078 843,1078 865,1075 1041,1075 1065,1075 1190,1075 1211,1082 1311,1082 1334,1070 1390,1070 1413,1081 1449,1081 1449,1100 1413,1100 1390,1101 1334,1101 1311,1102 1211,1102 1190,1104 1065,1104 1041,1107 865,1107 843,1108 777,1108 733,1120 598,1120 570,1118 243,1118 243,1083"/>
<Baseline points="243,1118 570,1118 598,1120 733,1120 777,1108 843,1108 865,1107 1041,1107 1065,1104 1190,1104 1211,1102 1311,1102 1334,1101 1390,1101 1413,1100 1449,1100"/>
<TextEquiv><Unicode>Glaubensbekenntnis besass. Wir nordischen Männer waren viel zu</Unicode></TextEquiv>
</TextLine>

<TextLine id="line_17">
<Coords points="243,1132 530,1132 549,1131 693,1131 718,1140 753,1140 777,1128 833,1128 856,1128 911,1128 932,1124 1101,1124 1118,1123 1365,1123 1389,1119 1451,1119 1451,1151 1389,1151 1365,1163 1118,1163 1101,1157 932,1157 911,1157 856,1157 833,1159 777,1159 753,1159 718,1159 693,1171 549,1171 530,1178 243,1178 243,1132"/>
<Baseline points="243,1178 530,1178 549,1171 693,1171 718,1159 753,1159 777,1159 833,1159 856,1157 911,1157 932,1157 1101,1157 1118,1163 1365,1163 1389,1151 1451,1151"/>
<TextEquiv><Unicode>praktisch-weltlich angelegt, zu viel mit staatlichen Organisationen und</Unicode></TextEquiv>
</TextLine>

<TextLine id="line_18">
<Coords points="244,1186 532,1186 549,1181 610,1181 625,1178 876,1178 893,1175 1075,1175 1100,1185 1152,1185 1168,1172 1269,1172 1284,1171 1337,1171 1352,1171 1451,1171 1451,1202 1352,1202 1337,1203 1284,1203 1269,1214 1168,1214 1152,1204 1100,1204 1075,1215 893,1215 876,1211 625,1211 610,1212 549,1212 532,1218 244,1218 244,1186"/>
<Baseline points="244,1218 532,1218 549,1212 610,1212 625,1211 876,1211 893,1215 1075,1215 1100,1204 1152,1204 1168,1214 1269,1214 1284,1203 1337,1203 1352,1202 1451,1202"/>
<TextEquiv><Unicode>Handelsinteressen und Wissenschaften beschäftigt, um jemals auf diesen</Unicode></TextEquiv>
</TextLine>

<TextLine id="line_19">
<Coords points="246,1237 394,1237 417,1233 673,1233 701,1241 751,1241 779,1229 830,1229 852,1226 1075,1226 1097,1225 1159,1225 1181,1220 1451,1220 1451,1262 1181,1262 1159,1255 1097,1255 1075,1259 852,1259 830,1260 779,1260 751,1261 701,1261 673,1265 417,1265 394,1269 246,1269 246,1237"/>
<Baseline points="246,1269 394,1269 417,1265 673,1265 701,1261 751,1261 779,1260 830,1260 852,1259 1075,1259 1097,1255 1159,1255 1181,1262 1451,1262"/>
<TextEquiv><Unicode>echtesten Protestantismus aus der vorrömischen Zeit zurückzugreifen.</Unicode></TextEquiv>
</TextLine>

<TextLine id="line_20">
<Coords points="246,1286 424,1286 441,1284 540,1284 563,1282 641,1282 660,1280 765,1280 784,1279 920,1279 943,1288 972,1288 995,1276 1070,1276 1087,1275 1183,1275 1198,1273 1306,1273 1329,1272 1368,1272 1384,1272 1452,1272 1452,1302 1384,1302 1368,1303 1329,1303 1306,1314 1198,1314 1183,1306 1087,1306 1070,1307 995,1307 972,1308 943,1308 920,1310 784,1310 765,1311 660,1311 641,1313 563,1313 540,1315 441,1315 424,1318 246,1318 246,1286"/>
<Baseline points="246,1318 424,1318 441,1315 540,1315 563,1313 641,1313 660,1311 765,1311 784,1310 920,1310 943,1308 972,1308 995,1307 1070,1307 1087,1306 1183,1306 1198,1314 1306,1314 1329,1303 1368,1303 1384,1302 1452,1302"/>
<TextEquiv><Unicode>Ausserdem hatten diese frühen Christen es auch besser gehabt als wir:</Unicode></TextEquiv>
</TextLine>

<TextLine id="line_21">
<Coords points="247,1337 299,1337 308,1336 445,1336 459,1334 508,1334 521,1331 717,1331 730,1328 956,1328 969,1326 1136,1326 1148,1322 1454,1322 1454,1365 1148,1365 1136,1358 969,1358 956,1370 730,1370 717,1364 521,1364 508,1365 459,1365 445,1368 308,1368 299,1369 247,1369 247,1337"/>
<Baseline points="247,1369 299,1369 308,1368 445,1368 459,1365 508,1365 521,1364 717,1364 730,1370 956,1370 969,1358 1136,1358 1148,1365 1454,1365"/>
<TextEquiv><Unicode>der Schatten des theokratisch umgestalteten römischen Imperialgedankens</Unicode></TextEquiv>
</TextLine>

<TextLine id="line_22">
<Coords points="247,1399 309,1399 331,1386 410,1386 432,1396 482,1396 504,1384 586,1384 609,1382 681,1382 702,1382 742,1382 764,1379 898,1379 944,1379 1086,1379 1113,1387 1175,1387 1202,1386 1231,1386 1257,1373 1363,1373 1391,1373 1455,1373 1455,1403 1391,1403 1363,1415 1257,1415 1231,1406 1202,1406 1175,1406 1113,1406 1086,1418 944,1418 898,1420 764,1420 742,1412 702,1412 681,1413 609,1413 586,1415 504,1415 482,1425 432,1425 410,1417 331,1417 309,1418 247,1418 247,1399"/>
<Baseline points="247,1418 309,1418 331,1417 410,1417 432,1425 482,1425 504,1415 586,1415 609,1413 681,1413 702,1412 742,1412 764,1420 898,1420 944,1418 1086,1418 1113,1406 1175,1406 1202,1406 1231,1406 1257,1415 1363,1415 1391,1403 1455,1403"/>
<TextEquiv><Unicode>war noch gar nicht über sie gefallen. Dagegen war es gerade eine</Unicode></TextEquiv>
</TextLine>

<TextLine id="line_23">
<Coords points="248,1435 503,1435 527,1432 754,1432 777,1431 828,1431 850,1428 1026,1428 1050,1428 1230,1428 1261,1424 1325,1424 1347,1424 1387,1424 1409,1434 1456,1434 1456,1453 1409,1453 1387,1454 1347,1454 1325,1456 1261,1456 1230,1467 1050,1467 1026,1460 850,1460 828,1462 777,1462 754,1465 527,1465 503,1477 248,1477 248,1435"/>
<Baseline points="248,1477 503,1477 527,1465 754,1465 777,1462 828,1462 850,1460 1026,1460 1050,1467 1230,1467 1261,1456 1325,1456 1347,1454 1387,1454 1409,1453 1456,1453"/>
<TextEquiv><Unicode>verhängnisvolle Charakteristik der nordischen Bewegung, dass sie zu-</Unicode></TextEquiv>
</TextLine>

<TextLine id="line_24">
<Coords points="250,1488 352,1488 380,1488 488,1488 516,1485 556,1485 584,1484 728,1484 759,1481 917,1481 950,1478 1013,1478 1042,1479 1083,1479 1112,1478 1220,1478 1249,1474 1455,1474 1455,1506 1249,1506 1220,1507 1112,1507 1083,1509 1042,1509 1013,1509 950,1509 917,1517 759,1517 728,1515 584,1515 556,1516 516,1516 488,1517 380,1517 352,1519 250,1519 250,1488"/>
<Baseline points="250,1519 352,1519 380,1517 488,1517 516,1516 556,1516 584,1515 728,1515 759,1517 917,1517 950,1509 1013,1509 1042,1509 1083,1509 1112,1507 1220,1507 1249,1506 1455,1506"/>
<TextEquiv><Unicode>nächst immer als Reaktion auftreten, dass sie immer niederreissen</Unicode></TextEquiv>
</TextLine>

<TextLine id="line_25">
<Coords points="251,1547 370,1547 395,1537 449,1537 472,1537 512,1537 535,1546 583,1546 600,1533 763,1533 783,1531 899,1531 922,1530 1042,1530 1078,1527 1193,1527 1216,1526 1308,1526 1323,1525 1458,1525 1458,1565 1323,1565 1308,1558 1216,1558 1193,1559 1078,1559 1042,1560 922,1560 899,1562 783,1562 763,1564 600,1564 583,1565 535,1565 512,1566 472,1566 449,1568 395,1568 370,1575 251,1575 251,1547"/>
<Baseline points="251,1575 370,1575 395,1568 449,1568 472,1566 512,1566 535,1565 583,1565 600,1564 763,1564 783,1562 899,1562 922,1560 1042,1560 1078,1559 1193,1559 1216,1558 1308,1558 1323,1565 1458,1565"/>
<TextEquiv><Unicode>musste, ehe sie ans Aufbauen denken konnte. Gerade dieser negative</Unicode></TextEquiv>
</TextLine>

<TextLine id="line_26">
<Coords points="253,1588 413,1588 446,1594 580,1594 617,1583 722,1583 756,1583 820,1583 853,1581 947,1581 980,1578 1218,1578 1250,1577 1360,1577 1392,1574 1459,1574 1459,1605 1392,1605 1360,1616 1250,1616 1218,1610 980,1610 947,1611 853,1611 820,1613 756,1613 722,1624 617,1624 580,1627 446,1627 413,1620 253,1620 253,1588"/>
<Baseline points="253,1620 413,1620 446,1627 580,1627 617,1624 722,1624 756,1613 820,1613 853,1611 947,1611 980,1610 1218,1610 1250,1616 1360,1616 1392,1605 1459,1605"/>
<TextEquiv><Unicode>Charakter gestattet jedoch eine schier unübersehbare Menge sehr</Unicode></TextEquiv>
</TextLine>

<TextLine id="line_27">
<Coords points="252,1637 548,1637 570,1633 755,1633 777,1632 888,1632 912,1639 998,1639 1020,1629 1076,1629 1100,1629 1186,1629 1209,1626 1321,1626 1338,1637 1374,1637 1397,1635 1459,1635 1459,1655 1397,1655 1374,1656 1338,1656 1321,1667 1209,1667 1186,1659 1100,1659 1076,1660 1020,1660 998,1661 912,1661 888,1663 777,1663 755,1665 570,1665 548,1676 252,1676 252,1637"/>
<Baseline points="252,1676 548,1676 570,1665 755,1665 777,1663 888,1663 912,1661 998,1661 1020,1660 1076,1660 1100,1659 1186,1659 1209,1667 1321,1667 1338,1656 1374,1656 1397,1655 1459,1655"/>
<TextEquiv><Unicode>verschiedenartiger historischer Fakten unter den einen Begriff zu ver-</Unicode></TextEquiv>
</TextLine>

<TextLine id="line_28">
<Coords points="254,1690 384,1690 415,1688 625,1688 652,1694 768,1694 791,1683 891,1683 937,1681 1005,1681 1031,1679 1099,1679 1122,1677 1279,1677 1308,1676 1358,1676 1381,1676 1459,1676 1459,1715 1381,1715 1358,1707 1308,1707 1279,1709 1122,1709 1099,1710 1031,1710 1005,1711 937,1711 891,1713 791,1713 768,1724 652,1724 625,1727 415,1727 384,1729 254,1729 254,1690"/>
<Baseline points="254,1729 384,1729 415,1727 625,1727 652,1724 768,1724 791,1713 891,1713 937,1711 1005,1711 1031,1710 1099,1710 1122,1709 1279,1709 1308,1707 1358,1707 1381,1715 1459,1715"/>
<TextEquiv><Unicode>einigen: Empörung gegen Rom. Von dem Auftreten des Vigi-</Unicode></TextEquiv>
</TextLine>

<TextLine id="line_29">
<Coords points="254,1740 359,1740 381,1749 426,1749 456,1738 497,1738 521,1747 548,1747 569,1733 766,1733 795,1732 900,1732 930,1730 986,1730 1015,1729 1060,1729 1083,1728 1254,1728 1277,1726 1328,1726 1349,1725 1461,1725 1461,1756 1349,1756 1328,1757 1277,1757 1254,1759 1083,1759 1060,1760 1015,1760 986,1761 930,1761 900,1772 795,1772 766,1774 569,1774 548,1774 521,1774 497,1767 456,1767 426,1775 381,1775 359,1770 254,1770 254,1740"/>
<Baseline points="254,1770 359,1770 381,1775 426,1775 456,1767 497,1767 521,1774 548,1774 569,1774 766,1774 795,1772 900,1772 930,1761 986,1761 1015,1760 1060,1760 1083,1759 1254,1759 1277,1757 1328,1757 1349,1756 1461,1756"/>
<TextEquiv><Unicode>lantius an, im 4. Jahrhundert (gegen den die Wohlfahrt der Völker</Unicode></TextEquiv>
</TextLine>

<TextLine id="line_30">
<Coords points="256,1787 467,1787 490,1786 594,1786 616,1785 666,1785 682,1781 894,1781 920,1781 962,1781 985,1791 1021,1791 1044,1779 1217,1779 1233,1776 1348,1776 1365,1786 1460,1786 1460,1816 1365,1816 1348,1817 1233,1817 1217,1810 1044,1810 1021,1810 985,1810 962,1811 920,1811 894,1823 682,1823 666,1816 616,1816 594,1826 490,1826 467,1820 256,1820 256,1787"/>
<Baseline points="256,1820 467,1820 490,1826 594,1826 616,1816 666,1816 682,1823 894,1823 920,1811 962,1811 985,1810 1021,1810 1044,1810 1217,1810 1233,1817 1348,1817 1365,1816 1460,1816"/>
<TextEquiv><Unicode>bedrohenden Unfug des Mönchtums), bis zu Bismarck’s Kampf gegen</Unicode></TextEquiv>
</TextLine>

<TextLine id="line_31">
<Coords points="257,1840 303,1840 329,1839 472,1839 507,1838 552,1838 581,1837 644,1837 674,1834 725,1834 752,1830 1010,1830 1039,1829 1193,1829 1223,1828 1276,1828 1305,1827 1383,1827 1412,1826 1461,1826 1461,1856 1412,1856 1383,1858 1305,1858 1276,1859 1223,1859 1193,1860 1039,1860 1010,1863 752,1863 725,1866 674,1866 644,1876 581,1876 552,1867 507,1867 472,1879 329,1879 303,1871 257,1871 257,1840"/>
<Baseline points="257,1871 303,1871 329,1879 472,1879 507,1867 552,1867 581,1876 644,1876 674,1866 725,1866 752,1863 1010,1863 1039,1860 1193,1860 1223,1859 1276,1859 1305,1858 1383,1858 1412,1856 1461,1856"/>
<TextEquiv><Unicode>die Jesuiten: ein Zug der Verwandtschaft verbindet alle diese Be-</Unicode></TextEquiv>
</TextLine>

<TextLine id="line_32">
<Coords points="257,1899 439,1899 465,1887 542,1887 567,1887 623,1887 643,1883 832,1883 855,1882 931,1882 954,1880 1005,1880 1019,1879 1131,1879 1153,1880 1214,1880 1237,1888 1314,1888 1340,1876 1391,1876 1412,1886 1463,1886 1463,1906 1412,1906 1391,1908 1340,1908 1314,1918 1237,1918 1214,1910 1153,1910 1131,1921 1019,1921 1005,1912 954,1912 931,1913 855,1913 832,1916 643,1916 623,1917 567,1917 542,1918 465,1918 439,1930 257,1930 257,1899"/>
<Baseline points="257,1930 439,1930 465,1918 542,1918 567,1917 623,1917 643,1916 832,1916 855,1913 931,1913 954,1912 1005,1912 1019,1921 1131,1921 1153,1910 1214,1910 1237,1918 1314,1918 1340,1908 1391,1908 1412,1906 1463,1906"/>
<TextEquiv><Unicode>wegungen; denn wie verschieden auch der Impuls sein mag, der zur</Unicode></TextEquiv>
</TextLine>

</TextRegion>
<TextRegion id="block_1" custom="structure {type:pageNum;}">
<Coords points="223,179 223,205 273,205 273,179 223,179"/>
<TextLine id="line_33">
<Coords points="223,179 273,179 273,205 223,205 223,179"/>
<Baseline points="223,205 273,205"/>
<TextEquiv><Unicode>610</Unicode></TextEquiv>
</TextLine>

</TextRegion>
<TextRegion id="block_2" custom="structure {type:header;}">
<Coords points="726,158 726,200 927,200 927,158 726,158"/>
<TextLine id="line_34">
<Coords points="726,162 787,162 808,158 927,158 927,200 808,200 787,192 726,192 726,162"/>
<Baseline points="726,192 787,192 808,200 927,200"/>
<TextEquiv><Unicode>Der Kampf.</Unicode></TextEquiv>
</TextLine>

</TextRegion>
<TextRegion id="block_3" custom="structure {type:note;}">
<Coords points="397,1988 397,2020 402,2024 402,2061 400,2066 400,2105 400,2101 400,2146 400,2143 263,2143 263,2188 264,2192 264,2228 980,2228 980,2192 1467,2192 1467,2188 1467,2143 1465,2146 1465,2101 943,2101 943,2105 943,2066 1016,2066 1016,2061 1016,2024 452,2024 452,2020 452,1988 397,1988"/>
<TextLine id="line_35">
<Coords points="397,1991 412,1991 431,1988 452,1988 452,2013 431,2013 412,2020 397,2020 397,1991"/>
<Baseline points="397,2020 412,2020 431,2013 452,2013"/>
<TextEquiv><Unicode>§ 6.</Unicode></TextEquiv>
</TextLine>

<TextLine id="line_36">
<Coords points="402,2032 507,2032 525,2031 557,2031 579,2029 759,2029 779,2034 800,2034 821,2026 869,2026 887,2025 943,2025 961,2024 1016,2024 1016,2056 961,2056 943,2055 887,2055 869,2056 821,2056 800,2058 779,2058 759,2055 579,2055 557,2052 525,2052 507,2061 402,2061 402,2032"/>
<Baseline points="402,2061 507,2061 525,2052 557,2052 579,2055 759,2055 779,2058 800,2058 821,2056 869,2056 887,2055 943,2055 961,2056 1016,2056"/>
<TextEquiv><Unicode>Origines du Christianisme, 7. éd., VII, 629.</Unicode></TextEquiv>
</TextLine>

<TextLine id="line_37">
<Coords points="400,2072 484,2072 505,2071 642,2071 665,2071 738,2071 759,2069 837,2069 855,2068 886,2068 905,2066 943,2066 943,2096 905,2096 886,2097 855,2097 837,2091 759,2091 738,2099 665,2099 642,2103 505,2103 484,2105 400,2105 400,2072"/>
<Baseline points="400,2105 484,2105 505,2103 642,2103 665,2099 738,2099 759,2091 837,2091 855,2097 886,2097 905,2096 943,2096"/>
<TextEquiv><Unicode>Vergl. Origenes: Gegen Celsus V, 64.</Unicode></TextEquiv>
</TextLine>

<TextLine id="line_38">
<Coords points="400,2114 484,2114 504,2113 629,2113 648,2113 701,2113 713,2111 853,2111 869,2108 1121,2108 1140,2113 1178,2113 1192,2104 1312,2104 1330,2103 1354,2103 1368,2110 1391,2110 1418,2101 1465,2101 1465,2126 1418,2126 1391,2135 1368,2135 1354,2127 1330,2127 1312,2137 1192,2137 1178,2137 1140,2137 1121,2137 869,2137 853,2141 713,2141 701,2134 648,2134 629,2137 504,2137 484,2146 400,2146 400,2114"/>
<Baseline points="400,2146 484,2146 504,2137 629,2137 648,2134 701,2134 713,2141 853,2141 869,2137 1121,2137 1140,2137 1178,2137 1192,2137 1312,2137 1330,2127 1354,2127 1368,2135 1391,2135 1418,2126 1465,2126"/>
<TextEquiv><Unicode>Vergl. Harnack: Das apostolische Glaubensbekenntnis, 27. Auflage, S. 9. Die</Unicode></TextEquiv>
</TextLine>

<TextLine id="line_39">
<Coords points="263,2157 472,2157 490,2155 544,2155 563,2154 630,2154 644,2151 828,2151 864,2151 913,2151 928,2150 1014,2150 1032,2153 1186,2153 1203,2145 1382,2145 1396,2143 1467,2143 1467,2176 1396,2176 1382,2179 1203,2179 1186,2181 1032,2181 1014,2182 928,2182 913,2174 864,2174 828,2177 644,2177 630,2178 563,2178 544,2180 490,2180 472,2188 263,2188 263,2157"/>
<Baseline points="263,2188 472,2188 490,2180 544,2180 563,2178 630,2178 644,2177 828,2177 864,2174 913,2174 928,2182 1014,2182 1032,2181 1186,2181 1203,2179 1382,2179 1396,2176 1467,2176"/>
<TextEquiv><Unicode>Abweichungen sind nicht unbedeutend. Das jetzige sogenannte »apostolische Sym-</Unicode></TextEquiv>
</TextLine>

<TextLine id="line_40">
<Coords points="264,2200 363,2200 385,2199 441,2199 461,2203 508,2203 526,2197 560,2197 579,2204 601,2204 612,2194 779,2194 798,2194 821,2194 842,2192 980,2192 980,2217 842,2217 821,2217 798,2217 779,2228 612,2228 601,2228 579,2228 560,2221 526,2221 508,2222 461,2222 441,2223 385,2223 363,2224 264,2224 264,2200"/>
<Baseline points="264,2224 363,2224 385,2223 441,2223 461,2222 508,2222 526,2221 560,2221 579,2228 601,2228 612,2228 779,2228 798,2217 821,2217 842,2217 980,2217"/>
<TextEquiv><Unicode>bolum« kam erst im 9. Jahrhundert in Gebrauch.</Unicode></TextEquiv>
</TextLine>

</TextRegion>
</Page>
</PcGts>