1600 2396
129 302 1305 349 erwählte das tragische Schicksal: das beweist seine Grösse, und das
128 352 1303 393 ist seine Grösse. Ich werde bald auf dieses Thema zurückzukommen
128 399 1304 450 haben, denn dieser Entschluss bedeutet die Begründung des Juden-
128 449 1303 498 tumes; nur das Eine will ich gleich hier sagen, denn es gehört hier-
126 496 1302 546 her und wurde meines Wissens noch niemals gesagt: jenes tiefe Be-
126 546 1301 595 wusstsein der Sünde, welches das jüdische Volk (in seinen heroischen
126 595 1303 638 Tagen) so bedrückte und in den Worten seiner auserwählten Männer
125 644 1300 694 ergreifenden Ausdruck fand, wurzelt in diesen physischen Ver-
124 692 1300 736 hältnissen. Natürlich legte es der Verstand und die uns allen an-
123 742 1301 792 geborene Eitelkeit wesentlich anders aus; doch der Instinkt griff tiefer
123 791 1299 843 als der Verstand, und sobald die Vertilgung der Israeliten und die eigene
125 840 1299 886 Gefangennahme das Gewissen des Juden geweckt hatten, war seine erste
123 890 1298 940 That, jener Blutschande (wie ich sie oben in wörtlicher Anlehnung an
122 939 1299 989 Hesekiel nannte) ein Ende zu machen durch das strenge Verbot jeder
121 988 1296 1030 Vermischung, selbst mit nahverwandten Stämmen. Man hat einen
122 1037 1294 1085 unerklärlichen Widerspruch darin gefunden, dass es die Juden sind,
120 1086 1297 1135 welche in die heitere Welt die ewig drohende Vorstellung der Sünde
121 1134 1295 1182 brachten, und dass sie dennoch unter Sünde etwas ganz anderes ver-
118 1184 1293 1232 stehen als wir. Die Sünde ist nämlich für sie eine Nationalsache,
119 1234 1295 1276 wogegen der Einzelne »gerecht« ist, wenn er das »Gesetz« nicht über-
118 1283 1292 1330 tritt; »die Erlösung ist nicht die moralische Erlösung des Individuums,
120 1331 1296 1375 sondern die Erlösung des Staates«: das ist für unser Verständnis
120 1379 1295 1426 schon eine Schwierigkeit. Dazu kommt aber eine andere, die unbe-
120 1429 1295 1478 wusst begangene Sünde gilt dem Juden einem bewussten Vergehen
119 1479 1294 1524 ganz gleich: »der Begriff der Sünde hat für den Juden keine not-
120 1527 1294 1571 wendige Beziehung zu dem Gewissen des Sünders, er schliesst nicht
119 1575 1294 1622 die Vorstellung einer moralischen Schlechtigkeit ein, sondern deutet
119 1624 1293 1669 auf eine gesetzliche Verantwortlichkeit«. Montefiore erklärt auch
1260 223 1302 247 373
238 196 1198 237 Der Eintritt der Juden in die abendländische Geschichte.
258 1725 1292 1763 »Seit dem Exil wurde (bei den Juden) das Sündenbewusstsein gewisser-
120 1768 958 1801 massen permanent«, sagt Wellhausen: Prolegomena, S. 431.
256 1806 1291 1845 Siehe Matthäus XIX, 20. Die Äusserung des reichen Mannes billigt noch
120 1845 1291 1884 heute der Jude Graetz vollkommen und bezeugt, die Aufforderung »die Sünden
118 1886 1292 1923 zu bereuen« habe für den Juden »gar keinen Sinn«. (Volkstümliche Geschichte
117 1928 381 1959 der Juden, I, 577.)
252 1969 1290 2005 W. Robertson Smith: The Prophets of Israel and their place in history,
119 2008 468 2042 Ausg. von 1895, S. 247.
251 2051 1291 2088 idem, S. 102; Montefiore: Religion of the ancient Hebrews, 2d éd., p. 558
118 2087 564 2123 (Anhang von Rabbi Schechter).
253 2130 1291 2168 R. Smith, a. a. O., S. 103. Auch Montefiore bezeugt: »Sünde ist bei
120 2167 1291 2206 den Hebräern jede Handlung, durch welche man im Unrechten sich befindet
