1600 2396
94 263 1274 306 schrieben »Vom Naturrechte«.  In der Ethik jedoch (T. IV, Anhang, 8)
95 312 1276 345 steht schwarz auf weiss: »Nach dem höchsten Recht der Natur ist
95 361 1274 402 einem jeden Menschen unbeschränkt das zu thun gestattet, was nach
94 411 1274 450 seinem Urteil zu seinem Nutzen gereichen wird«; und in der Ab-
94 459 1276 499 handlung Von der wahren Freiheit heisst es: »Um das, was wir
94 509 1273 550 zu unsrem Heil und zu unserer Ruhe fordern, zu erlangen, bedürfen
94 558 1271 598 wir keiner anderen Grundsätze, als allein, dass wir das beherzigen,
93 608 1272 648 was zu unsrem eigenen Vorteil gereicht«.  Dass ein so edler Mann
94 656 1275 696 nicht verlegen ist, auf derartigen Grundlagen eine reine Morallehre
94 705 1272 745 aufzubauen, stellt seinen angeborenen kasuistischen Gaben das schönste
93 754 1274 793 Zeugnis aus; man sieht aber, auf jüdischem Boden hätte römisches
94 803 1274 844 Recht nicht wachsen können, sondern höchstens ein simplifiziertes Gesetz-
94 852 1232 892 buch, wie es etwa König Tippu Tib am Kongo brauchen mag.
94 901 1269 941 Erst auf der Grundlage eines von Indoeuropäern erfundenen und bis
93 950 1274 990 ins Einzelne ausgeführten Rechtes konnte der Jude seine staunens-
92 999 1275 1039 werten juristischen Fähigkeiten entdecken. — Ganz anders verhält es
92 1048 1271 1088 sich mit den Deutschen. Die Selbstaufopferung, der Drang, »von innen
93 1097 1276 1136 nach aussen zu bauen«, die Betonung des ethischen Momentes, der
93 1146 1274 1186 unbändige Freiheitssinn, kurz, die moralischen Eigenschaften hätten
92 1195 1272 1235 sie schon in reicher Fülle besessen. Nicht dagegen die geistigen.
92 1245 1274 1284 Der Scharfsinn war nie ein Nationalbesitz der Teutonen; das liegt so
1229 175 1269 199 171
537 158 831 189 Römisches Recht.
227 1360 1274 1393 Was für Augen hätten Cicero und Seneca, Scaevola und Papinian zu
93 1401 871 1434 einer derartigen Auffassung des Naturrechtes gemacht!
228 1438 1273 1474 Die Ähnlichkeit zwischen den Prinzipien (nicht den Folgerungen) Spinoza’s
94 1483 1142 1515 und Nietzsche’s ist auffallend genug, um die Aufmerksamkeit zu erregen.
227 1523 1275 1556 Vor wenigen Jahren traf ich in Gesellschaft einen gebildeten Juden,
93 1564 1272 1597 Besitzer von Petroleumquellen und Mitglied des verruchten Petroleumringes; kein
92 1605 1274 1638 Argument vermochte es, den ehrenhaften Mann, der keine Fliege getötet hätte,
92 1646 1274 1677 von der moralischen Verwerflichkeit eines solchen Ringes zu überzeugen; seine
93 1686 1273 1720 beständige Antwort war: »ich kann’s, folglich darf ich es!« Buchstäblich Spinoza,
92 1727 1272 1761 wie man sieht. — Hiermit hängt jene schwere Frage zusammen, ob es in germa-
93 1768 1271 1802 nischen Ländern gestattet sein sollte, Männer jüdischen Stammes zu Richtern zu
93 1808 1271 1842 ernennen. Ohne jede Leidenschaftlichkeit und Voreingenommenheit, ohne das
92 1848 1272 1883 Wissen und die fleckenlose Ehrenhaftigkeit der Betreffenden anzuzweifeln, sollte
92 1890 1271 1922 man sich auf Grund historischer und ethischer Ergebnisse fragen, ob es denn
92 1930 1271 1965 vorauszusetzen sei, dass jene Männer die Fähigkeit besitzen, eine Rechtsauffassung
92 1971 1272 2005 sich vollkommen zu assimilieren, die ihren eingeborenen Anlagen so tief wider-
92 2012 1272 2045 spricht? ob sie dieses Recht, welches sie meisterhaft handhaben, auch wirklich
93 2053 1272 2086 verstehen und fühlen? Wer die scharf ausgesprochene Individualität der verschiedenen
92 2093 1272 2128 Menschenrassen erkennen gelernt hat, kann im tiefsten Ernst und ohne jede Ge-
94 2136 682 2169 hässigkeit eine derartige Frage aufwerfen.
