1600 2471
218 265 1429 320 Form, eine schon bestehende Tradition, eine schon geübte staats-
219 315 1431 368 männische Erfahrung, an die es sich anlehnen, in denen es zu fester,
221 364 1431 416 dauernder Gestalt sich herauskrystallisieren konnte. Es fand nicht allein
222 418 1433 467 die staatsmännische Idee, sondern ebenfalls die geübten Staatsmänner.
221 466 1434 519 Tertullian z. B., der den ersten tötlichen Schlag gegen das frei-spekulative
223 515 1438 567 hellenische Christentum that, indem er die lateinische Sprache an Stelle
225 567 1437 626 der griechischen in die Kirche einführte — eine Sprache, in der jede
224 617 1436 676 Metaphysik und Mystik unmöglich ist und in welcher die paulinischen
225 669 1437 718 Briefe ihrer tiefen Bedeutung entkleidet werden — Tertullian war ein
227 720 1439 771 Rechtsanwalt und begründete »die Richtung der abendländischen Dog-
228 769 1438 823 matik auf das Juristische«, einmal durch die Betonung des materiell
228 819 1440 880 gerichtlichen Moments in den religiösen Vorstellungen, sodann, indem
230 870 1444 931 er juristisch gefärbte, der lateinischen praktischen Welt angepasste Begriffe
230 922 1440 976 in die Vorstellungen von Gott, von den »zwei Substanzen« Christi,
230 974 1442 1025 von der Freiheit des (als juristisch verklagt gedachten) Menschen u. s. w.
233 1024 1442 1080 einführte. Neben dieser theoretischen Bethätigung praktischer Männer,
232 1073 1445 1133 gab es ihre organisatorische. Ambrosius z. B., die rechte Hand des
233 1123 1445 1177 Theodosius, war ein Civilbeamter und wurde zum Bischof gemacht,
236 1175 1446 1229 ehe er noch getauft worden war! Er selber erzählt freimütig, wie
236 1225 1449 1276 er »vom Tribunal fortgeholt wurde«, weil der Kaiser ihn an anderer
237 1277 1447 1331 Stelle, nämlich in der Kirche, zu dem grossen Werk der Organisation
238 1328 1447 1378 verwenden wollte, und wie er dadurch in die peinliche Lage geriet,
239 1377 1451 1426 Andere über das Christentum belehren zu müssen, ehe er selber
240 1428 1450 1480 darüber Bescheid wusste. Von solchen Männern sind die Grundlagen
241 1479 1452 1530 der römischen Kirche gelegt worden, nicht von den Nachfolgern Petri
240 1529 1450 1582 in Rom, deren Namen in den ersten Jahrhunderten kaum bekannt sind.
242 1581 1453 1628 Von unberechenbarem Wert für die Einflussnahme der Bischöfe war
243 1631 1454 1683 z. B. die Verfügung Konstantin’s, wonach in der altrömischen Rechts-
245 1682 1455 1735 einrichtung des receptum arbitrii (Schiedsgericht) bestimmt wurde, so-
245 1731 1456 1779 bald der Bischof Schiedsrichter sei, bleibe sein Urteil rechtskräftig und
246 1782 1456 1831 ohne höhere Instanz; für die Christen war es in vielen Fällen religiöse
247 1832 1457 1885 Pflicht, sich an den Bischof zu wenden; nunmehr war dieser auch civil-
248 1883 1456 1933 rechtlich ihr oberster Richter. Aus dieser selben, rein staatlichen,
217 183 265 215 630
720 161 922 203 Der Kampf.
388 1984 1459 2030 Vergl. Harnack: a. a. O., S. 103. Über die unausbleiblich hemmende
249 2026 1459 2073 Wirkung der lateinischen Sprache auf alle Spekulation und Wissenschaft, siehe
252 2074 1105 2112 Goethe’s Bemerkungen in seiner Geschichte der Farbenlehre.
390 2117 1072 2155 Vergl. den Anfang von De officiis ministrorum.
391 2152 1463 2190 Auch dies war keine neue, christliche Erfindung; schon von Alters her
253 2195 1464 2237 hatte es in Rom im Gegensatz zum jus civile ein jus pontificium gegeben; nur
