1600 2396
151 245 1328 290 leider wenig bekannten Schriften, sagt derselbe Gelehrte: »L’épouvantable
150 296 1328 339 simplicité de l’esprit sémitique retrécit le cerveau humain, le ferme
151 345 1325 389 à toute idée délicate, à tout sentiment fin, à toute recherche rationelle,
143 395 1290 437 pour le mettre en face d’une éternelle tautologie: Dieu est Dieu;«
149 442 1323 487 und er führt dann aus, für die Kultur gäbe es nur dann eine Zukunft,
149 491 1324 537 wenn die christliche Religion sich immer mehr »vom Geist des Juden-
149 541 1322 584 tums entfernte« und »das indoeuropäische Genie« auf allen Gebieten
146 590 1322 636 immer mehr zur Geltung käme. Diese Vermischung bedeutet also
150 639 1321 684 ganz ohne Zweifel eine Entartung: Entartung des Juden, dessen
149 689 1321 730 Charakter ein viel zu fremder, fester, starker ist, als dass er durch
144 738 1321 783 germanisches Blut aufgefrischt und veredelt werden könnte, Entartung
146 787 1319 832 des Europäers, der durch die Kreuzung mit einem »minderwertigen
144 837 1319 882 Typus« — wofür ich lieber sagen möchte, mit einem so andersge-
143 886 1319 925 arteten Typus — natürlich nur verlieren kann. Während die Ver-
143 935 1318 979 mischung vorgeht, bleibt aber der grosse Hauptstamm der reinen, un-
142 984 1318 1029 vermischten Juden unangetastet. Als Napoleon, zu Beginn des
140 1032 1315 1078 Jahrhunderts, unzufrieden, dass die Juden, trotz ihrer Emanzipation,
143 1082 1317 1127 in hochmütiger Isolation verharrten, erzürnt, dass sie sein ganzes
141 1131 1318 1173 Elsass, obwohl nunmehr jede Laufbahn ihnen offen stand, mit
142 1180 1318 1222 schändlichstem Wucher aufzufressen fortfuhren, an den Rat ihrer
139 1224 1316 1275 Ältesten ein Ultimatum sandte und die rückhaltlose Verschmelzung
140 1278 1314 1324 der Juden mit der übrigen Nation forderte, nahmen die Delegierten
140 1327 1318 1371 der Juden Frankreichs alle ihnen vorgeschriebenen Artikel bis auf
138 1378 1311 1415 einen an: den, der die unbeschränkte Ehe mit Christen bezweckte.
137 1426 1312 1467 Ihre Töchter, ja, die dürften ausserhalb des israelitischen Volkes hei-
138 1477 1279 1520 raten, ihre Söhne nicht; der Diktator Europas musste nachgeben.
137 1524 1311 1569 Das ist jenes bewunderungswürdige Gesetz, durch welches das eigent-
136 1572 1311 1617 liche Judentum begründet wurde. Zwar gestattet das Gesetz in seiner
136 1625 1309 1666 strengsten Fassung gar keine Ehe zwischen Juden und Nichtjuden; im
1283 163 1325 187 325
259 140 1218 180 Der Eintritt der Juden in die abendländische Geschichte.
136 1713 1308 1749 päischen, wirklich einen minderwertigen Typus der Menschheit darstellt«. — Dass
135 1753 1308 1790 die Juden keine reine Semiten, sondern halbe Syrier sind (wie ich das gleich
135 1794 949 1830 ausführen werde), wird an diesem Urteile wenig ändern.
269 1838 1307 1872 De la part des peuples sémitiques dans l’histoire de la civilisation, p. 39. »Die
136 1877 1307 1911 grauenhafte Einförmigkeit des semitischen Geistes schnürt das menschliche Gehirn
135 1919 1306 1953 zusammen, verschliesst es vor jeder zarteren Gedankenfassung, vor jeder feineren
134 1956 1306 1994 Empfindung, vor jeder rationellen Fragestellung, um es der einen ewigen Tautologie
133 1999 626 2029 gegenüberzustellen: Gott ist Gott«.
267 2035 1304 2075 Über dieses berühmte Synedrium und sein kasuistisches Unterscheiden
135 2080 1306 2116 zwischen religiösem und civilem Gesetz — eine Unterscheidung, welche weder
134 2118 1173 2149 Thora noch Talmud anerkennen — Weiteres im Band II dieses Buches.
