1600 2396
97 248 1276 294 Verhältnissen halbautomatisch anzupassen; geniale Erfindungen, wie
96 297 1276 343 z. B. die der juristischen »Fiktion«, wodurch ein Mittel gefunden war
96 346 1275 390 (wenn ich mich laienhaft ausdrücken darf), um fehlende Rechtsnormen
97 395 1276 442 durch vorhandene zu ersetzen; staatliche Einrichtungen, wie diejenige
97 444 1275 490 der Prätoren, durch welche dem in einem lebendigen Organismus so
96 494 1276 536 nötigen Gewohnheitsrecht ein Platz gesichert wurde, bis aus der Praxis
97 542 1275 587 das beste Recht sich ergeben hatte, durch welche auch das jus gentium
96 592 1276 637 nach und nach in naher Fühlung mit dem engeren römischen jus
94 641 1275 685 civile entstand — — das alles bewirkte ein frisches, pulsierendes Rechts-
96 690 1276 735 leben, wie Keiner es sich vorstellen kann, der Jurisprudenz nicht
94 739 1242 783 studiert hat, denn um uns herum giebt es nichts derartiges, gar nichts.
96 788 1276 826 Nun bedenke man aber noch, um den Abstand zwischen uns und
97 837 1275 881 den Römern zu ermessen, dass eigentliche gelernte und gelehrte Juristen
95 886 1275 927 erst sehr spät, gegen Ende der Republik aufkamen, und dass dieses
94 935 1275 979 herrliche, in den meisten Teilen unendlich fein ciselierte Erzeugnis
95 984 1274 1019 rechtlicher Technik das Werk eines Volkes von Bauern und rauhen
95 1034 1275 1075 Kriegern ist! Man versuche es doch, einem heutigen Durchschnitts-
95 1081 1276 1124 philister den juristischen Unterschied zwischen Eigentum und Besitz
94 1130 1274 1174 klar zu machen, ihm beizubringen, der Dieb sei der juristische Be-
93 1179 1274 1220 sitzer der gestohlenen Sache und geniesse als solcher rechtlichen Be-
93 1228 1272 1273 sitzesschutz, der Pfandgläubiger ebenfalls und auch der Erbpächter;
94 1277 1274 1320 es wird nicht gelingen, ich weiss es aus Erfahrung. Und ich wähle
92 1326 1275 1370 absichtlich ein einfaches Beispiel. Der römische Bauer dagegen, der
91 1375 1272 1418 weder schreiben noch lesen konnte, wusste das alles ganz genau schon
93 1424 1273 1467 ein halbes Jahrtausend vor Christo.  Er wusste allerdings nicht viel
92 1474 1274 1516 mehr, sein Recht aber kannte und handhabte er mit ebenso genauer
92 1522 1272 1563 Sachkenntnis wie seinen Pflug und seine Ochsen; und indem er es
92 1571 1272 1614 kannte und darüber nachdachte,  indem er für sich und das Seine und
91 1619 1270 1660 die Seinigen immer festeren, bestimmteren Rechtsschutz erstrebte, er-
92 1669 1272 1711 richtete er thatsächlich jenes Rechtsgebäude, in welchem spätere Völker
91 1718 1272 1759 in schwierigsten Zeiten Schutz fanden, und welches wir jetzt mit mehr
91 1766 1269 1808 oder weniger Glück, mit mehr oder weniger Veränderungen nach-
93 1814 1268 1853 bauen, ausbauen, zu vervollkommnen trachten. Es von selbst erfinden
1231 159 1276 191 169
539 145 831 177 Römisches Recht.
227 1914 1269 1947 Namentlich von den Jahresedikten der Prätoren sagt Leist, sie seien
95 1954 1266 1988 »das Hauptmoment in der feineren Ausbildung des römischen Rechtes geworden«
91 1994 332 2025 (a. a. O., S. 622).
228 2036 1269 2070 Siehe die scharfe Unterscheidung zwischen Eigentum und Besitz, Tafel VII,
92 2076 203 2101 Satz 11.
226 2117 1265 2151 Noch zu Cicero’s Zeiten lernte jeder Knabe die zwölf Tafeln auswendig.
