1600 2471
219 257 1435 316 analoge Auffassung des Sühnopfers; doch verdient gerade der Jude
222 308 1439 364 für nichts aufrichtigere Bewunderung, als für seinen unablässigen Kampf
222 360 1435 418 gegen Aberglauben und Zauberwesen; seine Religion war Materialismus,
224 410 1437 466 doch, wie ich in einem früheren Kapitel ausführte, abstrakter Materia-
223 460 1438 516 lismus, nicht konkreter. Dagegen hatte sich bis gegen Ende des
229 510 1440 569 2. Jahrhunderts unserer Ära ein durchaus konkreter, wenn auch mystisch
225 560 1440 621 gefärbter Materialismus wie eine Pest durch das ganze römische Reich
226 615 1440 665 verbreitet. Dass dieses plötzliche Aufflammen alter Superstitionen von
227 664 1442 719 Semiten ausging, von denjenigen Semiten nämlich, die nicht unter
228 713 1443 769 dem wohlthätigen Gesetze Jahve’s standen, ist erwiesen; hatten doch
229 767 1444 821 die jüdischen Propheten selber Mühe genug gehabt, den immer von
229 819 1444 864 Neuem auftauchenden Glauben an die magische Wirkung genossenen
231 866 1445 923 Opferfleisches zu unterdrücken; und gerade dieser unter den geborenen
231 916 1447 965 Materialisten weitverbreitete Glaube war es, der jetzt wie ein Lauffeuer
233 966 1447 1016 durch alle Länder des stark semitisierten Völkerchaos flog. Ewiges Leben
233 1018 1448 1075 verlangten diese elenden Menschen, die wohl empfinden mochten, wie
234 1067 1448 1126 wenig Ewigkeit ihr eigenes Dasein umfasste. Ewiges Leben versprachen
234 1119 1449 1169 ihnen die Priester der neu umgestalteten Mysterien durch die Teilnahme
235 1168 1450 1227 an »Agapen«, gemeinsamen feierlichen Mahlen, in denen Fleisch und
236 1219 1451 1276 Blut, magisch umgewandelt zu göttlicher Substanz, genossen, und durch
238 1270 1450 1322 die unmittelbare Mitteilung dieses die Unsterblichkeit verleihenden
239 1320 1453 1379 Ewigkeitsstoffes, der Leib des Menschen ebenfalls umgewandelt
239 1371 1450 1426 wurde, um nach dem Tode zu ewigem Leben wieder aufzuerstehen.
240 1423 1452 1475 So schreibt z. B. Apulejus über seine Einweihung in die Isismysterien,
241 1477 1453 1526 er dürfe das Verborgene nicht verraten, nur so viel könne er sagen:
242 1522 1456 1571 er sei bis an die Grenzen des Todesreiches gelangt, habe die Schwelle
243 1577 1456 1629 der Proserpina betreten, und sei von dort »in allen Elementen neu-
244 1625 1457 1681 geboren« zurückgekehrt. Auch die Mysten des Mythraskultus hiessen
244 1680 1079 1726 in aeternam renati, auf ewig Wiedergeborene.
347 1727 1459 1773 Dass wir hierin eine Neubelebung der urältesten allgemeinsten
246 1777 1457 1826 totemistischen Wahnvorstellungen erblicken müssen, Vorstellungen,
246 1827 1458 1884 gegen welche die Edelsten aller Länder seit lange und mit Erfolg an-
218 176 267 208 636
724 155 926 198 Der Kampf.
389 1948 623 1981 Siehe S. 230 fg.
390 1978 1462 2018 Siehe namentlich Robertson Smith: Religion of the Semites (1894), p. 358.
251 2025 1185 2068 Für diese ganze Frage lese man die Vorträge 8, 9, 10 und 11.
391 2063 1360 2103 Siehe Smith a. a. O. und zur Ergänzung Cheyne: Isaiah, p. 368.
391 2112 854 2147 Rohde: Psyche, 1. Aufl., S. 687.
391 2156 773 2191 Der goldene Esel, Buch XI.
393 2200 629 2228 Rohde: a. a. O.
