1600 2471
211 252 1424 302 d. h. des pontifex maximus. Hierin lag zunächst und zuvörderst die
212 305 1425 348 Kraft des römischen Christentums, sowohl gegen Osten, wie gegen
212 355 1425 397 Norden. Dazu kam noch als Weiteres die Thatsache, dass Rom, im
213 403 1426 457 geographischen Mittelpunkte des Völkerchaos gelegen und zudem fast
214 455 1428 498 ausschliesslich weltlich und staatsmännisch beanlagt, den Charakter
214 504 1427 550 und die Bedürfnisse der Mestizenbevölkerung genau kannte und durch
214 557 1428 606 keine tiefeingewurzelten nationalen Anlagen und nationalen Gewissens-
216 607 1427 660 postulate (wenn ich mich so ausdrücken darf) daran verhindert war,
216 657 1429 706 nach allen Seiten Entgegenkommen zu zeigen: unter dem einen Vor-
218 707 1431 757 behalt, dass sein Oberherrnrecht unbedingt anerkannt und gewahrt
218 757 1432 802 blieb. Rom war also nicht allein die einzige festgefügte kirchliche
219 808 1430 858 Macht des ersten Jahrtausends, sondern auch die am meisten elastische.
219 859 1434 909 Nichts ist halsstarriger als ein religiöser Fanatiker; selbst der edelste
220 909 1434 961 Religionsenthusiasmus wird sich nicht leicht an eine abweichende Auf-
221 962 1433 1012 fassung anpassen. Rom dagegen war streng und wenn es sein musste,
221 1011 1435 1063 grausam, doch niemals wirklich fanatisch, wenigstens nicht in religiösen
222 1061 1437 1113 Dingen und in früheren Zeiten. Die Päpste waren so tolerant, so sehr
224 1115 1436 1162 bestrebt, Alles auszugleichen und die Kirche allen Schattierungen an-
224 1163 1438 1211 nehmbar zu machen, dass später einige von ihnen, die schon lange
225 1215 1436 1264 das Zeitliche gesegnet hatten, im Grabe exkommuniziert werden mussten,
226 1265 1439 1311 der Einheitlichkeit der Doktrin zuliebe! Augustinus z. B., hatte seine
226 1315 1440 1365 Not mit Papst Zosimus, der das Dogma des Peccatum originale nicht
227 1364 1445 1416 für wichtig genug hielt, um dessentwegen den gefährlichen Kampf
228 1416 1441 1466 mit den Pelagianern heraufzubeschwören, zumal diese gar nicht
228 1466 1442 1517 antirömisch gesinnt waren, sondern im Gegenteil dem Papst mehr
229 1517 1442 1567 Rechte zugestanden als ihre Gegner. Und wer von hier an die
230 1567 1443 1618 Kirchengeschichte verfolgt bis zu dem grossen Streit über die Gnade
230 1617 1443 1667 zwischen den Jesuiten und den Dominikanern im 17. Jahrhundert (im
232 1669 1443 1718 Grunde genommen dieselbe Sache wie dort, nur am anderen Ende an-
232 1718 1444 1769 gefasst und ohne einen Augustinus, um dem Materialismus den Riegel
232 1769 1444 1820 vorzuschieben), und sieht, wie der Papst den Streit dadurch beizulegen
233 1819 1445 1869 suchte, »dass er beide Systeme tolerierte (!) und den Anhängern der-
234 1871 1447 1919 selben verbot, sich gegenseitig zu verketzern«, wer, sage ich, mit
235 1922 1446 1971 prüfendem Auge diese Geschichte verfolgt, wird finden, dass Rom von
210 164 259 196 632
714 147 917 189 Der Kampf.
375 2013 1446 2052 Von mindestens einem Papste, Honorius, ist das nunmehr endgültig er-
236 2061 847 2097 wiesen (siehe Hefele, Döllinger u. s. w.).
378 2097 1330 2134 Siehe Hefele: Konziliengeschichte, 2. Aufl. II, 114 ff. und 120 fg.
377 2137 1449 2175 Brück: Lehrbuch der Kirchengeschichte, 6. Aufl., S. 744 (orthodox römisch-
239 2192 394 2223 katholisch).
