1600 2471
126 265 1348 311 Wesen nach verändert. Trotzdem hält Augustinus den Standpunkt
126 315 1332 357 fest, alle Sakramente seien stets nur Symbole. Sacrificia visibilia sunt
124 367 1330 409 signa invisibilium, sicut verba sonantia signa rerum. Die Hostie
126 415 1331 456 verhält sich also, nach Augustinus, zum Leibe Christi wie das Wort
126 466 1330 507 zum Ding. Wenn er nichtsdestoweniger beim Abendmahl eine that-
126 515 1330 559 sächliche Mitteilung des Göttlichen lehrt, so handelt es sich folglich
125 566 1332 606 um eine Mitteilung an das Gemüt und durch das Gemüt. Eine so
127 616 1333 658 klare Aussage lässt zu gar keinen Deutungen Platz, und schliesst die
127 667 1333 708 spätere römische Lehre des Messopfers aus. — Schon diese äusserst
126 716 1332 759 flüchtigen Bemerkungen werden genügen, damit selbst ein gänzlich
127 767 1333 808 Uneingeweihter einsehen lerne, dass für die Auffassung der Eucharistie
127 818 1338 858 zwei Wege offen standen: der eine war durch die idealeren, auf
128 868 1331 910 das Geistige gerichteten Mysterien der reineren Hellenen gewiesen
126 918 1333 959 (nunmehr durch das Leben Christi mit einem konkreten Inhalt als
131 968 1333 1010 »Erinnerungsfest« erfüllt), der andere schloss sich den semitischen und
128 1019 1333 1059 ägyptischen Zauberlehren an, wollte in dem Brod und dem Wein den
128 1069 1333 1101 thatsächlichen Leib Christi erblicken und durch seinen Genuss eine
129 1119 822 1160 magische Umwandlung bewirken lassen.
229 1169 1333 1211 Diese zwei Richtungen gingen nun Jahrhunderte lang neben-
130 1219 1333 1260 einander her, ohne dass es jemals zu einem entscheidenden dogmatischen
129 1269 1334 1310 Kampfe gekommen wäre. Das Gefühl einer unheimlichen Gefahr mag
129 1320 1334 1361 wohl zur Vermeidung desselben beigetragen haben; ausserdem wusste
1279 172 1328 205 639
655 158 799 198 Religion.
267 1388 1333 1420 De civitate Dei, Buch X, Kap. 19. Diese Lehre wurde später von Wyclif —
130 1429 1333 1462 der eigentliche Brunnquell der Reformation — fast wörtlich aufgenommen; denn
130 1472 1267 1502 er schreibt von der Hostie: »non est corpus dominicum sed efficax ejus signum«.
268 1513 1334 1546 Erst Gregor der Grosse (um das Jahr 600) lehrte, die Messe bedeute
131 1555 1334 1588 eine thatsächliche Wiederholung des Opfers Christi am Kreuz, wodurch das Abend-
131 1597 1334 1630 mahl ausser der sakramentalen (heidnischen) Bedeutung noch eine sakrifizielle
132 1639 376 1671 (jüdische) erhielt.
269 1681 1334 1715 In Wirklichkeit giebt es nur zwei. Wer den geringsten Einblick in den
134 1723 1335 1756 Hexenkessel theologischer Sophistik gethan hat, wird mir Dank wissen, dass ich
133 1765 1335 1798 durch die äusserste Vereinfachung nicht allein Klarheit, sondern auch Wahrhaftigkeit
132 1806 1335 1840 in diesen verworrenen Gegenstand hineinzubringen suche, der, teils in Folge der
133 1848 1334 1882 klügsten Berechnung habgieriger Pfaffen, teils durch den religiösen Wahn auf-
133 1890 1333 1923 richtiger doch schlecht equilibrierter Geister der eigentliche Fechtboden geworden
134 1931 1334 1966 ist für alle spitzfindige Narrheiten und tiefsinnige Undenkbarkeiten. Hier namentlich
134 1973 1333 2007 liegt die Erbsünde aller protestantischen Kirchen; denn sie empörten sich gegen
134 2014 1333 2049 die römische Lehre vom Messopfer und von der Transsubstantiation, und hatten
135 2056 1334 2089 dennoch nie den Mut, mit den völkerchaotischen Superstitionen aufzuräumen,
135 2098 1332 2131 sondern nahmen ihre Zuflucht zu elenden Sophistereien und schwankten bis zum
135 2138 1332 2173 heutigen Tage in charakterloser Unentschiedenheit hin und her auf dialektischen
135 2181 836 2214 Nadelspitzen, ohne je festen Boden zu betreten.
