1600 2471
146 274 1352 317 — aber auch nur drei — Gestalten annehmen kann: die feste, die
146 324 1352 369 flüssige, die luftartige; womit nur weiter ausgeführt wird, was das
147 374 1352 418 Volk längst wusste, dass unser Planet aus Erde, Wasser und Luft be-
147 425 761 461 steht. Wie Homer sich ausdrückt:
533 483 965 516 Dreifach teilte sich Alles.
148 542 1354 585 Geht man derartigen Vorstellungen mit Absichtlichkeit nach, so artet
148 593 1355 637 dies bald (wie bei Hegel) in willkürliche Spielerei aus; durchaus keine
147 643 1356 688 Spielerei ist dagegen die unwillkürliche, intuitive Ausgestaltung einer
147 693 1354 738 allgemeinen, doch nicht analytisch zergliederten (zugleich physischen
148 744 1356 788 und metaphysischen) kosmischen Erfahrung zu einem Mythus. Und
147 794 1354 837 aus diesem Beispiel ergiebt sich die tröstliche Gewissheit, dass auch
148 844 1355 887 im christlichen Dogma der indoeuropäische Geist seinem eigenen Wesen
149 894 1355 939 nicht ganz untreu geworden ist, sondern seine Mythen-schaffende Religion
149 944 1355 987 noch immer Natursymbolik blieb, wie das bei den Indoeraniern
148 994 1357 1036 und bei den Slavokeltogermanen von jeher der Fall war. Nur ist
150 1045 1357 1088 freilich hier die Symbolik eine äusserst subtile, weil eben die philo-
149 1095 1355 1140 sophische Abstraktion in den ersten christlichen Jahrhunderten blühte,
149 1146 1357 1190 wogegen die künstlerische Schöpferkraft darniederlag. Auch das
149 1196 1359 1237 muss betont werden, dass der Mythus von der grossen Masse der
152 1247 1356 1289 Christen nicht als Symbol empfunden wurde; doch das galt bei den
149 1297 1357 1338 Indern und Germanen mit ihren Licht-, Luft- und Wassergöttern eben-
149 1347 1357 1389 falls; er ist auch nicht bloss Symbol, sondern die gesamte Natur ver-
150 1398 1358 1441 bürgt uns die innere, transscendente Wahrheit eines derartigen Dogmas
151 1448 1249 1490 und sichert seine Fähigkeit zu lebensvoller Weiterentwickelung.
251 1497 1359 1538 Solcher äusseren oder, wenn man will, kosmischen Mythologie
152 1548 1256 1589 enthält nun das christliche Dogmengebäude eine grosse Menge.
251 1598 1360 1638 Zunächst so ziemlich Alles, was als Gotteslehre die Vorstellung der
151 1649 1357 1692 Dreieinigkeit ergänzt: das Fleischwerden des Logos, der Paraklet u. s. w.
1305 181 1349 208 555
677 165 822 205 Religion.
291 1732 1357 1768 So z. B. die angeblich notwendige Progression der These, Antithese und
152 1774 1358 1810 Synthese, oder wiederum das Ansichsein des Absoluten als Vater, das Anderssein
152 1818 760 1851 als Sohn, die Rückkehr zu sich als Geist.
292 1859 968 1893 Siehe den ganzen Schluss des ersten Kapitels.
290 1899 1358 1935 Den ägyptischen Triaden hat man wohl früher einen grösseren Einfluss
153 1941 1359 1977 auf die christliche Dogmenbildung zugesprochen, als ihnen wirklich zukommt. Zwar
154 1982 1359 2019 scheint die Vorstellung des Gott-Sohnes in seinem Verhältnis zum Gott-Vater, der
154 2024 1358 2060 Sohn »nicht gemacht, nicht erschaffen, sondern erzeugt« (buchstäblich wie im Atha-
154 2065 1357 2102 nasischen Glaubensbekenntnis), spezifisch ägyptisch; wir finden sie in allen verschie-
154 2107 1356 2143 denen Göttersystemen der Ägypter wieder; doch ist die dritte Person die Göttin.
155 2149 1353 2185 (Man vergl. Maspero: Histoire ancienne des peuples de l’Orient classique, 1895, I, 151
154 2195 812 2227 und Budge: The Book of the Dead, p. XCVI.)
