1600 2396
282 264 1471 330 sprechungen und Vorhersagungen nicht eingetroffen, das konnte
280 312 1473 370 immer leicht erklärt werden; der Wille ist nicht einsichtsvoll, er lässt
285 364 1472 420 nicht locker was seine Hand hält, und wäre es auch nur ein Phantom;
285 410 1473 479 je weniger bisher eingetroffen war, um so reicher erschien die Zukunft;
288 459 1477 518 und so Vieles hatte man schwarz auf weiss (namentlich in der Legende
288 512 1478 573 des Exodus), dass der Zweifel nicht aufkommen konnte. Was man
290 559 1480 619 den Buchstabenglauben der Juden nennt, ist doch ein ganz anderes
290 609 1481 674 Ding als der dogmatische Glaube der Christen: es ist nicht ein
290 657 1483 715 Glaube an abstrakte, unvorstellbare Mysterien und an allerhand
293 707 1484 774 mythologische Vorstellungen, sondern etwas durchaus Konkretes, Ge-
294 758 1485 815 schichtliches. Das Verhältnis der Juden zu ihrem Gott ist von Beginn
295 806 1488 871 an ein politisches. Jahve verspricht ihnen die Herrschaft der
297 857 1489 916 Welt — unter gewissen Bedingungen; und ihr Geschichtswerk ist
297 905 1489 964 ein solches Wunder kunstreicher Struktur, dass die Juden, trotz des
299 954 1491 1017 elendesten, jämmerlichsten Schicksals (als Volk), von dem die Welt-
300 1006 1493 1062 annalen zu berichten wissen — kaum dass sie ein einziges Mal, unter
301 1053 1494 1112 David und Salomon, ein halbes Jahrhundert relativen Wohlstandes
304 1104 1496 1169 und geordneter Verhältnisse genossen — dennoch ihre Vergangenheit
303 1151 1497 1217 in den glühendsten Farben erblicken, überall die schützende Hand
308 1201 1499 1261 Gottes wahrnehmen, ausgebreitet über sein auserwähltes Volk, über
308 1251 1499 1316 die »einzigen Menschen im wahren Sinne«; überall also historische
309 1302 1500 1359 Beweise für die Wahrheit ihres Glaubens, woraus sie dann die Zu-
308 1351 1501 1414 versicht schöpfen, dass das vor vielen Jahrtausenden dem Abraham
312 1400 1503 1459 Verheissene im vollen Umfang noch eintreffen wird. Die göttliche
312 1450 1504 1513 Verheissung aber war, wie gesagt, an Bedingungen geknüpft. Man
314 1498 1506 1557 konnte nicht im Hause herumgehen, nicht essen und trinken, nicht
312 1548 1506 1612 im Felde spazieren, ohne hundert Gebote zu gedenken, von deren
317 1600 1506 1663 Erfüllung das Schicksal der Nation abhing. Wie der Psalmist vom
314 1666 758 1715 Juden singt (Psalm I, 2):
505 1711 1044 1760 Jahve’s Gebote sind seine Lust,
509 1753 1286 1806 Bei Tag und bei Nacht sein Gedenken.
279 190 327 223 236
654 163 1089 203 Das Erbe der alten Welt.
458 1818 1511 1876 Zum Beispiel gleich als erstes das Versprechen an Abraham: »das Land
324 1875 1057 1914 Canaan will ich dir zu ewiger Besitzung geben.«
461 1905 1445 1961 Vergl. hierzu Robertson Smith: The Prophets of Israel, p. 70 und 133.
461 1945 1514 1998 In der Sippurim betitelten Sammlung jüdischer Volkssagen und Erzählungen
326 1985 1515 2038 wird öfters erwähnt, dass der gewöhnliche (ungelehrte) Jude ausser den zehn
330 2027 1515 2083 Geboten, noch sechshundert und dreizehn Gesetze auswendig zu lernen
331 2071 1516 2119 hat. Der Talmud aber lehrt dreizehntausend sechshundert Gesetze,
332 2108 1520 2166 deren Befolgung göttliches Gebot ist! (siehe Dr. Emanuel Schreiber: Der Talmud
330 2165 924 2205 vom Standpunkte des modernen Judentums).
