1600 2432
413 231 1505 285 Und zwar fand ſich das chriſtliche Nachdenken zunächſt zu
326 288 1505 341 einer ſolchen teleologiſchen Deutung der Geſchichte durch die Ein-
323 345 1503 400 wendungen der Gegner genöthigt. Daher entſtand dieſe Metaphyſik
323 403 1504 458 der Geſchichte ſchon in der Epoche der Väter und des Ringens
320 461 1503 516 zwiſchen Chriſtenthum, antikem Götterglauben und Judenthum
324 519 1504 574 durch die Gewalt der Dinge und wurde vom Mittelalter nur fort-
325 577 1503 631 gebildet. Warum, ſo fragten die Gegner des Chriſtenthums,
321 634 1502 689 mußte das von Gott durch Moſes gegebene Geſetz verbeſſert werden,
320 692 1501 746 da man doch nur verbeſſert, was ſchlecht gemacht worden iſt ?
320 749 1502 805 Warum ſoll der Römer die religiöſen Ueberzeugungen, auf welchen
322 807 1502 863 die Geſellſchaft beruht, und die gemeinſame Bildung, welche
320 865 1501 919 die zur Humanität Erzogenen verbindet, verlaſſen ? Warum,
321 923 1501 979 ſo fragten Celſus und Porphyrius in ihren Streitſchriften gegen
322 980 1500 1038 das Chriſtenthum gemeinſam, iſt es Gott erſt nach ſo langem
321 1038 1500 1095 Verlauf der Geſchichte eingefallen, die Menſchen zu erlöſen ?
319 1097 1500 1153 Und ſeitdem die Barbaren das römiſche Imperium zu bedrängen
319 1154 1500 1210 begannen, ja die chriſtlichen Gothen Rom erobert und verwüſtet
318 1212 1496 1265 hatten, entſtand die noch tiefer in die Deutung der weltlichen Ge-
315 1269 1496 1324 ſchichte hineinführende Frage: iſt nicht das Chriſtenthum die Ur-
314 1327 1494 1380 ſache aller neueſten Unglücksfälle des Imperiums, oder wie kann,
313 1385 1496 1441 im Gegenſatz gegen die dahinzielenden Vorwürfe, dieſe ungeheure
316 1443 1496 1498 politiſche Kriſis gedeutet werden ? Die erſten dieſer Fragen riefen
323 143 390 176 426
647 144 1179 183 Zweites Buch. Dritter Abſchnitt.
451 1540 1495 1586 Anfrage des Marcellinus an Auguſtinus, in deſſen Briefwechſel,
314 1585 479 1621 epist. 136.
404 1673 1495 1720 So vielfach z. B. Celſus bei Origenes contra Cels. V c. 35 ff.
313 1718 1495 1761 epist. 102 (sex quaestiones contra paganos expositae, quaest. 2: de
313 1762 814 1799 tempore christianae religionis).
450 1805 1493 1847 Gegen dieſen Vorwurf iſt Auguſtins Hauptwerk de civitate Dei
311 1847 1492 1895 gerichtet, vgl. lib. I u. lib. II, c. 2. Ebenſo beziehen ſich auf ihn die
311 1893 1477 1940 ſieben Bücher historiarum adversum paganos von Oroſius. Vgl. I prol.:
312 1937 1492 1986 er entſpreche der Vorſchrift des Auguſtin, die Vorſtellung einer Zerrüttung
309 1982 1492 2029 der Welt und der menſchlichen Geſellſchaft in Folge des Chriſtenthums zu
310 2027 1491 2073 bekämpfen; daher ſchleppt er alle Unglücksfälle zuſammenzuſammmen. praeceperas
310 2074 1491 2115 ergo, ut ex omnibus, qui haberi ad praesens possunt, historiarum
311 2117 1491 2159 atque annalium fastis, quaecumque aut bellis gravia aut corrupta morbis
310 2160 1490 2198 aut fame tristia aut terrarum motibus terribilia aut inundationibus
309 2205 1490 2244 aquarum insolita aut eruptionibus ignium metuenda aut ictibus ful-
