1600 2432
333 265 1516 314 tereſſen, welchen die politiſchen Ordnungen leben, nur Mittel ſind,
335 322 1219 370 ſo ſind alle politiſchen Ordnungen ihr unterthan.
425 380 1517 430 Dies iſt der Grundgedanke der theokratiſchen Geſellſchafts-
335 438 1518 487 ordnung des Mittelalters. — Die Theologen, vor allen Au-
335 496 1518 545 guſtinus, haben dieſen Grundgedanken theoretiſch dargeſtellt. Indem
335 554 1518 605 ſie ſich an die durch die Stoiker geſchaffene Verknüpfung des
336 613 1520 663 Naturrechts mit einer teleologiſchen Metaphyſik anſchloſſen, fiel
334 670 1520 721 ihnen weiter mit dem göttlichen Recht, deſſen Träger die Kirche
334 728 1520 777 iſt, das natürliche zuſammen, und ſo ſtellten ſie das kirchliche
335 784 1520 833 Recht als ein aus Gottes ewigem Heilsplan erfließendes, darum
337 843 1520 895 an ſich und unveränderlich gültiges, den menſchlichen Satzungen
336 900 1519 952 gegenüber. Sie betrachteten die gegen die kirchlichen Geſetze ver-
334 957 1467 1011 ſtoßenden Anordnungen und Geſetze des Staats als unverbindlich.
335 1017 1520 1069 Sie ordneten im Zuſammenhang mit der ganzen eben dargelegten
336 1074 1521 1125 chriſtlichen Teleologie den Staat dem myſtiſchen Körper Chriſti oder
336 1131 1521 1181 der Kirche als Mittel, als dienendes Inſtrument unter. — Aber
336 1189 1519 1242 während die Theologen dieſe Theorie entwickelten, hat die monar-
339 1246 1518 1293 chiſche Staatsgewalt des römiſchen Imperiums an den Grund-
339 1303 1519 1353 lagen des überkommenen römiſchen Rechtes feſtgehalten; nur
338 1361 1519 1413 allmälig drangen die chriſtlich-kirchlichen Ideen in das Rechts-
337 1419 1519 1471 leben ein, und erſt die Kanoniſten haben ſie in den wiſſen-
333 178 399 211 432
661 177 1192 214 Zweites Buch. Dritter Abſchnitt.
475 1520 677 1556 Vgl. S. 309.
474 1565 1520 1609 Auguſtinus tract. VI, 25 ad c. 1 Joann. v. 32: divinum jus in
338 1609 1518 1652 scripturis divinis habemus, humanum jus in legibus regum; ep. 93 c. 12.
338 1651 1520 1693 Vgl. Iſidor Etymol. V c. 2: omnes autem leges aut divinae sunt aut
337 1696 1520 1741 humanae. divinae natura, humanae moribus constant; ideoque hae
338 1739 1520 1787 discrepant, quoniam aliae aliis gentibus placent. — Für den Begriff der
337 1784 1518 1831 lex naturalis, welche als Geſetzgebung Gottes das ſittliche wie das rechtliche
338 1828 1519 1873 Gebiet umfaßt, iſt zwiſchen Auguſtinus und Thomas von Aquino beſonders
338 1873 1520 1916 wichtig Abälard in ſeinem dialogus inter philosophum, Judaeum et
339 1917 537 1946 Christianum.
474 1963 1519 2010 Auguſtinus ep. 105 c. 2; sermo 62 c. 5. — Ueber den Begriff
339 2007 1518 2054 des Naturrechts bei Thomas von Aquino und ſeine Unterſcheidung von
337 2051 1027 2092 lex aeterna und lex naturalis vgl. S. 424.
473 2096 1518 2140 Innerhalb der Darlegung des Auguſtinus in Buch XIX de civ. Dei
337 2139 1518 2186 beſonders c. 14: das Ziel der terrena civitas iſt die pax terrena, das der
336 2184 1516 2232 coelestis civitas dagegen iſt die pax aeterna, und der Zweck des Menſchen
337 2227 661 2266 liegt in der letzteren.
