<?xml version="1.0" encoding="UTF-8"?>
<PcGts xmlns="http://schema.primaresearch.org/PAGE/gts/pagecontent/2019-07-15" xmlns:xsi="http://www.w3.org/2001/XMLSchema-instance" xsi:schemaLocation="http://schema.primaresearch.org/PAGE/gts/pagecontent/2019-07-15 http://schema.primaresearch.org/PAGE/gts/pagecontent/2019-07-15/pagecontent.xsd">
<Metadata>
<Creator>regJS2PAGE.py</Creator>
<Created>2021-02-16T11:03:53.616328</Created>
<LastChange>2021-02-16T11:03:53.616328</LastChange>
</Metadata>
<Page imageFilename="tmp/dilthey_geisteswissenschaften_1883_0373.png" imageWidth="1600" imageHeight="2432">
<TextRegion id="block_0" custom="structure {type:body;}">
<Coords points="318,296 318,341 319,353 319,399 318,411 318,457 318,471 318,516 318,529 318,573 321,586 321,632 318,644 318,689 318,702 318,747 317,759 317,804 318,817 318,862 318,875 318,920 319,933 319,979 318,990 318,1035 319,1048 319,1095 319,1106 319,1152 320,1163 320,1210 319,1222 319,1267 320,1279 320,1329 319,1337 319,1383 321,1395 321,1441 320,1452 320,1498 319,1510 319,1556 321,1568 321,1613 320,1627 320,1670 322,1684 322,1729 320,1742 320,1787 323,1800 323,1845 322,1857 322,1903 1503,1903 1503,1857 1503,1845 1503,1800 1503,1787 1503,1742 1502,1729 1502,1684 1502,1670 1502,1627 1501,1613 1501,1568 1502,1556 1502,1510 1501,1498 1501,1452 1501,1441 1501,1395 1499,1383 1499,1337 1499,1329 1499,1279 1501,1267 1501,1222 1502,1210 1502,1163 1501,1152 1501,1106 1500,1095 1500,1048 1499,1035 1499,990 1500,979 1500,933 1499,920 1499,875 1500,862 1500,817 1500,804 1500,759 1500,747 1500,702 1499,689 1499,644 1499,632 1499,586 1498,573 1498,529 1499,516 1499,471 1500,457 1500,411 1499,399 1499,353 1497,341 1497,296 318,296"/>
<TextLine id="line_0">
<Coords points="318,298 364,298 387,298 442,298 467,297 500,297 526,297 843,297 869,297 1036,297 1060,296 1181,296 1212,298 1272,298 1319,297 1379,297 1402,298 1497,298 1497,333 1402,333 1379,333 1319,333 1272,340 1212,340 1181,340 1060,340 1036,339 869,339 843,341 526,341 500,332 467,332 442,340 387,340 364,332 318,332 318,298"/>
<Baseline points="318,332 364,332 387,340 442,340 467,332 500,332 526,341 843,341 869,339 1036,339 1060,340 1181,340 1212,340 1272,340 1319,333 1379,333 1402,333 1497,333"/>
<TextEquiv><Unicode>die ſich in Allgemeinbegriffen darſtellen, beſeſſen hat. Die Einen</Unicode></TextEquiv>
</TextLine>

<TextLine id="line_1">
<Coords points="319,354 451,354 475,366 541,366 565,355 651,355 675,355 776,355 800,355 951,355 973,353 1113,353 1136,354 1354,354 1384,356 1417,356 1449,356 1499,356 1499,391 1449,391 1417,391 1384,391 1354,399 1136,399 1113,399 973,399 951,399 800,399 776,390 675,390 651,390 565,390 541,391 475,391 451,399 319,399 319,354"/>
<Baseline points="319,399 451,399 475,391 541,391 565,390 651,390 675,390 776,390 800,399 951,399 973,399 1113,399 1136,399 1354,399 1384,391 1417,391 1449,391 1499,391"/>
<TextEquiv><Unicode>nahmen nun einen realen Vorgang logiſcher Specifikation in der</Unicode></TextEquiv>
</TextLine>

<TextLine id="line_2">
<Coords points="318,412 476,412 500,413 552,413 574,412 678,412 703,424 760,424 786,413 919,413 943,412 981,412 1006,411 1078,411 1102,413 1173,413 1199,413 1249,413 1272,413 1397,413 1420,414 1500,414 1500,449 1420,449 1397,456 1272,456 1249,448 1199,448 1173,457 1102,457 1078,456 1006,456 981,456 943,456 919,455 786,455 760,454 703,454 678,457 574,457 552,448 500,448 476,457 318,457 318,412"/>
<Baseline points="318,457 476,457 500,448 552,448 574,457 678,457 703,454 760,454 786,455 919,455 943,456 981,456 1006,456 1078,456 1102,457 1173,457 1199,448 1249,448 1272,456 1397,456 1420,449 1500,449"/>
<TextEquiv><Unicode>Subſtanz der Dinge an, mochten ſie dieſe nach der Formel einer</Unicode></TextEquiv>
</TextLine>

<TextLine id="line_3">
<Coords points="318,472 517,472 543,472 600,472 625,472 747,472 781,471 923,471 950,471 1020,471 1043,471 1114,471 1140,471 1191,471 1214,472 1295,472 1318,471 1499,471 1499,516 1318,516 1295,507 1214,507 1191,507 1140,507 1114,514 1043,514 1020,506 950,506 923,515 781,515 747,507 625,507 600,507 543,507 517,512 318,512 318,472"/>
<Baseline points="318,512 517,512 543,507 600,507 625,507 747,507 781,515 923,515 950,506 1020,506 1043,514 1114,514 1140,507 1191,507 1214,507 1295,507 1318,516 1499,516"/>
<TextEquiv><Unicode>Emanation, wie Scotus Erigena, oder nach der einer Schöpfung</Unicode></TextEquiv>
</TextLine>

<TextLine id="line_4">
<Coords points="318,529 486,529 528,529 580,529 604,531 698,531 722,529 793,529 809,529 958,529 976,535 1037,535 1053,529 1248,529 1264,540 1299,540 1316,529 1382,529 1396,529 1430,529 1445,529 1498,529 1498,573 1445,573 1430,564 1396,564 1382,564 1316,564 1299,573 1264,573 1248,573 1053,573 1037,564 976,564 958,573 809,573 793,573 722,573 698,564 604,564 580,564 528,564 486,572 318,572 318,529"/>
<Baseline points="318,572 486,572 528,564 580,564 604,564 698,564 722,573 793,573 809,573 958,573 976,564 1037,564 1053,573 1248,573 1264,573 1299,573 1316,564 1382,564 1396,564 1430,564 1445,573 1498,573"/>
<TextEquiv><Unicode>vorſtellen. So treten nach Wilhelm von Champeaux zu dem in ſich</Unicode></TextEquiv>
</TextLine>

<TextLine id="line_5">
<Coords points="321,587 447,587 469,587 560,587 590,587 685,587 714,587 850,587 882,587 933,587 958,586 1089,586 1113,586 1305,586 1340,588 1499,588 1499,632 1340,632 1305,631 1113,631 1089,630 958,630 933,622 882,622 850,628 714,628 685,631 590,631 560,631 469,631 447,631 321,631 321,587"/>
<Baseline points="321,631 447,631 469,631 560,631 590,631 685,631 714,628 850,628 882,622 933,622 958,630 1089,630 1113,631 1305,631 1340,632 1499,632"/>
<TextEquiv><Unicode>gleichen Stoff zuerſt Formen der oberſten Gattungen, innerhalb</Unicode></TextEquiv>
</TextLine>

<TextLine id="line_6">
<Coords points="318,644 398,644 416,644 563,644 580,645 681,645 698,644 803,644 821,645 865,645 884,644 1023,644 1039,656 1075,656 1093,646 1187,646 1205,645 1345,645 1362,645 1499,645 1499,682 1362,682 1345,688 1205,688 1187,680 1093,680 1075,689 1039,689 1023,688 884,688 865,679 821,679 803,687 698,687 681,688 580,688 563,688 416,688 398,688 318,688 318,644"/>
<Baseline points="318,688 398,688 416,688 563,688 580,688 681,688 698,687 803,687 821,679 865,679 884,688 1023,688 1039,689 1075,689 1093,680 1187,680 1205,688 1345,688 1362,682 1499,682"/>
<TextEquiv><Unicode>jeder derſelben ſolche, welche die Gattung zu Arten gliedern, abwärts</Unicode></TextEquiv>
</TextLine>

<TextLine id="line_7">
<Coords points="318,702 369,702 386,702 583,702 607,702 751,702 766,704 800,704 841,702 900,702 924,702 1066,702 1091,702 1258,702 1282,704 1365,704 1389,704 1500,704 1500,747 1389,747 1365,738 1282,738 1258,746 1091,746 1066,737 924,737 900,737 841,737 800,743 766,743 751,746 607,746 583,742 386,742 369,737 318,737 318,702"/>
<Baseline points="318,737 369,737 386,742 583,742 607,746 751,746 766,743 800,743 841,737 900,737 924,737 1066,737 1091,746 1258,746 1282,738 1365,738 1389,747 1500,747"/>
<TextEquiv><Unicode>bis Individuen entſtehen . Die Anderen verwarfen einen ſolchen</Unicode></TextEquiv>
</TextLine>

<TextLine id="line_8">
<Coords points="317,759 418,759 443,759 563,759 587,759 727,759 750,759 970,759 994,759 1057,759 1082,760 1247,760 1278,760 1331,760 1362,761 1419,761 1450,761 1500,761 1500,796 1450,796 1419,797 1362,797 1331,804 1278,804 1247,804 1082,804 1057,795 994,795 970,803 750,803 727,804 587,804 563,803 443,803 418,795 317,795 317,759"/>
<Baseline points="317,795 418,795 443,803 563,803 587,804 727,804 750,803 970,803 994,795 1057,795 1082,804 1247,804 1278,804 1331,804 1362,797 1419,797 1450,796 1500,796"/>
<TextEquiv><Unicode>realen Proceß logiſcher Specifikation und begnügten ſich mit der</Unicode></TextEquiv>
</TextLine>

<TextLine id="line_9">
<Coords points="318,817 465,817 468,818 586,818 601,818 702,818 724,817 899,817 915,818 1054,818 1071,818 1137,818 1154,819 1309,819 1325,819 1500,819 1500,862 1325,862 1309,862 1154,862 1137,853 1071,853 1054,862 915,862 899,861 724,861 702,853 601,853 586,853 468,853 465,861 318,861 318,817"/>
<Baseline points="318,861 465,861 468,853 586,853 601,853 702,853 724,861 899,861 915,862 1054,862 1071,853 1137,853 1154,862 1309,862 1325,862 1500,862"/>
<TextEquiv><Unicode>Annahme einer realen Beziehung zwiſchen dem göttlichen Verſtande,</Unicode></TextEquiv>
</TextLine>

<TextLine id="line_10">
<Coords points="318,875 352,875 377,875 514,875 537,875 583,875 608,876 742,876 766,875 912,875 947,876 998,876 1021,876 1230,876 1263,877 1313,877 1342,877 1380,877 1412,877 1499,877 1499,920 1412,920 1380,920 1342,920 1313,912 1263,912 1230,919 1021,919 998,911 947,911 912,920 766,920 742,918 608,918 583,910 537,910 514,919 377,919 352,910 318,910 318,875"/>
<Baseline points="318,910 352,910 377,919 514,919 537,910 583,910 608,918 742,918 766,920 912,920 947,911 998,911 1021,919 1230,919 1263,912 1313,912 1342,920 1380,920 1412,920 1499,920"/>
<TextEquiv><Unicode>in welchem die Formen wohnen, der Wirklichkeit, der ſie durch</Unicode></TextEquiv>
</TextLine>

<TextLine id="line_11">
<Coords points="319,933 373,933 396,933 572,933 596,933 672,933 703,933 766,933 791,933 857,933 879,933 1085,933 1110,934 1293,934 1326,934 1414,934 1446,935 1500,935 1500,970 1446,970 1414,978 1326,978 1293,979 1110,979 1085,978 879,978 857,968 791,968 766,968 703,968 672,976 596,976 572,977 396,977 373,977 319,977 319,933"/>
<Baseline points="319,977 373,977 396,977 572,977 596,976 672,976 703,968 766,968 791,968 857,968 879,978 1085,978 1110,979 1293,979 1326,978 1414,978 1446,970 1500,970"/>
<TextEquiv><Unicode>ihn eingebildet ſind, und dem menſchlichen Verſtande, durch den</Unicode></TextEquiv>
</TextLine>

<TextLine id="line_12">
<Coords points="318,991 356,991 381,1002 421,1002 446,992 502,992 517,990 643,990 667,992 913,992 930,992 1049,992 1065,993 1177,993 1190,993 1226,993 1266,992 1332,992 1347,993 1499,993 1499,1028 1347,1028 1332,1028 1266,1028 1226,1034 1190,1034 1177,1028 1065,1028 1049,1027 930,1027 913,1035 667,1035 643,1035 517,1035 502,1026 446,1026 421,1026 381,1026 356,1031 318,1031 318,991"/>
<Baseline points="318,1031 356,1031 381,1026 421,1026 446,1026 502,1026 517,1035 643,1035 667,1035 913,1035 930,1027 1049,1027 1065,1028 1177,1028 1190,1034 1226,1034 1266,1028 1332,1028 1347,1028 1499,1028"/>
<TextEquiv><Unicode>ſie an den Dingen herausgehoben werden können . Der Nomina-</Unicode></TextEquiv>
</TextLine>

<TextLine id="line_13">
<Coords points="319,1049 438,1049 462,1049 569,1049 595,1049 650,1049 675,1048 893,1048 909,1049 1069,1049 1092,1050 1173,1050 1196,1051 1304,1051 1319,1050 1416,1050 1439,1058 1500,1058 1500,1086 1439,1086 1416,1095 1319,1095 1304,1086 1196,1086 1173,1085 1092,1085 1069,1093 909,1093 893,1093 675,1093 650,1084 595,1084 569,1084 462,1084 438,1085 319,1085 319,1049"/>
<Baseline points="319,1085 438,1085 462,1084 569,1084 595,1084 650,1084 675,1093 893,1093 909,1093 1069,1093 1092,1085 1173,1085 1196,1086 1304,1086 1319,1095 1416,1095 1439,1086 1500,1086"/>
<TextEquiv><Unicode>lismus bildete den gemeinſamen Charakter einer dritten Klaſſe von</Unicode></TextEquiv>
</TextLine>

<TextLine id="line_14">
<Coords points="319,1106 526,1106 547,1127 586,1127 607,1106 681,1106 698,1107 844,1107 860,1107 950,1107 975,1107 1037,1107 1054,1107 1241,1107 1258,1116 1324,1116 1340,1109 1501,1109 1501,1152 1340,1152 1324,1143 1258,1143 1241,1151 1054,1151 1037,1142 975,1142 950,1149 860,1149 844,1150 698,1150 681,1142 607,1142 586,1130 547,1130 526,1142 319,1142 319,1106"/>
<Baseline points="319,1142 526,1142 547,1130 586,1130 607,1142 681,1142 698,1150 844,1150 860,1149 950,1149 975,1142 1037,1142 1054,1151 1241,1151 1258,1143 1324,1143 1340,1152 1501,1152"/>
<TextEquiv><Unicode>Dialektikern. — Das Schickſal dieſer drei Richtungen war weſentlich</Unicode></TextEquiv>
</TextLine>

<TextLine id="line_15">
<Coords points="320,1164 442,1164 466,1164 555,1164 579,1164 630,1164 660,1164 846,1164 877,1176 931,1176 962,1163 1100,1163 1133,1165 1184,1165 1216,1165 1387,1165 1443,1165 1502,1165 1502,1201 1443,1201 1387,1210 1216,1210 1184,1200 1133,1200 1100,1208 962,1208 931,1209 877,1209 846,1208 660,1208 630,1208 579,1208 555,1208 466,1208 442,1209 320,1209 320,1164"/>
<Baseline points="320,1209 442,1209 466,1208 555,1208 579,1208 630,1208 660,1208 846,1208 877,1209 931,1209 962,1208 1100,1208 1133,1200 1184,1200 1216,1210 1387,1210 1443,1201 1502,1201"/>
<TextEquiv><Unicode>bedingt durch ihr Verhältniß zur Aufgabe der Theologie. Die</Unicode></TextEquiv>
</TextLine>

<TextLine id="line_16">
<Coords points="319,1223 390,1223 413,1222 528,1222 549,1222 605,1222 622,1222 670,1222 688,1222 859,1222 882,1223 1064,1223 1087,1223 1248,1223 1272,1223 1426,1223 1449,1225 1501,1225 1501,1266 1449,1266 1426,1267 1272,1267 1248,1266 1087,1266 1064,1266 882,1266 859,1258 688,1258 670,1265 622,1265 605,1257 549,1257 528,1263 413,1263 390,1265 319,1265 319,1223"/>
<Baseline points="319,1265 390,1265 413,1263 528,1263 549,1257 605,1257 622,1265 670,1265 688,1258 859,1258 882,1266 1064,1266 1087,1266 1248,1266 1272,1267 1426,1267 1449,1266 1501,1266"/>
<TextEquiv><Unicode>erſte mußte, wie ihr Abälard’s Scharfſinn nachwies, folgerecht auf</Unicode></TextEquiv>
</TextLine>

<TextLine id="line_17">
<Coords points="320,1280 366,1280 389,1279 565,1279 589,1279 711,1279 734,1280 879,1280 904,1280 1062,1280 1085,1280 1147,1280 1164,1280 1260,1280 1276,1282 1328,1282 1343,1281 1398,1281 1414,1281 1499,1281 1499,1323 1414,1323 1398,1315 1343,1315 1328,1323 1276,1323 1260,1329 1164,1329 1147,1315 1085,1315 1062,1323 904,1323 879,1321 734,1321 711,1323 589,1323 565,1323 389,1323 366,1315 320,1315 320,1280"/>
<Baseline points="320,1315 366,1315 389,1323 565,1323 589,1323 711,1323 734,1321 879,1321 904,1323 1062,1323 1085,1315 1147,1315 1164,1329 1260,1329 1276,1323 1328,1323 1343,1315 1398,1315 1414,1323 1499,1323"/>
<TextEquiv><Unicode>die weſenhafte Einheit derſelben Subſtanz und damit auf den Pan-</Unicode></TextEquiv>
</TextLine>

<TextLine id="line_18">
<Coords points="319,1337 473,1337 490,1337 597,1337 613,1338 648,1338 687,1337 746,1337 763,1337 836,1337 855,1337 1011,1337 1028,1337 1074,1337 1097,1338 1344,1338 1363,1338 1499,1338 1499,1383 1363,1383 1344,1382 1097,1382 1074,1373 1028,1373 1011,1380 855,1380 836,1382 763,1382 746,1372 687,1372 648,1380 613,1380 597,1381 490,1381 473,1382 319,1382 319,1337"/>
<Baseline points="319,1382 473,1382 490,1381 597,1381 613,1380 648,1380 687,1372 746,1372 763,1382 836,1382 855,1380 1011,1380 1028,1373 1074,1373 1097,1382 1344,1382 1363,1383 1499,1383"/>
<TextEquiv><Unicode>theismus führen . Die letzte derſelben, die nominaliſtiſche Theorie,</Unicode></TextEquiv>
</TextLine>

<TextLine id="line_19">
<Coords points="321,1396 430,1396 453,1395 505,1395 531,1396 580,1396 613,1406 688,1406 718,1395 861,1395 894,1395 945,1395 976,1396 1139,1396 1172,1396 1222,1396 1255,1396 1436,1396 1464,1408 1501,1408 1501,1441 1464,1441 1436,1440 1255,1440 1222,1432 1172,1432 1139,1440 976,1440 945,1431 894,1431 861,1439 718,1439 688,1439 613,1439 580,1431 531,1431 505,1439 453,1439 430,1431 321,1431 321,1396"/>
<Baseline points="321,1431 430,1431 453,1439 505,1439 531,1431 580,1431 613,1439 688,1439 718,1439 861,1439 894,1431 945,1431 976,1440 1139,1440 1172,1432 1222,1432 1255,1440 1436,1440 1464,1441 1501,1441"/>
<TextEquiv><Unicode>erwies ſich als ganz unfähig, der Theologie als Grundlage zu</Unicode></TextEquiv>
</TextLine>

<TextLine id="line_20">
<Coords points="320,1453 434,1453 459,1453 510,1453 542,1453 580,1453 611,1453 644,1453 668,1454 764,1454 786,1452 921,1452 946,1453 1099,1453 1131,1464 1167,1464 1202,1453 1253,1453 1286,1455 1412,1455 1443,1455 1501,1455 1501,1489 1443,1489 1412,1490 1286,1490 1253,1489 1202,1489 1167,1498 1131,1498 1099,1489 946,1489 921,1496 786,1496 764,1488 668,1488 644,1488 611,1488 580,1495 542,1495 510,1488 459,1488 434,1495 320,1495 320,1453"/>
<Baseline points="320,1495 434,1495 459,1488 510,1488 542,1495 580,1495 611,1488 644,1488 668,1488 764,1488 786,1496 921,1496 946,1489 1099,1489 1131,1498 1167,1498 1202,1489 1253,1489 1286,1490 1412,1490 1443,1489 1501,1489"/>
<TextEquiv><Unicode>dienen, bis ſie in einem ſpäteren Stadium zu der inneren Er-</Unicode></TextEquiv>
</TextLine>

<TextLine id="line_21">
<Coords points="319,1511 452,1511 475,1512 509,1512 532,1510 706,1510 730,1510 823,1510 845,1512 960,1512 1007,1511 1080,1511 1108,1518 1176,1518 1205,1511 1256,1511 1280,1512 1412,1512 1443,1517 1502,1517 1502,1547 1443,1547 1412,1553 1280,1553 1256,1546 1205,1546 1176,1546 1108,1546 1080,1547 1007,1547 960,1546 845,1546 823,1556 730,1556 706,1555 532,1555 509,1547 475,1547 452,1556 319,1556 319,1511"/>
<Baseline points="319,1556 452,1556 475,1547 509,1547 532,1555 706,1555 730,1556 823,1556 845,1546 960,1546 1007,1547 1080,1547 1108,1546 1176,1546 1205,1546 1256,1546 1280,1553 1412,1553 1443,1547 1502,1547"/>
<TextEquiv><Unicode>fahrung in Beziehung geſetzt wurde. Das war der Grund, aus</Unicode></TextEquiv>
</TextLine>

<TextLine id="line_22">
<Coords points="321,1570 460,1570 483,1570 522,1570 544,1569 578,1569 602,1568 707,1568 724,1569 816,1569 831,1569 991,1569 1009,1570 1063,1570 1080,1569 1347,1569 1361,1569 1501,1569 1501,1607 1361,1607 1347,1613 1080,1613 1063,1605 1009,1605 991,1612 831,1612 816,1612 724,1612 707,1613 602,1613 578,1604 544,1604 522,1613 483,1613 460,1612 321,1612 321,1570"/>
<Baseline points="321,1612 460,1612 483,1613 522,1613 544,1604 578,1604 602,1613 707,1613 724,1612 816,1612 831,1612 991,1612 1009,1605 1063,1605 1080,1613 1347,1613 1361,1607 1501,1607"/>
<TextEquiv><Unicode>welchem ſie in dieſem erſten Zeitraum des mittelalterlichen Denkens</Unicode></TextEquiv>
</TextLine>

<TextLine id="line_23">
<Coords points="320,1627 374,1627 398,1627 477,1627 499,1627 669,1627 691,1627 805,1627 854,1627 976,1627 999,1628 1068,1628 1092,1628 1143,1628 1166,1627 1424,1627 1449,1629 1502,1629 1502,1664 1449,1664 1424,1664 1166,1664 1143,1661 1092,1661 1068,1670 999,1670 976,1670 854,1670 805,1662 691,1662 669,1670 499,1670 477,1669 398,1669 374,1670 320,1670 320,1627"/>
<Baseline points="320,1670 374,1670 398,1669 477,1669 499,1670 669,1670 691,1662 805,1662 854,1670 976,1670 999,1670 1068,1670 1092,1661 1143,1661 1166,1664 1424,1664 1449,1664 1502,1664"/>
<TextEquiv><Unicode>ſich nicht behaupten konnte. Sprach doch der Nominalismus des</Unicode></TextEquiv>
</TextLine>

<TextLine id="line_24">
<Coords points="322,1684 515,1684 540,1684 618,1684 642,1695 703,1695 726,1686 777,1686 799,1684 973,1684 992,1685 1044,1685 1066,1685 1263,1685 1284,1696 1336,1696 1354,1685 1502,1685 1502,1729 1354,1729 1336,1729 1284,1729 1263,1729 1066,1729 1044,1719 992,1719 973,1729 799,1729 777,1719 726,1719 703,1719 642,1719 618,1728 540,1728 515,1728 322,1728 322,1684"/>
<Baseline points="322,1728 515,1728 540,1728 618,1728 642,1719 703,1719 726,1719 777,1719 799,1729 973,1729 992,1719 1044,1719 1066,1729 1263,1729 1284,1729 1336,1729 1354,1729 1502,1729"/>
<TextEquiv><Unicode>Roſcellinus nicht nur der Beziehung des Einzeldings zur Gattung,</Unicode></TextEquiv>
</TextLine>

<TextLine id="line_25">
<Coords points="320,1742 450,1742 474,1743 545,1743 571,1742 623,1742 646,1742 700,1742 726,1742 834,1742 857,1753 925,1753 950,1742 1075,1742 1109,1742 1170,1742 1203,1742 1338,1742 1370,1743 1503,1743 1503,1787 1370,1787 1338,1786 1203,1786 1170,1786 1109,1786 1075,1787 950,1787 925,1786 857,1786 834,1786 726,1786 700,1777 646,1777 623,1777 571,1777 545,1785 474,1785 450,1786 320,1786 320,1742"/>
<Baseline points="320,1786 450,1786 474,1785 545,1785 571,1777 623,1777 646,1777 700,1777 726,1786 834,1786 857,1786 925,1786 950,1787 1075,1787 1109,1786 1170,1786 1203,1786 1338,1786 1370,1787 1503,1787"/>
<TextEquiv><Unicode>ſondern auch der des Theils zum Ganzen jede objektive Geltung</Unicode></TextEquiv>
</TextLine>

<TextLine id="line_26">
<Coords points="323,1800 370,1800 416,1801 493,1801 516,1800 639,1800 663,1800 733,1800 753,1800 807,1800 831,1800 935,1800 959,1801 1087,1801 1116,1801 1301,1801 1334,1801 1385,1801 1415,1812 1503,1812 1503,1845 1415,1845 1385,1836 1334,1836 1301,1844 1116,1844 1087,1844 959,1844 935,1843 831,1843 807,1843 753,1843 733,1834 663,1834 639,1843 516,1843 493,1835 416,1835 370,1835 323,1835 323,1800"/>
<Baseline points="323,1835 370,1835 416,1835 493,1835 516,1843 639,1843 663,1834 733,1834 753,1843 807,1843 831,1843 935,1843 959,1844 1087,1844 1116,1844 1301,1844 1334,1836 1385,1836 1415,1845 1503,1845"/>
<TextEquiv><Unicode>ab. Nun beruhte aber auf dieſem letzteren Verhältniß der ganze</Unicode></TextEquiv>
</TextLine>

<TextLine id="line_27">
<Coords points="322,1857 593,1857 618,1857 671,1857 697,1857 853,1857 878,1858 1094,1858 1119,1858 1176,1858 1199,1869 1229,1869 1253,1858 1299,1858 1323,1858 1503,1858 1503,1903 1323,1903 1299,1893 1253,1893 1229,1893 1199,1893 1176,1893 1119,1893 1094,1902 878,1902 853,1901 697,1901 671,1893 618,1893 593,1901 322,1901 322,1857"/>
<Baseline points="322,1901 593,1901 618,1893 671,1893 697,1901 853,1901 878,1902 1094,1902 1119,1893 1176,1893 1199,1893 1229,1893 1253,1893 1299,1893 1323,1903 1503,1903"/>
<TextEquiv><Unicode>Zuſammenhang des göttlichen Heilsplanes, wie er die Grundlage</Unicode></TextEquiv>
</TextLine>

</TextRegion>
<TextRegion id="block_1" custom="structure {type:pageNum;}">
<Coords points="317,209 317,241 383,241 383,209 317,209"/>
<TextLine id="line_28">
<Coords points="317,209 383,209 383,241 317,241 317,209"/>
<Baseline points="317,241 383,241"/>
<TextEquiv><Unicode>350</Unicode></TextEquiv>
</TextLine>

</TextRegion>
<TextRegion id="block_2" custom="structure {type:header;}">
<Coords points="642,208 642,243 1175,243 1175,208 642,208"/>
<TextLine id="line_29">
<Coords points="642,208 761,208 781,208 864,208 903,208 1010,208 1029,208 1175,208 1175,243 1029,243 1010,237 903,237 864,243 781,243 761,243 642,243 642,208"/>
<Baseline points="642,243 761,243 781,243 864,243 903,237 1010,237 1029,243 1175,243"/>
<TextEquiv><Unicode>Zweites Buch. Dritter Abſchnitt.</Unicode></TextEquiv>
</TextLine>

</TextRegion>
<TextRegion id="block_3" custom="structure {type:note;}">
<Coords points="459,1965 459,2002 459,2009 322,2009 322,2045 323,2053 323,2090 325,2099 325,2135 325,2141 449,2141 449,2179 452,2187 452,2223 452,2231 324,2231 324,2267 324,2275 324,2312 1014,2312 1014,2275 1503,2275 1503,2267 1503,2231 1503,2223 1503,2187 1503,2179 1503,2141 811,2141 811,2135 811,2099 1502,2099 1502,2090 1502,2053 1502,2045 1502,2009 1501,2002 1501,1965 459,1965"/>
<TextLine id="line_30">
<Coords points="459,1966 565,1966 587,1965 704,1965 727,1974 746,1974 768,1965 803,1965 825,1965 859,1965 886,1965 1021,1965 1047,1969 1163,1969 1188,1965 1200,1965 1226,1975 1246,1975 1274,1966 1307,1966 1320,1965 1347,1965 1367,1976 1393,1976 1412,1967 1501,1967 1501,2001 1412,2001 1393,2002 1367,2002 1347,2001 1320,2001 1307,1993 1274,1993 1246,1992 1226,1992 1200,1992 1188,1992 1163,1993 1047,1993 1021,1993 886,1993 859,1994 825,1994 803,1994 768,1994 746,2000 727,2000 704,2000 587,2000 565,1994 459,1994 459,1966"/>
<Baseline points="459,1994 565,1994 587,2000 704,2000 727,2000 746,2000 768,1994 803,1994 825,1994 859,1994 886,1993 1021,1993 1047,1993 1163,1993 1188,1992 1200,1992 1226,1992 1246,1992 1274,1993 1307,1993 1320,2001 1347,2001 1367,2002 1393,2002 1412,2001 1501,2001"/>
<TextEquiv><Unicode>Scotus Erigena z. B. de divisione naturae I c. 29 ff. p. 475 B,</Unicode></TextEquiv>
</TextLine>

<TextLine id="line_31">
<Coords points="322,2010 361,2010 381,2020 403,2020 419,2011 437,2011 456,2020 483,2020 499,2011 566,2011 588,2009 720,2009 741,2016 793,2016 815,2010 987,2010 1006,2010 1068,2010 1090,2010 1143,2010 1167,2010 1271,2010 1292,2011 1320,2011 1341,2012 1384,2012 1399,2010 1502,2010 1502,2045 1399,2045 1384,2039 1341,2039 1320,2038 1292,2038 1271,2044 1167,2044 1143,2037 1090,2037 1068,2044 1006,2044 987,2043 815,2043 793,2037 741,2037 720,2043 588,2043 566,2044 499,2044 483,2045 456,2045 437,2037 419,2037 403,2037 381,2037 361,2037 322,2037 322,2010"/>
<Baseline points="322,2037 361,2037 381,2037 403,2037 419,2037 437,2037 456,2045 483,2045 499,2044 566,2044 588,2043 720,2043 741,2037 793,2037 815,2043 987,2043 1006,2044 1068,2044 1090,2037 1143,2037 1167,2044 1271,2044 1292,2038 1320,2038 1341,2039 1384,2039 1399,2045 1502,2045"/>
<TextEquiv><Unicode>IV c. 4 p. 748; Wilhelm von Champeaux nach dem Bericht in der Schrift</Unicode></TextEquiv>
</TextLine>

<TextLine id="line_32">
<Coords points="323,2055 357,2055 383,2055 532,2055 557,2056 704,2056 730,2054 832,2054 859,2053 1011,2053 1036,2063 1062,2063 1090,2053 1204,2053 1229,2063 1255,2063 1285,2054 1362,2054 1391,2054 1445,2054 1473,2054 1502,2054 1502,2083 1473,2083 1445,2083 1391,2083 1362,2089 1285,2089 1255,2089 1229,2089 1204,2089 1090,2089 1062,2089 1036,2089 1011,2082 859,2082 832,2082 730,2082 704,2089 557,2089 532,2090 383,2090 357,2083 323,2083 323,2055"/>
<Baseline points="323,2083 357,2083 383,2090 532,2090 557,2089 704,2089 730,2082 832,2082 859,2082 1011,2082 1036,2089 1062,2089 1090,2089 1204,2089 1229,2089 1255,2089 1285,2089 1362,2089 1391,2083 1445,2083 1473,2083 1502,2083"/>
<TextEquiv><Unicode>de generibus (ouvrages inédits d’Abélard p. Cousin) p. 513 f. und in</Unicode></TextEquiv>
</TextLine>

<TextLine id="line_33">
<Coords points="325,2099 474,2099 495,2100 576,2100 596,2100 608,2100 630,2108 651,2108 672,2099 688,2099 708,2108 734,2108 753,2100 811,2100 811,2126 753,2126 734,2134 708,2134 688,2126 672,2126 651,2126 630,2126 608,2126 596,2126 576,2135 495,2135 474,2128 325,2128 325,2099"/>
<Baseline points="325,2128 474,2128 495,2135 576,2135 596,2126 608,2126 630,2126 651,2126 672,2126 688,2126 708,2134 734,2134 753,2126 811,2126"/>
<TextEquiv><Unicode>Abälard’s epist. I c. 2 p. 119.</Unicode></TextEquiv>
</TextLine>

<TextLine id="line_34">
<Coords points="449,2143 490,2143 501,2142 582,2142 594,2143 698,2143 710,2143 843,2143 853,2143 907,2143 918,2142 1089,2142 1101,2142 1137,2142 1148,2143 1266,2143 1277,2141 1305,2141 1317,2152 1338,2152 1349,2142 1416,2142 1426,2142 1503,2142 1503,2170 1426,2170 1416,2178 1349,2178 1338,2170 1317,2170 1305,2169 1277,2169 1266,2178 1148,2178 1137,2170 1101,2170 1089,2170 918,2170 907,2178 853,2178 843,2177 710,2177 698,2179 594,2179 582,2177 501,2177 490,2178 449,2178 449,2143"/>
<Baseline points="449,2178 490,2178 501,2177 582,2177 594,2179 698,2179 710,2177 843,2177 853,2178 907,2178 918,2170 1089,2170 1101,2170 1137,2170 1148,2178 1266,2178 1277,2169 1305,2169 1317,2170 1338,2170 1349,2178 1416,2178 1426,2170 1503,2170"/>
<TextEquiv><Unicode>Zu ihnen gehörte Abälard, vgl. introductio ad theolog. II c. 13 p. 1070.</Unicode></TextEquiv>
</TextLine>

<TextLine id="line_35">
<Coords points="452,2187 496,2187 512,2188 559,2188 574,2188 715,2188 732,2196 816,2196 828,2187 1014,2187 1031,2187 1092,2187 1108,2187 1160,2187 1178,2187 1289,2187 1307,2192 1360,2192 1374,2187 1503,2187 1503,2221 1374,2221 1360,2214 1307,2214 1289,2222 1178,2222 1160,2215 1108,2215 1092,2221 1031,2221 1014,2223 828,2223 816,2223 732,2223 715,2222 574,2222 559,2215 512,2215 496,2221 452,2221 452,2187"/>
<Baseline points="452,2221 496,2221 512,2215 559,2215 574,2222 715,2222 732,2223 816,2223 828,2223 1014,2223 1031,2221 1092,2221 1108,2215 1160,2215 1178,2222 1289,2222 1307,2214 1360,2214 1374,2221 1503,2221"/>
<TextEquiv><Unicode>In den glossulae super Porphyrium nach dem Auszug von Rémuſat</Unicode></TextEquiv>
</TextLine>

<TextLine id="line_36">
<Coords points="324,2232 448,2232 469,2232 496,2232 515,2241 541,2241 564,2231 607,2231 648,2232 725,2232 745,2233 802,2233 823,2231 862,2231 882,2231 987,2231 1009,2231 1213,2231 1236,2231 1315,2231 1335,2231 1503,2231 1503,2264 1335,2264 1315,2265 1236,2265 1213,2265 1009,2265 987,2266 882,2266 862,2259 823,2259 802,2259 745,2259 725,2266 648,2266 607,2259 564,2259 541,2267 515,2267 496,2258 469,2258 448,2260 324,2260 324,2232"/>
<Baseline points="324,2260 448,2260 469,2258 496,2258 515,2267 541,2267 564,2259 607,2259 648,2266 725,2266 745,2259 802,2259 823,2259 862,2259 882,2266 987,2266 1009,2265 1213,2265 1236,2265 1315,2265 1335,2264 1503,2264"/>
<TextEquiv><Unicode>Abälard II p. 98. Dazu trat die logiſche Unhaltbarkeit dieſes Realismus,</Unicode></TextEquiv>
</TextLine>

<TextLine id="line_37">
<Coords points="324,2276 415,2276 435,2275 469,2275 489,2276 637,2276 658,2286 683,2286 705,2275 793,2275 815,2276 955,2276 976,2275 1014,2275 1014,2310 976,2310 955,2304 815,2304 793,2311 705,2311 683,2312 658,2312 637,2310 489,2310 469,2304 435,2304 415,2308 324,2308 324,2276"/>
<Baseline points="324,2308 415,2308 435,2304 469,2304 489,2310 637,2310 658,2312 683,2312 705,2311 793,2311 815,2304 955,2304 976,2310 1014,2310"/>
<TextEquiv><Unicode>welche de generibus p. 514 ff. entwickelt iſt.</Unicode></TextEquiv>
</TextLine>

</TextRegion>
</Page>
</PcGts>