1600 2432
122 267 1302 313 dar, daß wir alle überhaupt möglichen Sinne beſitzen , ſonach
122 324 1302 370 die geſammte Realität auch durch unſere Sinne aufgefaßt wird,
122 382 1303 428 und dieſe Ueberzeugung kann als der Schlußſtein ſeines objektiven
123 440 1302 486 Realismus betrachtet werden. Wie das Sinnesorgan zum Wahr-
122 498 1302 544 nehmbaren, ſo verhält ſich alsdann die Vernunft, der Nus, zum
123 555 1301 601 Denkbaren. Dem entſprechend erfaßt auch die Vernunft die Prin-
122 614 1301 660 zipien durch eine unmittelbare Anſchauung, welche jeden Irrthum
123 672 1301 718 ausſchließt ; ein ſolches Prinzip iſt das Denkgeſetz vom Wider-
121 729 1302 776 ſpruch. Aber weder der Umfang der im Nus angelegten Prinzi-
122 787 1301 834 pien der Erkenntniß noch die Stellung des von den Wahrnehmungen
122 844 1298 891 zurückſchreitenden, induktiven Vorgangs zu den urſprünglichen im Nus
124 903 1299 949 angelegten Begriffen und Axiomen gelangt ſchließlich zur Klarheit.
211 969 1300 1014 Dieſer objektive Standpunkt des Ariſtoteles repräſentirt die
123 1028 1299 1073 natürliche Stellung der Intelligenz des Menſchen zum Kosmos.
122 1085 1299 1131 Und zwar war es nun zweitens durch das Stadium, in welchem
119 1143 1298 1188 zu der Zeit des Ariſtoteles die Wiſſenſchaft ſich befand, be-
120 1200 1297 1245 dingt, was die Intelligenz an dem Kosmos damals erkannte.
205 1267 1298 1313 Zwar hatte die Wiſſenſchaft des Kosmos von den Objekten die
115 1324 1297 1371 Betrachtung der allgemeinen Beziehungen losgelöſt, welche zwiſchen
115 1381 1297 1428 Zahlen, Raumgebilden herrſchen ; dagegen beſtand noch kein von
117 1440 1296 1487 den Objekten abſtrahirendes, abgeſondertes und in ſich zuſammen-
116 1497 1297 1543 hängendes Studium anderer Eigenſchaften derſelben, wie etwa der
119 1554 1296 1602 Bewegung, der Schwere oder des Lichtes. Die Schulen des Anaxa-
119 1613 1296 1661 goras, Leukipp und Demokrit neigten ſich einer theilweiſe oder
119 1672 1295 1719 ganz mechaniſchen Betrachtungsweiſe zu, doch haben auch ſie nur
116 1729 1294 1777 höchſt unbeſtimmte, unzuſammenhängende und theilweiſe irrige
115 1787 1294 1835 Vorſtellungen von Bewegung, Druck, Schwere etc. für ihre Er-
114 1846 1294 1892 klärung des Kosmos angewandt, und wir erkannten hierin den
116 1902 1295 1949 Grund, aus dem die mechaniſche Betrachtungsweiſe im Kampf mit
115 1960 1294 2007 derjenigen unterlag, welche die Formen mit pſychiſchen Weſen-
340 177 1087 215 Was der geiſtige Vorgang am Kosmos auffaßt.
1239 181 1304 214 245
248 2112 709 2150 de anima III, 1 p. 424 b 22.
250 2157 1293 2196 Vgl. den Schluß der in den beiden Analytiken uns vorliegenden
116 2201 931 2240 logiſchen Hauptſchrift Analyt. post. II, 19 p. 100 b.
250 2246 474 2282 Vgl. S. 181 f.
