1600 2432
298 252 1477 307 Herzen der Menſchen. Ihre Zeit iſt vergangen. Und das
299 311 1479 363 Schweigen des Todes ruht heute auf dem weiten Raum dieſer
300 377 437 413 Ruinen.
390 428 1481 477 Das chriſtliche Abendland, um Allzubekanntes nur zu
299 484 1482 537 berühren, rang von den Vätern ab vergeblich mit den Antinomien
300 541 1482 596 zwiſchen der Unveränderlichkeit Gottes und der Rückwirkung der
301 600 1481 652 menſchlichen Handlungen auf den göttlichen Willen, zwiſchen dem
302 658 1482 711 Vorherwiſſen der Handlungen in Gott und der Freiheit des
303 716 1482 768 Menſchen, ſie zu thun und zu laſſen, zwiſchen der Allmacht und
304 772 1484 825 dem menſchlichen Willen . Lange war im Abendlande das Ge-
304 831 1485 882 tümmel des pelagianiſchen Streites verhallt und die Willensfrei-
304 889 1486 941 heit, die Verantwortlichkeit des Menſchen, damit ſeine Selbſtän-
306 946 1487 1001 digkeit, waren der Tendenz der katholiſchen Kirche, alles Gute in der
305 1005 1486 1058 Menſchenwelt von Gott durch die Organe der Kirche herabfließend
304 1063 1486 1117 vorzuſtellen, bis auf einen ungenügenden Reſt zum Opfer gefallen,
307 1121 1487 1168 als in den Ländern des Islam derſelbe Streit ausbrach.
307 1178 1488 1228 Die Rationaliſten des Islam, die Mutaziliten , gingen von den
307 1237 1486 1288 inneren Problemen der Religion aus, wenn ſie auch alsdann für
309 1293 1486 1345 deren Löſung die griechiſche Wiſſenſchaft zu Hilfe nahmen, ja viel-
308 1349 1488 1405 leicht von der Theologie und den Sekten der Chriſten mit beeinflußt
308 1408 1489 1461 waren . Durch den Koran zieht ſich der Widerſpruch zwiſchen
297 174 364 208 354
612 166 1148 205 Zweites Buch. Dritter Abſchnitt.
446 1561 1489 1602 Nach dem Streit, in welchem Gottſchalk vermittelſt des Begriffs
311 1607 1491 1645 der Unveränderlichkeit Gottes die Freiheit des Menſchen aufhob, Scotus
311 1650 1491 1693 Erigena ſie mit der Nothwendigkeit in eins ſetzte, hat Anſelm dies Problem
311 1695 1492 1735 in den zwei Schriften de libero arbitrio und de concordia praescientiae
312 1740 1306 1781 et praedestinationis cum libero arbitrio am tiefſten behandelt.
449 1784 1494 1823 Mutazila bezeichnet eine von einer größeren Geſammtheit ſich ab-
313 1829 1494 1867 trennende Schaar, eine Sekte. Der Name wurde auf die bedeutendſte unter
313 1871 1491 1911 den Sekten des Islam übertragen. Vgl. Steiner, die Mutaziliten S. 24 ff.
313 1917 1493 1957 Nach dem Inhalte des Streites angeſehen, wurden die Vertheidiger der
314 1961 1494 2003 menſchlichen Willensfreiheit Kadarija genannt. Vgl. ebdſ. 26 ff. und Munk
313 2006 1494 2047 Mélanges de philosophie juive et arabe p. 310. Bericht über ſie in
315 2050 1496 2091 Schahraſtanis Religionsparteien und Philoſophenſchulen, überſetzt von Haar-
314 2097 1023 2135 brücker I, 12 ff. 40 ff. 84 ff. II, 386 ff. 393 ff.
456 2139 1498 2179 Die Vergleichung des Sektenlebens hüben und drüben drängt dieſe
316 2184 1498 2224 Anſicht auf und die hiſtoriſchen Verhältniſſe machen ſie wahrſcheinlich.
317 2232 702 2267 Munk Mélanges p. 312.
