1600 2432
198 252 1288 303 Dieſe Begründung der Lehre von ſeeliſchen Subſtanzen iſt
109 311 1288 359 von Auguſtinus durch ſeinen erkenntnißtheoretiſchen
110 368 1287 418 Geſichtspunkt vertieft und befeſtigt worden. Er erklärt: „ich
110 426 1289 476 wage zu behaupten, daß ich in Bezug auf die Immaterialität der
109 484 1289 533 Seele nicht nur glaube, ſondern ein ſtrenges Wiſſen habe“. Sein
107 541 1289 592 Wiſſen ſahen wir darin gegründet, daß die ganze Erkenntniß der
107 600 1287 647 Außenwelt dem Skepticismus, der auf dieſe Erkenntniß ſich bezieht,
107 658 1288 707 erliegen muß, dagegen die Selbſtgewißheit in der inneren Erfahrung
107 716 1288 765 aufgeht. Innere Erfahrung wird von ihm als ein Wiſſen erkannt,
106 773 1288 820 in dem uns bereits das ganze Seelenleben gegeben iſt, wann die
107 831 1288 880 Abſicht auftritt, deſſen Weſen zu erkennen. Der ſpezifiſche Unter-
106 889 1288 937 ſchied dieſer inneren Erfahrung von aller Erkenntniß des äußeren
107 947 1288 994 Naturlaufs wird ausgeſprochen und die Inferiorität dieſer letzteren
106 1004 1288 1054 für den Erkenntnißzuſammenhang wird durchſchaut. — Und zwar
108 1061 1289 1112 zeigt der Inhalt der inneren Erfahrung auch dem Auguſtinus die
107 1120 1287 1169 Unvergleichlichkeit des geiſtigen Lebens mit dem Naturlauf und
108 1176 1289 1228 ſonach die Unmöglichkeit einer Zurückführung der geiſtigen auf
108 1236 1290 1282 materielle Vorgänge. Das geiſtige Leben kann nicht als Qualität
108 1293 1290 1339 an dem Subjekt Körper aufgefaßt werden, denn man kann nicht
107 1351 1290 1398 die Leiſtungen des geiſtigen Lebens auf die eines materiellen
108 1408 1287 1457 Ganzen zurückführen. Insbeſondere unterſcheidet den Geiſt, daß
106 1465 1287 1513 er in jedem Punkte des Körpers ganz gegenwärtig iſt und die
108 1523 1289 1571 Empfindungen der Sinne zum Gegenſtande des Bewußtſeins, der
107 1582 1004 1631 Vergleichung und des Urtheils zu machen vermag.
196 1639 1288 1684 Die von den Neuplatonikern und dem an ſie ſich anſchließen-
108 1698 1289 1744 den Auguſtinus begründete Metaphyſik der Seelenſubſtanzen iſt
222 164 1163 205 Auguſtinus fügt eine erkenntnißtheoretiſche Unterlage hinzu.
1215 165 1281 198 399
106 1821 1288 1861 Argument aus dem ſinnlichen Gefühl p. 462. Denkt man ſich die einzelne
108 1864 1287 1902 Stelle, an welche ich den Schmerz verlege, ihn empfindend und eine Mitthei-
106 1909 1287 1949 lung dieſes Zuſtandes ſtattfindend, dann würden wir den Schmerz aller in
106 1953 1287 1993 Mitleidenſchaft gezogenen Stellen, alſo ein Vielfaches, fühlen. Geringer die
105 1998 1287 2037 Beweisführung aus dem Denken, der Tugend etc. — Ueber den nur nega-
106 2041 946 2081 tiven Werth des Schluſſes vgl. S. 11 ff. 487 f.
240 2086 863 2127 Auguſtinus de Gen. ad litt. XII c. 33.
240 2135 375 2170 S. 331 f.
241 2175 1285 2216 Belegſtellen aus Auguſtinus habe ich S. 332 angegeben, die Haupt-
110 2221 909 2260 darlegung war im erſten Buche de libero arbitrio.
