1600 2432
59 244 1242 290 unſere Sinne haben enge Grenzen der Empfindungsfähigkeit: hier-
62 302 1242 347 aus erklärte er den täuſchenden Schein qualitativer Veränderungen .
64 359 1243 404 Alsdann aber findet ſich ſchon bei Anaxagoras das Theorem von
64 417 1242 462 der Relativität der Größe, das die ſophiſtiſche Epoche in negativem
65 474 1241 520 Sinne ausgebeutet hat, und deſſen Tragweite ſpäter Hobbes ſelb-
64 533 1242 577 ſtändig entwickelte. Es ſcheint, daß Anaxagoras im Zuſammen-
64 590 1243 636 hang hiermit annahm, jeder für uns vorſtellbare kleinſte Theil ſei
64 649 1243 694 wiederum als ein Syſtem zu betrachten, das eine Vielheit von
64 707 1243 752 Theilen in ſich faſſe. Verſchiedene Experimente werden von ihm
64 764 1243 810 überliefert, durch welche er phyſikaliſche Grundvorſtellungen zu
65 822 1243 868 befeſtigen unternahm. Als Phyſiker in eminentem Sinne wurde
69 880 624 924 er von der Tradition bezeichnet.
155 937 1243 981 Vermittelſt einer gewagten Induktion übertrug er nun die
67 995 830 1041 Phyſik der Erde auf das Himmelsgewölbe.
155 1052 1243 1098 Am hellen Tage fand bei Aegos Potamoi der Fall eines
64 1111 1244 1157 ſehr großen Meteorſteines Statt. Anaxagoras ging davon aus,
63 1168 1242 1214 daß derſelbe aus der Geſtirnwelt ſtamme, und er ſchloß ſo aus
62 1226 1243 1271 dem Falle dieſes Meteorſteines auf die phyſiſche Gleichartigkeit des
61 1284 1244 1330 ganzen Weltgebäudes . Da er den Umlauf des Mondes um die
62 1342 1244 1387 Erde dieſer näher als den Umlauf der Sonne anſetzte und ent-
60 1399 1245 1444 ſprechend die Sonnenfinſterniſſe aus dem Zwiſchentreten des
56 1457 1245 1503 Mondes zwiſchen Erde und Sonne ableitete, ſo wird er auch aus
65 1515 1245 1560 den Sonnenfinſterniſſen geſchloſſen haben, daß der Mond eine
65 1573 1246 1619 große, dichte Maſſe ſein müſſe . Die Schlüſſe können nicht mehr
148 153 1132 192 Anaxagoras begründet den Monotheismus auf die Aſtronomie.
1172 155 1239 189 203
198 1653 1245 1689 Es iſt bemerkenswerth, daß das älteſte Experiment über Sinnes-
67 1697 1245 1734 täuſchungen, über das Nachricht auf uns gekommen iſt, von ihm in
65 1742 1246 1780 dieſem Zuſammenhang zum Beweis verwandt wurde. Setzt man dem
66 1786 1246 1824 Weiß tropfenweiſe eine dunkelfarbige Flüſſigkeit zu, ſo vermag unſere
66 1831 1246 1867 Sinnesempfindung die ſchrittweiſen Veränderungen der Färbung nicht zu
65 1874 1246 1912 unterſcheiden, obgleich in der Wirklichkeit dieſe Veränderungen ſtattfinden.
65 1919 1247 1956 Seine Paradoxie vom ſchwarzen Schnee gehört demſelben Zuſammenhang
64 1963 1081 2001 an. — Andere Experimente des Anaxagoras Ariſt. Phys. IV, 6.
199 2007 1246 2045 Dieſer Schluß des Anaxagoras aus Silenus erhalten bei Diogenes
66 2052 295 2088 Laert. II, 11 f.
154 2092 1246 2135 Zu dem Folgenden ſei bemerkt, daß gemäß dem Zweck der Darlegung
68 2141 1245 2178 davon abgeſehen iſt, ob Anaxagoras alle dieſe Theorien zuerſt aufge-
68 2186 209 2221 ſtellt hat.
202 2231 1246 2267 Hippol. philos. VIII, 9 (Diels 562): und zwar verbindet Hipp.
