1600 2647
208 303 1419 374 barkeit nach, einander gleich, ſo ſinkt die
212 370 1436 426 Strafe um ſo viele Grade, als der Zahl nach
196 429 1439 497 Requiſite mangeln; ſind ſie ungleich, ſo muſs
214 484 1444 551 die Beurtheilung der Gröſse der Strafbarkeit
216 548 1422 608 des fehlenden Requiſits den Grad beſtimmen,
215 607 1386 675 bis zu welchem die geſetzliche Strafe fällt .
341 779 1428 857 B. Die poſitive Geſetzgebung beſtimmt nur
222 855 1429 924 zwey allgemeine Milderungsgründe. Dieſe
202 909 1428 976 ſind: 1) wenn der Verbrecher auſſer der Strafe
221 971 1429 1040 durch die Staatsgewalt  ſchon andere unver-
212 1032 1432 1103 ſchuldete Uebel in Beziehung auf ſeine Uebertre-
224 1096 1434 1161 tung erlitten hat . Dahin gehört beſonders
222 1157 1433 1219 langes oder ſehr hartes unverſchuldetes Ge-
291 198 1322 272 I. Buch. II. Theil. II. Titel. II. Abſchnitt.
202 213 262 266 84
1289 2397 1432 2436 Unter-
1287 1217 1440 1283 fäng-
341 1295 1433 1369 Ausführlichere Beſtimmung und Erläuterung in
303 1365 1108 1419 Feuerbachs Rev. Thl. II. Kap 6.
278 1436 1433 1514 Nach Hrn. Klein GrndſätzenGrundſätzen d. p. R. §. 174. ſoll die
325 1515 1432 1569 „Qual welche dem Verbrecher das Verbrechen ſelbſt
331 1568 1434 1611 verurſacht,“ die Strafe mildern. Alſo die Gewiſſens-
326 1620 1430 1669 biſſe. — Stelzer Grundſ. d. p. R. S. 204. glaubt,
329 1669 1433 1712 daſs der Verluſt des Vortheils, den der Verbrecher
328 1717 1434 1767 von der That erwartete, die Strafe mildere. Dage-
328 1763 1329 1823 gen Kleinſchrod ſyſt. Entw. Thl. II. §. 82.
388 1840 1464 1906 L. 23. C. de poenis. Omnes. quos damnationis con-
333 1905 1432 1952 ditio diverſis exiliis deſtinatos, metas temporis prae-
332 1950 1429 2006 ſtituti in carceris impleſſe cuſtodia deprehenderit,
331 1999 1432 2056 ſolutos poena, vinculisque laxatos cuſtodia liberari
330 2050 1434 2107 praecipimus, nec formidare miſerias ullius exilii. Sit
299 2100 1427 2154 ſatis immenſorum cruciatuum ſimulluiſſe ſupplicia. — L. 25.
332 2150 1431 2206 D. de poenis. Si diutino tempore aliquis in reatu fuerit,
325 2199 1432 2252 aliquatenus poena ejus ſublevanda erit. Sic enim con-
328 2247 1432 2303 ſtitutum eſt; non eo modo puniendos eos, qui longo
326 2300 1433 2350 tempore in reatu agunt, quam eos, qui in recenti ſen-
315 2349 1428 2398 tentiam excipiunt. — Daſs hier reatus die Zeit der
