1600 2647
392 221 1360 284 II. Buch. I. Theil. I. Titel. 1. Abſchnitt.
264 324 1465 394 er aufhören würde, als Staat überhaupt, oder als
247 387 1470 460 dieſer beſtimmte Staat zu exiſtiren, ein urſprüng-
263 454 1470 517 liches und nothwendiges Recht. Wer es ver-
270 503 1470 570 letzt, iſt Feind des Staats; ein Unterthan, welcher
265 572 1470 639 es verletzt, iſt der gröſte Verbrecher und wird
274 632 1471 694 Hochverräther (perduellis) genannt . Hoch-
275 693 1472 755 verrath (perduellio iſt die von einem Staats-
278 753 1473 814 unterthan unternommene oder dolos vollendete
274 807 1472 883 Aufhebung der dem Daſeyn des Staats, dem
277 868 1473 935 er unterworfen iſt, nothwendigen Einrichtungen
237 916 1475 999 und Eigenſchaften . Der Hochverräther iſt
273 987 1477 1062 weit gefährlicher und beleidigt mehr, als der
274 1048 1478 1110 äuſſere Feind des Staats. Durch ſeine Beleidi-
282 1108 1479 1184 gung, welche auf Unſicherheit aller Rechte
282 1170 1479 1236 aller Bürger hinwirkt und durch welche er Alle
283 1228 1481 1295 beleidigt, bricht er den Grundvertrag zwiſchen
273 1280 1482 1345 ihm und dem Staat und ſtrebt eine Geſellſchaft
286 1340 1482 1402 zu zernichten, ohne die kein rechtlicher Zu-
271 241 356 295 148
1349 1399 1483 1446 ſtand
402 1533 1484 1591 Mündlich von dem crimen Majeſtatis des Röm. Rechts,
394 1579 1484 1670 welches den Hochverrath und die Majeſtätsverletzung
379 1636 1414 1697 als Arten unter ſich begreift. Vergl. §. 3. J. de
383 1696 578 1746 publ. jud.
272 1749 1484 1832 L. 11. D. ad L. Jul. Majeſt. „perduellionis reus eſt,
396 1823 1486 1875 boſtili animo adverſus rempublicam velprincipem animatus“
392 1869 1485 1931 in Vergleichung mit L. 21. u. 24. D. de captivis et
422 1915 1485 1976 poſtliminio. — cf. Feuerbach Hochverrath S. 20
383 1941 1489 2020 ff. Daſs der Verfaſſer den ehemals angegebenen Be-
388 2018 1486 2119 griff von Hochverrath verändert und vor einigen
449 2069 1522 2129 Misdeutungen geſichert hat, wird der Aufmerkſame
392 2117 1486 2171 wahrnehmen. Im Weſentlichen iſt er mit dem vori-
391 2168 1487 2233 gen derſelbe, aber, wie es ſcheint, klärer und un-
392 2219 1488 2275 abhängiger von Theorien des allgemeinen Staats-
383 2266 1490 2316 rechts. So weicht der Vf. auch in der Darſtellung
401 2313 1491 2367 der einzelnen Arten des Hochverraths von ſich
391 2374 575 2415 ſelbſt ab.
