1600 2279
286 233 1434 263 b bezeichnet eine Hülse, in welcher der Hebel verschiebbar ist; sie ist
283 271 1432 302 mittels runden Zapfens an dem Bär drehbar. c ist die Schieberstange und
287 310 1433 341 d der Drehzapfen des Hebels a. Es wird der Hebel a auch krumm ge-
288 349 1432 379 macht, um das Verhältniss der Schieber- zur Kolbenbewegung anders zu
288 387 1435 420 gestalten. Ueberhaupt sind die Ausführungsformen für die Ableitung der
285 427 903 459 Schieberbewegung überaus mannigfaltig.
375 469 1434 500 An der Hand der Fig. 1050 möge eine gebräuchliche Ausführungs-
286 507 1434 538 form für das Heben und Senken des Zapfens d angegeben werden; d ist
286 546 1433 577 Kurbelwarze zu einer gestrichelt gezeichneten, am Hammergestell gelagerten
287 584 1435 614 Welle; wird diese durch den Handhebel h gedreht, so hebt, bezw. senkt
288 623 570 653 sich der Zapfen d.
372 664 1434 695 Wegen des starken Verschleisses, welchem die Steuerungstheile sehr
288 702 1435 732 rasch arbeitender Dampfhämmer unterworfen sind, hat man Hämmer aus-
289 737 1435 771 geführt, bei denen die Steuerung unmittelbar durch den Kolben oder die
291 775 686 809 Kolbenstange stattfindet.
374 819 1437 849 Die Steuerung des Schwartzkopf’schen Hammers erkennt man aus der
290 856 1435 888 Fig. 1051. In der gezeichneten Lage tritt frischer Dampf unter den Kolben k,
291 895 1436 925 während über diesem befindlicher durch die Oeffnung o entweichen kann.
289 934 1437 965 Bald wird diese Oeffnung durch den emporsteigenden Kolben verschlossen,
291 972 1438 1004 dann die untere Oeffnung des Kanals e, welche der Kolben k bisher ver-
291 1011 1437 1042 deckte, frei gelegt, worauf auch frischer Dampf über den Kolben gelangt.
291 1049 1438 1079 Da die obere Kolbenfläche erheblich grösser ist als die untere, so wird die
291 1087 1439 1119 nach oben gerichtete Geschwindigkeit des Bärs rasch vernichtet, der Bär
292 1125 1440 1156 fällt, der Kolben schliesst e, so dass der Oberdampf expandirt und bevor
292 1156 1443 1195 noch der Kolben seine tiefste Stellung erreicht hat, wird o frei gelegt, so
294 1202 1440 1233 dass der Oberdampf auspufft. Nach der Quelle hat der Kolben rund
296 1242 1226 1272 160 mm Durchmesser und macht minutlich gegen 200 Spiele.
382 1284 1440 1315 Fig. 1052, 1053 und 1054 stellen einen Dampfhammer von Schultz
296 1319 1442 1354 & Göbel in Wien dar. Das Bärgewicht des Hammers beträgt 1000 kg
295 1362 1441 1392 und sein grösster Hub 800 mm. Das Gestell des Hammers besteht aus
295 1400 1441 1434 einer starken Grundplatte, auf welcher zwei Ständer durch Schrauben und
296 1440 1442 1474 Keile befestigt sind. Die Ständer tragen unmittelbar den Dampfstiefel. An
296 1480 1442 1510 letzteren ist zu diesem Zweck ein balkenartiges Querstück gegossen, und
296 1518 1443 1549 dieses ist mit den Ständern durch Schraubenbolzen und Schrumpfringe ver-
296 1558 1442 1588 bunden. Es sind ferner an den Ständern die zur Führung des Bärs dienen-
299 1596 1443 1627 den Leisten o und die hölzernen Pufferklötze i befestigt. Kolben, Kolben-
297 1632 1443 1667 stange und Bär sind (vergl. Fig. 1053) aus einem Stück Stahl geschmiedet,
298 1673 1445 1703 weshalb der untere Deckel, der Bodenring der Stopfbüchse und die Stopf-
300 1711 859 1744 büchsbrille zweitheilig gemacht sind.
382 1751 1446 1782 Der frische Dampf tritt zunächst in das Gehäuse l eines Drossel-
299 1786 1446 1822 schiebers (Fig. 1052 und 1054); die Welle w dieses Schiebers wird durch
299 1828 1446 1860 den Handhebel k bethätigt. Weiter gelangt der Dampf in den Schieber-
298 1867 1447 1900 kasten p, und zwar in einen Kanal, welcher den Röhrenschieber ringförmig
300 1905 1445 1937 umgiebt. In den Schieberkasten ist eine mit wagerechten Schlitzen ver-
299 1944 1449 1976 sehene Trommel eingedichtet, deren mittlere Schlitze den frischen Dampf
283 163 334 188 580
554 160 1164 187 Werkzeugmaschinen für die Metallbearbeitung.
418 2041 1225 2070 Schwartzkopf, Wiebe’s Skizzenbuch, 1870, Heft 10, Blatt 2.
417 2071 1447 2099 Brinkmann, Karmarsch u. Heeren, technisches Wörterbuch, 3. Aufl., Bd. 2,
301 2099 514 2126 S. 526, mit Abb.
418 2127 1024 2155 Revue industrielle, Okt. 1895, S. 393, mit Abb.
