1600 2279
99 231 1246 263 dass die Hammerbahn schräg liegt, wie die in Rede stehende Bearbeitung
99 270 1248 295 es erfordert. Das Rad ruht auf drei Rollen und wird durch einen links
101 304 1248 341 im Bilde erkennbaren Antrieb langsam um seine Axe gedreht. Das Uebrige
102 350 595 380 ergiebt die Figur ohne weiteres.
184 385 1247 418 Max Hasse & Co. verwendet für den von der Kurbel angetriebenen
99 425 1246 457 Kolben einen liegenden Stiefel und lässt die Luft unter den Hammerkolben
100 462 1245 497 treten. Sturm stellt die beiden selbständigen Stiefel neben einander und
100 500 1249 534 benutzt doppelt wirkende Kolben, und Beché treibt zwei Kolben gemein-
100 541 1250 570 sam an. Der eine wirkt, wie bei Arns, über dem Hammerkolben, der
100 579 1248 609 andere arbeitet in dem Hammerkolben, so dass die doppelte Wirkung und
100 618 614 649 gedrängte Bauart sich vereinigen.
186 655 1249 685 Bei den Federhämmern findet, wie die hier angeführten Beispiele er-
100 693 1249 724 geben, das Regeln durch Bremsen statt: Bremsen der Kurbelwelle oder des
101 730 1249 760 Luftein-, bezw. Austritts u. s. w. Andere Ausführungsarten — z. B. bei
100 769 1249 800 Longworth, S. 591 — führen ebenfalls beträchtliche Reibungsverluste mit
100 807 1250 837 sich. Es lohnt sich deshalb eine rechnerische Behandlung, zumal diese sehr
101 845 402 873 breit ausfällt, nicht.
548 922 801 947 4. Spindelpressen.
186 970 1251 1001 Von den Spindelpressen gehören hierher diejenigen, deren meist steil-
101 1009 1249 1041 gängige Schraube mit Schwungkugeln oder Schwungrad versehen sind.
100 1046 1250 1077 Die Schraube wird, bevor das mit ihr verbundene Werkzeug — ein Ge-
101 1085 1248 1116 senk oder dergl. — das Werkstück erreicht, gedreht und fällt zugleich,
101 1124 1250 1156 so dass die Schwungmasse eine gewisse Geschwindigkeit erhält. Es dient
102 1163 1250 1194 alsdann die so aufgespeicherte Arbeit zur Bethätigung des Werkzeugs, so-
101 1202 1251 1233 bald dieses das Werkstück getroffen hat. Es deckt sich somit die Wirkungs-
101 1241 1251 1271 weise mit derjenigen der Hämmer; sie unterscheidet sich aber durch die
100 1280 1251 1311 weit grösseren Reibungswiderstände und dadurch, dass während der eigent-
100 1318 1251 1349 lichen Arbeit ganz bedeutende Drehmomente von der im Gestell befestigten
101 1356 1250 1388 Mutter aufgenommen werden müssen, die das Gestell abzuwürgen versuchen.
102 1395 1250 1426 Zum Zweck des Schmiedens werden diese Maschinen nicht mehr gebaut.
413 1473 943 1495 5. Amboss und Gestell der Hämmer.
173 1522 1250 1557 a) Der Amboss soll die Gegenwirkung des Hammerschlages bieten.
101 1562 1251 1595 Diejenige mechanische Arbeit, welche nicht für die Umgestaltung des Werk-
101 1601 1252 1633 stücks und Zerstörung der Werkzeuge verwendet wird, zwingt den Amboss
102 1640 1253 1670 auszuweichen. Je schwerer der Amboss ist, um so geringer ist die Be-
101 1678 1253 1711 schleunigung dieses Ausweichens, und da die Zeit, während welcher der
101 1716 1252 1750 Schlag auf ihn wirkt, eine sehr kleine ist, so fällt auch die durch diese Be-
101 1756 1252 1789 schleunigung hervorgebrachte Geschwindigkeit um so kleiner aus, je
101 1793 1252 1827 schwerer der Amboss ist. Immerhin muss diese Geschwindigkeit wieder
101 1833 1251 1864 vernichtet werden, wozu eine mechanische Arbeit gehört, die der in den
101 1872 1253 1905 Amboss übergegangenen gleicht. Nachdem der Amboss zur Ruhe ge-
101 1911 1193 1943 kommen ist, soll er in die ursprüngliche Lage zurückgebracht werden.
185 1949 1252 1981 Bei Handarbeiten heisst der Amboss häufig Gegenhalter. Ein gewich-
105 1989 1252 2022 tiger Gegenstand wird mittels der Hand der Schlagstelle gegenüber ange-
1197 160 1248 185 599
472 160 884 180 III. Theil. Schmiedemaschinen.
217 2072 1252 2100 D. R.-P. Nr. 37461; Zeitschr. d. Ver. deutscher Ingen. 1887, S. 103, mit Abb.
218 2099 1144 2128 D. R.-P. Nr. 7288, Dingl. polyt. Journ. 1880, Bd. 236, S. 198, mit Abb.
217 2127 1252 2156 D. R.-P. Nr. 90252; Zeitschr. d. Ver. deutscher Ingen. 1897, S. 544, mit Abb.
