1600 2612
224 347 1438 402 den durch Anerkennung aller rechtlich interessirten
223 417 1438 480 Agnaten die Wirkungen einer ebenbürtigen Ehe beige-
223 481 1437 551 legt. 3. Die neueren Hausgesetze bestimmen, dass
223 556 1445 610 nur durch solche Ehen, welche mit Zustimmung des
223 628 1440 683 Monarchen als des Oberhauptes des fürstlichen Hauses
226 698 1441 762 eingegangen sind, das Thronfolgerecht fortgepflanzt
225 770 1441 822 wird. 4. Nur auf Männer, welche durch Männer von
227 837 1439 891 dem entscheidenden Ahnherrn abstammen (s. g. Agnaten),
227 908 1437 961 wird in Deutschland das Thronfolgerecht übertragen.
227 968 1440 1034 Für den Fall des gänzlichen Erlöschens des Manns-
230 1044 1441 1101 stammes berufen einzelne Verfassungsurkunden even-
229 1117 1442 1176 tuell auch die Cognaten, in deren Hand sich sodann,
229 1187 1444 1243 wenn der Anfall einmal geschehen ist, das agnatische
230 1257 1444 1321 Princip sofort wieder erneuert; aber weder über die
232 1326 1443 1390 Ordnung, nach welcher der Anfall erfolgt, noch auch
232 1396 1444 1454 darüber, ob beim Eintritte der Cognatensuccession auch
233 1466 1443 1521 eine Frau Monarch werden kann, lassen sich allgemein
232 1536 1447 1604 geltende Rechtssätze aufstellen. In manchen Staaten
222 261 270 299 88
658 241 1004 293 Zweiter Abschnitt.
348 1655 1443 1700 Diess ist meine wissenschaftliche Ueberzeugung in dieser
232 1705 1447 1754 viel bestrittenen Lehre. Siehe die Literatur in meinem deutschen
233 1764 604 1807 Privatrechte, §. 224.
352 1822 1447 1872 Die Frage, ob bei einer ohne diesen Consens eingegangenen
234 1870 1447 1921 Ehe der nachträglich ertheilte Consens rückwirkende Kraft habe,
234 1920 1449 1971 ist wohl richtiger zu verneinen. Pözl, Bayerisches Verfassungs-
235 1981 487 2024 recht, S. 328.
355 2034 1451 2084 Würde das gemeine Recht zu entscheiden haben, so würde
237 2085 1451 2132 die viel bestrittene Lehre des Lehnrechts über die Ordnung des
237 2135 1451 2191 Cognatenanfalls (Gerber, Privatrecht, §. 271.) und die Lehre von
238 2183 1449 2235 der Erbtochter (Gerber, a. a. O. §. 264.) herbeizuziehen sein.
238 2234 1449 2285 Manche Verfassungsurkunden (wie z. B. die Württembergische §. 7.,
240 2284 1452 2335 Sächsische §. 7., Hannoversche §. 12.) haben eine ausdrückliche
238 2333 1451 2386 Bestimmung darüber; andere (wie z. B. die Preussische Art. 53.,
237 2387 1270 2436 v. Rönne, Preussisches Staatsrecht, §. 36.) schweigen.
