1600 2612
200 302 1415 356 dass sie die höchste Macht im Volke und dass allge-
199 372 1412 423 mein die Ueberzeugung von ihrer Unwiderstehlichkeit
200 442 1412 497 begründet ist. Soll sie aber ganz ihrer Idee entspre-
201 500 1411 569 chen, d. h. den sittlichen Gesammtwillen eines Volks in
199 583 1411 637 voller Wahrheit darstellen, so muss sie so geartet sein,
200 654 1414 695 dass sie die Motive ihres Handelns nicht von einer aus-
199 724 1413 776 ser ihr stehenden höheren Macht empfängt, sondern le-
200 794 1409 844 diglich in sich findet, sie muss m. a. W. souverain
201 864 1411 915 sein. Auf ihrer Bedeutung als seelischer Kraft der
201 933 1411 987 Staatspersönlichkeit eines Volks beruht ihre Eigenschaft
201 1003 701 1042 der Untheilbarkeit.
199 203 250 239 22
507 212 967 244 Erster Abschnitt.
316 1112 1413 1158 Es pflegt wohl hier ein ganzes Register anderer s. g. Eigen-
200 1162 1412 1206 schaften der Staatsgewalt aufgeführt zu werden, welche aber ent-
199 1213 1412 1258 weder gar kein rechtliches Moment bezeichnen (z. B. die s. g.
200 1262 1413 1305 Heiligkeit), oder nicht hierher, sondern zur Characteristik des
201 1312 1411 1356 Staats gehören (z. B. die s. g. Ewigkeit). So z. B. Mauren-
199 1362 1412 1408 brecher, Staatsrecht §. 30, Held, System des Verfassungsrechts
200 1412 1412 1455 1. Band §. 138. Ihre Eigenschaft als höchste Macht im Staate
198 1462 1367 1505 begreift übrigens auch die Eigenschaft der Ausschliesslichkeit.
316 1523 1414 1567 Nach meiner Ansicht ist diess der eigentliche, auch ge-
200 1572 1413 1615 schichtlich allein zu rechtfertigende Sinn des freilich in so vieler-
199 1622 1414 1667 lei Bedeutungen gebrauchten Wortes Souverainetät: Unabhängig-
200 1672 1413 1715 keit einer Staatsgewalt von einer ausser ihr stehenden höheren
202 1722 1412 1768 Staatsgewalt. Souverainetät ist also nicht selbst Staatsgewalt,
201 1773 1412 1815 sondern bezeichnet nur eine Eigenschaft der vollkommenen Staats-
201 1823 1414 1865 gewalt. Die Ausdrücke „Fürstensouverainetät, Volkssouveraine-
200 1873 1416 1912 tät, Nationalsouverainetät“ sind nur Stichworte für verschiedene
200 1922 1416 1966 politische Bestrebungen. Mit dem Begriffe des Monarchenrechts
200 1972 1418 2017 im engeren Sinne steht der Begriff Souverainetät an sich in gar
199 2022 1414 2062 keiner Relation; und doch wird Souverainetät und monarchisches
199 2071 1415 2115 Princip so oft verwechselt (diess thut selbst der Artikel 57. der
200 2120 586 2164 Wiener Schlussacte).
317 2181 1414 2226 Es bedarf hier keiner erneuten Widerlegung des wenigstens
200 2230 1413 2277 wissenschaftlich längst überwundenen s. g. Princips der Theilung
200 2281 459 2314 der Gewalten.
