1600 2612
215 310 1428 362 Der Vorbehalt eines Rückfalls an den Entsagenden
211 381 1426 430 muss überhaupt als unzulässig betrachtet werden, da die
208 442 1426 501 Thronfolgeordnung jetzt eine absolute Ordnung sein
209 520 1426 572 will, welche keinerlei willkührliche Modification ge-
214 598 355 630 stattet.
313 661 1426 711 Andere rechtliche Verlustgründe des Monarchen-
209 730 1327 781 rechts kennt das heutige deutsche Staatsrecht nicht.
417 878 1219 920 4. Ausübung des Monarchenrechts.
359 968 1282 1010 a) Persönliche Ausübung durch den Monarchen.
768 1037 873 1082 §. 33.
312 1109 1424 1161 In der Natur der Sache liegt es, dass der Monarch
211 1181 1423 1230 sich bei der Ausübung seiner Herrscherrechte auf die
208 1250 1422 1300 oberste Leitung des Staatswesens beschränken muss.
210 1308 1421 1369 Die Ausführung im Einzelnen überlässt er seinen Ge-
208 1389 1421 1440 hülfen, den Staatsdienern. Ueber das Mass seiner per-
208 1458 1423 1511 sönlichen Theilnahme an der Arbeit der Staatsverwaltung
209 1529 1423 1580 hat er allein zu entscheiden, indem es, abgesehen von
200 1599 1421 1651 jenen höchsten und wichtigsten Herrscherhandlungen,
209 1669 1421 1720 bei denen die persönliche That des Monarchen erwartet
207 1739 1420 1790 wird, seinem Ermessen anheimgestellt ist, in welchem
209 211 265 248 94
651 220 1001 251 Zweiter Abschnitt.
207 1848 1421 1890 Wahrheit das letztere zwei Inhabern zusammen zustehen soll (wie
208 1897 1421 1941 in Sachsen 1830, in Kurhessen 1831, in Anhalt-Bernburg 1855),
208 1947 1422 1989 rechtlich nicht mehr statthaft. In der Regel ist dabei freilich
208 1996 1422 2040 mehr an eine bequemere Form der Abdication gedacht, indem
208 2047 1422 2089 meist der Mitregent in Wirklichkeit der Monarch sein soll, der
208 2096 1419 2138 bisherige Monarch sich aber den Glanz der Majestätsrechte be-
208 2146 1419 2189 wahren will. Ueber eine andere Auffassung dieses Verhältnisses
207 2196 561 2236 siehe §. 34. Note 7.
325 2246 1286 2289 Etwa Thronentsetzung durch Agnaten oder Stände.
324 2296 1420 2337 Welches diese Geschäfte sind, lässt sich nicht mit sicherer
206 2345 1421 2390 Abgränzung bestimmen, da hierbei immer sehr viel auf subjective
