1600 2612
145 294 1355 346 aber die Landeshoheit sich zur wirklichen Staatsgewalt
144 364 1354 414 ausgebildet hatte, fristeten sie nur noch hie und da
143 433 1355 486 eine machtlose Existenz, bis sie allmählich ganz ver-
145 502 1354 550 schwanden. Ganz anders die Landstände, welche seit
146 572 1353 623 der Gründung des deutschen Bundes  in der Mehrzahl der
147 643 1352 696 deutschen Staaten durch die neuen Verfassungsgesetze
144 714 1352 764 geschaffen worden sind.  Ihre Stellung beruht auf der
1280 197 1351 234 121
524 203 966 244 §. 39. Die Landstände.
140 831 1351 873 unentwickelt und unbestimmt war ihre Stellung zu den wirklich
141 881 1352 923 grossen Angelegenheiten des inneren Staatslebens, z. B. der
140 930 1352 971 Rechtsgesetzgebung, welche ihren individuellen Rechtskreis nicht
141 979 1350 1015 unmittelbar berührte. Der fast absolute Character ihres Steuer-
141 1030 1350 1071 verwilligungsrechts muss privatrechtlich, nicht staatsrechtlich auf-
143 1079 424 1121 gefasst werden.
254 1129 1351 1170 Bundesacte Art. 13.: „in allen Bundesstaaten wird eine land-
143 1179 1349 1221 ständische Verfassung stattfinden.“ Hierzu die Wiener Schluss-
142 1229 1350 1271 acte Art. 54—61. Ueber die Auslegung des sehr unbestimmten
139 1279 1349 1322 Art. 13. wurde früher viel gestritten; siehe v. Campe a. a. O.
139 1329 317 1370 S. 234 flg.
250 1379 1347 1423 Man kann die neuen landständischen Verfassungen in ver-
138 1428 1347 1473 schiedene Gruppen theilen: in solche, welche vor dem Jahre 1830,
137 1478 1349 1514 wesentlich nach dem Vorbilde der französischen Charte von 1814
138 1528 1348 1570 geschaffen worden sind; in solche, welche seit 1830 durch den
136 1577 1348 1620 Anstoss der Ideen der Julirevolution, und in solche, welche unter
137 1627 1346 1663 dem Einflusse des Jahres 1848 entstanden oder modificirt worden
136 1677 1346 1721 sind. Der ständische Apparat ist meist dem des englischen Par-
135 1727 1344 1771 laments, jedoch mehr in der Form nachgebildet worden, in welche
137 1776 1344 1813 derselbe in Frankreich nach der Restauration oder unter dem
137 1827 1343 1868 Julikönigthume gefasst worden war. Der Character einer land-
138 1876 1341 1921 ständischen Institution liegt freilich nicht allein in dem Apparate,
139 1927 1342 1969 auch nicht einmal allein in der Bestimmung der Rechte des Land-
136 1975 1343 2019 tags, sondern vor Allem in der Art der Personen, denen die
134 2025 1342 2068 Ausübung der landständischen Befugnisse anvertraut ist. Wenn
134 2075 1343 2119 die Rechte des Landtags in zwei Staaten wörtlich gleich bestimmt
133 2125 1343 2171 sind, aber die Landstände sind in dem einen Staate die Mitglieder
132 2175 1342 2221 einer politischen Aristokratie, im anderen voraussetzungslos ge-
132 2225 1340 2270 wählte Abgeordnete, so sind das in der That zwei gänzlich ver-
132 2276 1342 2320 schiedene Verfassungen. Eine Aenderung des Wahlgesetzes ist
133 2326 1339 2371 die wichtigste Aenderung der Verfassung selbst. In Deutschland,
