1600 2612
139 325 1349 367 den muss. Die Stadtverordneten werden auf bestimmte
137 395 1350 446 Jahre von der Bürgerschaft, der Bürgermeister und
136 465 1351 515 Rath (auf Lebenszeit oder auf bestimmte Jahre) in der
137 536 1350 585 Regel von den Stadtverordneten gewählt. Die Wahlen
137 603 1285 656 bedürfen meist der Bestätigung durch die Regierung.
241 676 1349 727 An der Spitze der Landgemeinden steht ein
139 746 1350 796 Schultheiss (Dorfrichter), der die Gemeindeangelegen-
135 815 1350 866 heiten mit einigen Gehülfen (jedoch nicht in collegiali-
134 885 1346 936 scher Form) besorgt. In manchen Fällen muss auch
127 955 1348 1005 die Gesammtheit der Gemeindebürger befragt werden,
136 1024 1349 1076 welche hier in der Regel nicht durch einen ständigen
137 1095 1347 1145 Ausschuss vertreten ist (oder wenigstens nicht durch
139 1165 1349 1215 einen so umfassenden, als die Stadtgemeinde). In man-
139 1235 1347 1284 chen Ländern steht noch jetzt dem Gutsherrn ein be-
136 1306 1349 1355 sonderer Einfluss auf die Besetzung der Vorstände der
132 1376 546 1426 Landgemeinden zu.
233 1444 1345 1494 Jede Gemeinde hat ihre Gemarkung als örtliche
133 1514 1345 1564 Basis ihrer Existenz. Mitglieder der Gemeinde sind die
135 1584 1347 1635 Gemeindebürger. Von denen, welche das volle Bürger-
131 1655 1347 1705 recht (d. h. auch die Gemeindewahlrechte und die Fähig-
130 1724 1342 1775 keit zur Uebernahme von Gemeindeämtern) haben,
132 1795 1347 1834 unterscheiden sich die blossen Beisitzer oder Schutz-
133 1865 1344 1915 verwandten, denen nur das in manchen Ländern s. g.
136 1935 1345 1975 Heimathsrecht in der Gemeinde zusteht. Die Aus-
1300 226 1351 263 59
525 234 958 275 §. 21. Die Gemeinden.
250 2043 1343 2076 Ob bloss die Hofbesitzer oder auch alle anderen in der Ge-
132 2093 1169 2134 meinde Wohnenden, ist particularrechtlich verschieden.
247 2153 1343 2194 Wozu auch das privatrechtliche Interesse des Antheils am
130 2203 1345 2245 s. g. Gemeindenutzen hinzukommt (besonders der Antheil an der
130 2253 889 2295 Gemeindeweide und dem Gemeindeholz).
246 2313 1343 2355 Seine Bedeutung ist hauptsächlich in dem Rechte auf Ar-
129 2364 600 2406 menversorgung enthalten.
