<?xml version="1.0" encoding="UTF-8"?>
<PcGts xmlns="http://schema.primaresearch.org/PAGE/gts/pagecontent/2019-07-15" xmlns:xsi="http://www.w3.org/2001/XMLSchema-instance" xsi:schemaLocation="http://schema.primaresearch.org/PAGE/gts/pagecontent/2019-07-15 http://schema.primaresearch.org/PAGE/gts/pagecontent/2019-07-15/pagecontent.xsd">
<Metadata>
<Creator>regJS2PAGE.py</Creator>
<Created>2021-02-16T10:52:55.339736</Created>
<LastChange>2021-02-16T10:52:55.339736</LastChange>
</Metadata>
<Page imageFilename="tmp/gerber_staatsrecht_1865_0116.png" imageWidth="1600" imageHeight="2612">
<TextRegion id="block_0" custom="structure {type:body;}">
<Coords points="339,309 339,354 339,379 806,379 806,423 806,450 349,450 349,501 349,521 246,521 246,573 247,592 247,644 249,643 249,712 248,732 248,784 248,802 248,853 247,871 247,921 246,941 246,991 247,1011 247,1061 1460,1061 1460,1011 1459,991 1459,941 1457,921 1457,871 1458,853 1458,802 1459,784 1459,732 1462,712 1462,643 1459,644 1459,592 1459,573 1459,521 1458,501 1458,450 909,450 909,423 909,379 1368,379 1368,354 1368,309 339,309"/>
<TextLine id="line_0">
<Coords points="339,312 375,312 402,311 590,311 611,310 714,310 737,311 832,311 853,310 1028,310 1050,309 1368,309 1368,351 1050,351 1028,352 853,352 832,341 737,341 714,341 611,341 590,352 402,352 375,354 339,354 339,312"/>
<Baseline points="339,354 375,354 402,352 590,352 611,341 714,341 737,341 832,341 853,352 1028,352 1050,351 1368,351"/>
<TextEquiv><Unicode>b) Ausübung durch einen Regenten (Reichsverweser).</Unicode></TextEquiv>
</TextLine>

<TextLine id="line_1">
<Coords points="806,379 837,379 860,381 909,381 909,411 860,411 837,423 806,423 806,379"/>
<Baseline points="806,423 837,423 860,411 909,411"/>
<TextEquiv><Unicode>§. 34.</Unicode></TextEquiv>
</TextLine>

<TextLine id="line_2">
<Coords points="349,454 405,454 437,453 503,453 534,452 722,452 753,451 1063,451 1096,451 1185,451 1215,464 1347,464 1379,450 1458,450 1458,489 1379,489 1347,501 1215,501 1185,488 1096,488 1063,501 753,501 722,490 534,490 503,490 437,490 405,492 349,492 349,454"/>
<Baseline points="349,492 405,492 437,490 503,490 534,490 722,490 753,501 1063,501 1096,488 1185,488 1215,501 1347,501 1379,489 1458,489"/>
<TextEquiv><Unicode>Ist der Monarch minderjährig,  oder wegen Ge-</Unicode></TextEquiv>
</TextLine>

<TextLine id="line_3">
<Coords points="246,525 437,525 465,522 865,522 899,522 990,522 1018,521 1087,521 1109,534 1150,534 1181,521 1291,521 1319,535 1366,535 1393,521 1459,521 1459,559 1393,559 1366,558 1319,558 1291,571 1181,571 1150,559 1109,559 1087,559 1018,559 990,559 899,559 865,573 465,573 437,564 246,564 246,525"/>
<Baseline points="246,564 437,564 465,573 865,573 899,559 990,559 1018,559 1087,559 1109,559 1150,559 1181,571 1291,571 1319,558 1366,558 1393,559 1459,559"/>
<TextEquiv><Unicode>brechen  regierungsunfähig, oder auf so lange an der</Unicode></TextEquiv>
</TextLine>

<TextLine id="line_4">
<Coords points="247,597 434,597 456,595 522,595 543,593 764,593 786,592 1012,592 1025,594 1038,594 1061,593 1145,593 1169,592 1250,592 1271,592 1459,592 1459,641 1271,641 1250,629 1169,629 1145,629 1061,629 1038,615 1025,615 1012,636 786,636 764,642 543,642 522,631 456,631 434,644 247,644 247,597"/>
<Baseline points="247,644 434,644 456,631 522,631 543,642 764,642 786,636 1012,636 1025,615 1038,615 1061,629 1145,629 1169,629 1250,629 1271,641 1459,641"/>
<TextEquiv><Unicode>Führung der Regierung verhindert,  dass eine Fürsorge</Unicode></TextEquiv>
</TextLine>

<TextLine id="line_5">
<Coords points="249,665 368,665 395,665 519,665 544,663 859,663 885,643 1103,643 1130,662 1196,662 1224,675 1264,675 1292,662 1369,662 1396,662 1462,662 1462,699 1396,699 1369,699 1292,699 1264,699 1224,699 1196,706 1130,706 1103,712 885,712 859,712 544,712 519,702 395,702 368,703 249,703 249,665"/>
<Baseline points="249,703 368,703 395,702 519,702 544,712 859,712 885,712 1103,712 1130,706 1196,706 1224,699 1264,699 1292,699 1369,699 1396,699 1462,699"/>
<TextEquiv><Unicode>durch blosse Stellvertretung unzulässig ist, so tritt der</Unicode></TextEquiv>
</TextLine>

<TextLine id="line_6">
<Coords points="248,737 332,737 349,736 415,736 430,733 704,733 721,733 792,733 835,732 952,732 968,732 1016,732 1033,732 1114,732 1132,732 1459,732 1459,769 1132,769 1114,769 1033,769 1016,769 968,769 952,770 835,770 792,770 721,770 704,784 430,784 415,773 349,773 332,774 248,774 248,737"/>
<Baseline points="248,774 332,774 349,773 415,773 430,784 704,784 721,770 792,770 835,770 952,770 968,769 1016,769 1033,769 1114,769 1132,769 1459,769"/>
<TextEquiv><Unicode>Fall der Regentschaft ein. Diese ist eine unvollkommene</Unicode></TextEquiv>
</TextLine>

<TextLine id="line_7">
<Coords points="248,807 323,807 357,806 423,806 454,804 704,804 747,803 813,803 844,802 992,802 1030,803 1094,803 1126,803 1185,803 1217,802 1458,802 1458,851 1217,851 1185,839 1126,839 1094,839 1030,839 992,852 844,852 813,840 747,840 704,853 454,853 423,843 357,843 323,843 248,843 248,807"/>
<Baseline points="248,843 323,843 357,843 423,843 454,853 704,853 747,840 813,840 844,852 992,852 1030,839 1094,839 1126,839 1185,839 1217,851 1458,851"/>
<TextEquiv><Unicode>Art der Thronfolge; der Regent hat die Befugnisse,</Unicode></TextEquiv>
</TextLine>

<TextLine id="line_8">
<Coords points="247,875 389,875 402,874 469,874 480,871 821,871 837,872 1015,872 1031,872 1110,872 1126,885 1226,885 1241,872 1295,872 1314,871 1457,871 1457,921 1314,921 1295,908 1241,908 1226,909 1126,909 1110,909 1031,909 1015,921 837,921 821,911 480,911 469,912 402,912 389,914 247,914 247,875"/>
<Baseline points="247,914 389,914 402,912 469,912 480,911 821,911 837,921 1015,921 1031,909 1110,909 1126,909 1226,909 1241,908 1295,908 1314,921 1457,921"/>
<TextEquiv><Unicode>welche das Monarchenrecht gewährt, und zwar als eigene,</Unicode></TextEquiv>
</TextLine>

<TextLine id="line_9">
<Coords points="246,946 351,946 383,946 438,946 470,957 537,957 569,943 752,943 778,942 922,942 954,942 1194,942 1220,963 1272,963 1298,941 1387,941 1418,955 1459,955 1459,977 1418,977 1387,978 1298,978 1272,967 1220,967 1194,991 954,991 922,979 778,979 752,980 569,980 537,980 470,980 438,982 383,982 351,984 246,984 246,946"/>
<Baseline points="246,984 351,984 383,982 438,982 470,980 537,980 569,980 752,980 778,979 922,979 954,991 1194,991 1220,967 1272,967 1298,978 1387,978 1418,977 1459,977"/>
<TextEquiv><Unicode>nicht als aus fremdem Willen abgeleitete, — aber er</Unicode></TextEquiv>
</TextLine>

<TextLine id="line_10">
<Coords points="247,1017 314,1017 335,1016 388,1016 409,1015 449,1015 470,1013 654,1013 675,1012 825,1012 846,1012 925,1012 946,1026 1017,1026 1039,1011 1108,1011 1132,1024 1171,1024 1193,1011 1304,1011 1326,1024 1460,1024 1460,1047 1326,1047 1304,1061 1193,1061 1171,1048 1132,1048 1108,1048 1039,1048 1017,1049 946,1049 925,1048 846,1048 825,1049 675,1049 654,1051 470,1051 449,1051 409,1051 388,1053 335,1053 314,1054 247,1054 247,1017"/>
<Baseline points="247,1054 314,1054 335,1053 388,1053 409,1051 449,1051 470,1051 654,1051 675,1049 825,1049 846,1048 925,1048 946,1049 1017,1049 1039,1048 1108,1048 1132,1048 1171,1048 1193,1061 1304,1061 1326,1047 1460,1047"/>
<TextEquiv><Unicode>hat sie in fremdem Namen und nur auf so lange auszu-</Unicode></TextEquiv>
</TextLine>

</TextRegion>
<TextRegion id="block_1" custom="structure {type:pageNum;}">
<Coords points="245,195 245,232 295,232 295,195 245,195"/>
<TextLine id="line_11">
<Coords points="245,195 295,195 295,232 245,232 245,195"/>
<Baseline points="245,232 295,232"/>
<TextEquiv><Unicode>98</Unicode></TextEquiv>
</TextLine>

</TextRegion>
<TextRegion id="block_2" custom="structure {type:header;}">
<Coords points="681,200 681,232 1028,232 1028,200 681,200"/>
<TextLine id="line_12">
<Coords points="681,201 821,201 842,200 1028,200 1028,231 842,231 821,232 681,232 681,201"/>
<Baseline points="681,232 821,232 842,231 1028,231"/>
<TextEquiv><Unicode>Zweiter Abschnitt.</Unicode></TextEquiv>
</TextLine>

</TextRegion>
<TextRegion id="block_3" custom="structure {type:note;}">
<Coords points="247,1129 247,1175 247,1181 247,1223 249,1231 249,1276 247,1280 247,1322 247,1329 247,1372 249,1380 249,1421 248,1429 248,1474 248,1479 248,1525 248,1528 248,1570 248,1579 248,1621 249,1629 249,1673 248,1679 248,1724 248,1729 365,1729 365,1771 365,1779 248,1779 248,1823 249,1830 249,1871 249,1878 249,1921 249,1930 249,1972 249,1977 365,1977 365,2021 365,2027 248,2027 248,2074 248,2077 248,2119 249,2126 249,2172 249,2178 249,2219 248,2229 248,2272 248,2278 366,2278 366,2321 366,2332 249,2332 249,2373 403,2373 403,2332 1463,2332 1463,2321 1463,2278 906,2278 906,2272 906,2229 1461,2229 1461,2219 1461,2178 1459,2172 1459,2126 1462,2119 1462,2077 1461,2074 1461,2027 1461,2021 1461,1977 838,1977 838,1972 838,1930 1460,1930 1460,1921 1460,1878 1459,1871 1459,1830 1461,1823 1461,1779 1459,1771 1459,1729 1459,1724 1459,1679 1460,1673 1460,1629 1460,1621 1460,1579 1461,1570 1461,1528 1460,1525 1460,1479 1459,1474 1459,1429 1460,1421 1460,1380 1460,1372 1460,1329 1460,1322 1460,1280 1460,1276 1460,1231 1461,1223 1461,1181 1460,1175 1460,1129 247,1129"/>
<TextLine id="line_13">
<Coords points="247,1135 409,1135 422,1134 479,1134 491,1132 702,1132 716,1131 775,1131 784,1131 917,1131 928,1130 1143,1130 1154,1130 1256,1130 1269,1130 1327,1130 1341,1129 1460,1129 1460,1162 1341,1162 1327,1161 1269,1161 1256,1161 1154,1161 1143,1161 928,1161 917,1172 784,1172 775,1162 716,1162 702,1171 491,1171 479,1165 422,1165 409,1175 247,1175 247,1135"/>
<Baseline points="247,1175 409,1175 422,1165 479,1165 491,1171 702,1171 716,1162 775,1162 784,1172 917,1172 928,1161 1143,1161 1154,1161 1256,1161 1269,1161 1327,1161 1341,1162 1460,1162"/>
<TextEquiv><Unicode>Auftrags des Monarchen, der Regent unmittelbar durch das Gesetz</Unicode></TextEquiv>
</TextLine>

<TextLine id="line_14">
<Coords points="247,1186 403,1186 425,1183 522,1183 544,1182 689,1182 706,1181 852,1181 876,1182 933,1182 951,1181 1167,1181 1191,1181 1270,1181 1287,1182 1384,1182 1400,1191 1461,1191 1461,1210 1400,1210 1384,1221 1287,1221 1270,1212 1191,1212 1167,1219 951,1219 933,1212 876,1212 852,1213 706,1213 689,1213 544,1213 522,1215 425,1215 403,1223 247,1223 247,1186"/>
<Baseline points="247,1223 403,1223 425,1215 522,1215 544,1213 689,1213 706,1213 852,1213 876,1212 933,1212 951,1219 1167,1219 1191,1212 1270,1212 1287,1221 1384,1221 1400,1210 1461,1210"/>
<TextEquiv><Unicode>berufen; beide handeln Namens des Monarchen, aber jener nur</Unicode></TextEquiv>
</TextLine>

<TextLine id="line_15">
<Coords points="249,1233 537,1233 557,1232 587,1232 606,1232 638,1232 655,1232 740,1232 759,1231 833,1231 851,1231 1125,1231 1142,1231 1221,1231 1236,1231 1460,1231 1460,1262 1236,1262 1221,1262 1142,1262 1125,1262 851,1262 833,1262 759,1262 740,1262 655,1262 638,1262 606,1262 587,1262 557,1262 537,1276 249,1276 249,1233"/>
<Baseline points="249,1276 537,1276 557,1262 587,1262 606,1262 638,1262 655,1262 740,1262 759,1262 833,1262 851,1262 1125,1262 1142,1262 1221,1262 1236,1262 1460,1262"/>
<TextEquiv><Unicode>auftragsmässig, d. h. nach dem ausdrücklichen oder vermutheten</Unicode></TextEquiv>
</TextLine>

<TextLine id="line_16">
<Coords points="247,1285 374,1285 400,1284 457,1284 478,1281 758,1281 789,1281 896,1281 924,1281 1077,1281 1104,1291 1162,1291 1190,1281 1298,1281 1319,1280 1460,1280 1460,1321 1319,1321 1298,1311 1190,1311 1162,1310 1104,1310 1077,1321 924,1321 896,1311 789,1311 758,1322 478,1322 457,1314 400,1314 374,1317 247,1317 247,1285"/>
<Baseline points="247,1317 374,1317 400,1314 457,1314 478,1322 758,1322 789,1311 896,1311 924,1321 1077,1321 1104,1310 1162,1310 1190,1311 1298,1311 1319,1321 1460,1321"/>
<TextEquiv><Unicode>Willen des Auftraggebers, dieser dagegen aus seiner eigenen</Unicode></TextEquiv>
</TextLine>

<TextLine id="line_17">
<Coords points="247,1335 353,1335 363,1333 636,1333 644,1342 651,1342 669,1331 727,1331 740,1329 982,1329 992,1331 1048,1331 1062,1340 1156,1340 1167,1330 1256,1330 1269,1330 1460,1330 1460,1362 1269,1362 1256,1361 1167,1361 1156,1361 1062,1361 1048,1369 992,1369 982,1362 740,1362 727,1362 669,1362 651,1371 644,1371 636,1372 363,1372 353,1366 247,1366 247,1335"/>
<Baseline points="247,1366 353,1366 363,1372 636,1372 644,1371 651,1371 669,1362 727,1362 740,1362 982,1362 992,1369 1048,1369 1062,1361 1156,1361 1167,1361 1256,1361 1269,1362 1460,1362"/>
<TextEquiv><Unicode>freien Entschliessung; der Stellvertreter ist, wenn seine Vollmacht</Unicode></TextEquiv>
</TextLine>

<TextLine id="line_18">
<Coords points="249,1385 334,1385 351,1384 436,1384 453,1393 489,1393 505,1381 696,1381 712,1381 770,1381 788,1380 902,1380 918,1391 979,1391 995,1390 1036,1390 1054,1380 1143,1380 1158,1380 1278,1380 1296,1380 1460,1380 1460,1411 1296,1411 1278,1421 1158,1421 1143,1411 1054,1411 1036,1410 995,1410 979,1411 918,1411 902,1411 788,1411 770,1420 712,1420 696,1413 505,1413 489,1413 453,1413 436,1414 351,1414 334,1416 249,1416 249,1385"/>
<Baseline points="249,1416 334,1416 351,1414 436,1414 453,1413 489,1413 505,1413 696,1413 712,1420 770,1420 788,1411 902,1411 918,1411 979,1411 995,1410 1036,1410 1054,1411 1143,1411 1158,1421 1278,1421 1296,1411 1460,1411"/>
<TextEquiv><Unicode>auch noch so umfassend ist, immer nur zu einer Menge einzelner</Unicode></TextEquiv>
</TextLine>

<TextLine id="line_19">
<Coords points="248,1433 473,1433 490,1431 700,1431 719,1430 874,1430 891,1430 950,1430 967,1429 1088,1429 1106,1430 1181,1430 1197,1429 1370,1429 1387,1429 1459,1429 1459,1470 1387,1470 1370,1471 1197,1471 1181,1460 1106,1460 1088,1461 967,1461 950,1460 891,1460 874,1460 719,1460 700,1471 490,1471 473,1474 248,1474 248,1433"/>
<Baseline points="248,1474 473,1474 490,1471 700,1471 719,1460 874,1460 891,1460 950,1460 967,1461 1088,1461 1106,1460 1181,1460 1197,1471 1370,1471 1387,1470 1459,1470"/>
<TextEquiv><Unicode>Handlungen ermächtigt, während das Gesetz dem Regenten (ab-</Unicode></TextEquiv>
</TextLine>

<TextLine id="line_20">
<Coords points="248,1484 392,1484 407,1492 471,1492 488,1481 620,1481 636,1480 953,1480 971,1480 1036,1480 1057,1482 1261,1482 1275,1479 1387,1479 1403,1479 1460,1479 1460,1510 1403,1510 1387,1510 1275,1510 1261,1520 1057,1520 1036,1510 971,1510 953,1520 636,1520 620,1522 488,1522 471,1513 407,1513 392,1525 248,1525 248,1484"/>
<Baseline points="248,1525 392,1525 407,1513 471,1513 488,1522 620,1522 636,1520 953,1520 971,1510 1036,1510 1057,1520 1261,1520 1275,1510 1387,1510 1403,1510 1460,1510"/>
<TextEquiv><Unicode>gesehen von einigen Beschränkungen) den gesamten Inhalt des</Unicode></TextEquiv>
</TextLine>

<TextLine id="line_21">
<Coords points="248,1531 561,1531 578,1531 627,1531 644,1530 698,1530 713,1529 910,1529 928,1528 1044,1528 1061,1529 1250,1529 1268,1529 1404,1529 1418,1529 1461,1529 1461,1559 1418,1559 1404,1563 1268,1563 1250,1570 1061,1570 1044,1560 928,1560 910,1561 713,1561 698,1561 644,1561 627,1561 578,1561 561,1564 248,1564 248,1531"/>
<Baseline points="248,1564 561,1564 578,1561 627,1561 644,1561 698,1561 713,1561 910,1561 928,1560 1044,1560 1061,1570 1250,1570 1268,1563 1404,1563 1418,1559 1461,1559"/>
<TextEquiv><Unicode>Monarchenrechts als ein rechtliches Ganze überträgt; endlich ist</Unicode></TextEquiv>
</TextLine>

<TextLine id="line_22">
<Coords points="248,1584 307,1584 319,1582 560,1582 574,1581 627,1581 644,1580 696,1580 708,1579 924,1579 941,1580 998,1580 1011,1579 1288,1579 1300,1579 1460,1579 1460,1620 1300,1620 1288,1611 1011,1611 998,1611 941,1611 924,1621 708,1621 696,1612 644,1612 627,1612 574,1612 560,1615 319,1615 307,1615 248,1615 248,1584"/>
<Baseline points="248,1615 307,1615 319,1615 560,1615 574,1612 627,1612 644,1612 696,1612 708,1621 924,1621 941,1611 998,1611 1011,1611 1288,1611 1300,1620 1460,1620"/>
<TextEquiv><Unicode>der Stellvertreter für die Ausführung des übernommenen Auftrags</Unicode></TextEquiv>
</TextLine>

<TextLine id="line_23">
<Coords points="249,1634 324,1634 335,1631 582,1631 594,1631 696,1631 706,1630 774,1630 792,1630 866,1630 877,1630 993,1630 1006,1629 1285,1629 1305,1629 1460,1629 1460,1660 1305,1660 1285,1668 1006,1668 993,1661 877,1661 866,1661 792,1661 774,1661 706,1661 696,1662 594,1662 582,1673 335,1673 324,1665 249,1665 249,1634"/>
<Baseline points="249,1665 324,1665 335,1673 582,1673 594,1662 696,1662 706,1661 774,1661 792,1661 866,1661 877,1661 993,1661 1006,1668 1285,1668 1305,1660 1460,1660"/>
<TextEquiv><Unicode>dem Auftraggeber selbst und dem Lande verantwortlich, während</Unicode></TextEquiv>
</TextLine>

<TextLine id="line_24">
<Coords points="248,1684 323,1684 329,1683 503,1683 508,1681 561,1681 568,1679 1001,1679 1008,1680 1065,1680 1071,1679 1271,1679 1282,1679 1459,1679 1459,1710 1282,1710 1271,1710 1071,1710 1065,1711 1008,1711 1001,1712 568,1712 561,1712 508,1712 503,1724 329,1724 323,1715 248,1715 248,1684"/>
<Baseline points="248,1715 323,1715 329,1724 503,1724 508,1712 561,1712 568,1712 1001,1712 1008,1711 1065,1711 1071,1710 1271,1710 1282,1710 1459,1710"/>
<TextEquiv><Unicode>dem Regenten die Nichtverantwortlichkeit des Monarchen zukommt.</Unicode></TextEquiv>
</TextLine>

<TextLine id="line_25">
<Coords points="365,1733 429,1733 444,1732 608,1732 626,1731 660,1731 678,1731 736,1731 745,1730 952,1730 966,1730 1059,1730 1075,1729 1252,1729 1269,1729 1459,1729 1459,1770 1269,1770 1252,1761 1075,1761 1059,1760 966,1760 952,1771 745,1771 736,1762 678,1762 660,1761 626,1761 608,1771 444,1771 429,1763 365,1763 365,1733"/>
<Baseline points="365,1763 429,1763 444,1771 608,1771 626,1761 660,1761 678,1762 736,1762 745,1771 952,1771 966,1760 1059,1760 1075,1761 1252,1761 1269,1770 1459,1770"/>
<TextEquiv><Unicode>Ein weiterer, in der Verfassung nicht besonders aufgeführ-</Unicode></TextEquiv>
</TextLine>

<TextLine id="line_26">
<Coords points="248,1787 315,1787 334,1783 414,1783 430,1780 794,1780 809,1780 885,1780 897,1780 955,1780 965,1779 1206,1779 1221,1780 1263,1780 1274,1779 1347,1779 1365,1789 1461,1789 1461,1810 1365,1810 1347,1818 1274,1818 1263,1810 1221,1810 1206,1821 965,1821 955,1811 897,1811 885,1811 809,1811 794,1813 430,1813 414,1814 334,1814 315,1823 248,1823 248,1787"/>
<Baseline points="248,1823 315,1823 334,1814 414,1814 430,1813 794,1813 809,1811 885,1811 897,1811 955,1811 965,1821 1206,1821 1221,1810 1263,1810 1274,1818 1347,1818 1365,1810 1461,1810"/>
<TextEquiv><Unicode>ter, aber selbstverständlicher Fall der Regentschaft ist der, wenn</Unicode></TextEquiv>
</TextLine>

<TextLine id="line_27">
<Coords points="249,1835 308,1835 328,1833 488,1833 508,1832 606,1832 626,1831 693,1831 717,1831 789,1831 812,1831 1023,1831 1046,1830 1179,1830 1199,1830 1363,1830 1366,1830 1459,1830 1459,1869 1366,1869 1363,1860 1199,1860 1179,1861 1046,1861 1023,1871 812,1871 789,1861 717,1861 693,1861 626,1861 606,1862 508,1862 488,1864 328,1864 308,1865 249,1865 249,1835"/>
<Baseline points="249,1865 308,1865 328,1864 488,1864 508,1862 606,1862 626,1861 693,1861 717,1861 789,1861 812,1871 1023,1871 1046,1861 1179,1861 1199,1860 1363,1860 1366,1869 1459,1869"/>
<TextEquiv><Unicode>der Monarch stirbt und eine schwangere Wittwe vorhanden ist,</Unicode></TextEquiv>
</TextLine>

<TextLine id="line_28">
<Coords points="249,1884 351,1884 361,1882 488,1882 506,1883 755,1883 770,1879 803,1879 820,1880 878,1880 893,1880 1015,1880 1035,1879 1110,1879 1128,1889 1162,1889 1180,1879 1234,1879 1250,1878 1347,1878 1364,1880 1460,1880 1460,1918 1364,1918 1347,1909 1250,1909 1234,1910 1180,1910 1162,1910 1128,1910 1110,1910 1035,1910 1015,1921 893,1921 878,1910 820,1910 803,1910 770,1910 755,1921 506,1921 488,1921 361,1921 351,1915 249,1915 249,1884"/>
<Baseline points="249,1915 351,1915 361,1921 488,1921 506,1921 755,1921 770,1910 803,1910 820,1910 878,1910 893,1921 1015,1921 1035,1910 1110,1910 1128,1910 1162,1910 1180,1910 1234,1910 1250,1909 1347,1909 1364,1918 1460,1918"/>
<TextEquiv><Unicode>deren Kinde, vorausgesetzt in der Regel, dass es ein Prinz wäre,</Unicode></TextEquiv>
</TextLine>

<TextLine id="line_29">
<Coords points="249,1934 302,1934 320,1932 526,1932 543,1931 701,1931 718,1930 838,1930 838,1961 718,1961 701,1961 543,1961 526,1972 320,1972 302,1965 249,1965 249,1934"/>
<Baseline points="249,1965 302,1965 320,1972 526,1972 543,1961 701,1961 718,1961 838,1961"/>
<TextEquiv><Unicode>die Thronfolge zustehen würde.</Unicode></TextEquiv>
</TextLine>

<TextLine id="line_30">
<Coords points="365,1981 583,1981 607,1979 803,1979 830,1979 963,1979 984,1979 1077,1979 1101,1978 1225,1978 1223,1978 1301,1978 1322,1977 1461,1977 1461,2018 1322,2018 1301,2009 1223,2009 1225,2009 1101,2009 1077,2010 984,2010 963,2010 830,2010 803,2011 607,2011 583,2021 365,2021 365,1981"/>
<Baseline points="365,2021 583,2021 607,2011 803,2011 830,2010 963,2010 984,2010 1077,2010 1101,2009 1225,2009 1223,2009 1301,2009 1322,2018 1461,2018"/>
<TextEquiv><Unicode>Körperliche Gebrechen können nicht minder als geistige</Unicode></TextEquiv>
</TextLine>

<TextLine id="line_31">
<Coords points="248,2031 586,2031 596,2030 745,2030 778,2030 843,2030 856,2029 1119,2029 1137,2028 1196,2028 1209,2028 1383,2028 1397,2027 1461,2027 1461,2059 1397,2059 1383,2069 1209,2069 1196,2059 1137,2059 1119,2069 856,2069 843,2060 778,2060 745,2061 596,2061 586,2074 248,2074 248,2031"/>
<Baseline points="248,2074 586,2074 596,2061 745,2061 778,2060 843,2060 856,2069 1119,2069 1137,2059 1196,2059 1209,2069 1383,2069 1397,2059 1461,2059"/>
<TextEquiv><Unicode>regierungsunfähig machen. Die Beschränkung auf geistige Ge-</Unicode></TextEquiv>
</TextLine>

<TextLine id="line_32">
<Coords points="248,2083 394,2083 410,2081 444,2081 462,2081 520,2081 530,2080 823,2080 841,2078 1214,2078 1232,2078 1259,2078 1273,2079 1320,2079 1339,2077 1462,2077 1462,2108 1339,2108 1320,2108 1273,2108 1259,2117 1232,2117 1214,2119 841,2119 823,2111 530,2111 520,2112 462,2112 444,2111 410,2111 394,2114 248,2114 248,2083"/>
<Baseline points="248,2114 394,2114 410,2111 444,2111 462,2112 520,2112 530,2111 823,2111 841,2119 1214,2119 1232,2117 1259,2117 1273,2108 1320,2108 1339,2108 1462,2108"/>
<TextEquiv><Unicode>brechen in der Hannoverischen Verfassungsurkunde §. 17. erklärt</Unicode></TextEquiv>
</TextLine>

<TextLine id="line_33">
<Coords points="249,2132 334,2132 352,2131 412,2131 424,2130 562,2130 575,2130 695,2130 712,2129 843,2129 853,2128 1047,2128 1065,2127 1338,2127 1352,2126 1459,2126 1459,2167 1352,2167 1338,2169 1065,2169 1047,2170 853,2170 843,2160 712,2160 695,2161 575,2161 562,2161 424,2161 412,2163 352,2163 334,2172 249,2172 249,2132"/>
<Baseline points="249,2172 334,2172 352,2163 412,2163 424,2161 562,2161 575,2161 695,2161 712,2160 843,2160 853,2170 1047,2170 1065,2169 1338,2169 1352,2167 1459,2167"/>
<TextEquiv><Unicode>sich, wie manche andere hierher bezügliche eigenthümliche Sätze,</Unicode></TextEquiv>
</TextLine>

<TextLine id="line_34">
<Coords points="249,2192 309,2192 320,2181 526,2181 531,2179 792,2179 805,2179 927,2179 939,2189 997,2189 1008,2178 1081,2178 1093,2179 1150,2179 1160,2178 1343,2178 1354,2178 1461,2178 1461,2208 1354,2208 1343,2219 1160,2219 1150,2209 1093,2209 1081,2209 1008,2209 997,2209 939,2209 927,2210 805,2210 792,2219 531,2219 526,2213 320,2213 309,2213 249,2213 249,2192"/>
<Baseline points="249,2213 309,2213 320,2213 526,2213 531,2219 792,2219 805,2210 927,2210 939,2209 997,2209 1008,2209 1081,2209 1093,2209 1150,2209 1160,2219 1343,2219 1354,2208 1461,2208"/>
<TextEquiv><Unicode>aus besonderen Verhältnissen, welche zur Zeit der Erlassung dieser</Unicode></TextEquiv>
</TextLine>

<TextLine id="line_35">
<Coords points="248,2232 477,2232 492,2230 527,2230 544,2231 722,2231 737,2229 906,2229 906,2271 737,2271 722,2262 544,2262 527,2261 492,2261 477,2272 248,2272 248,2232"/>
<Baseline points="248,2272 477,2272 492,2261 527,2261 544,2262 722,2262 737,2271 906,2271"/>
<TextEquiv><Unicode>Bestimmung in Hannover vorlagen.</Unicode></TextEquiv>
</TextLine>

<TextLine id="line_36">
<Coords points="366,2281 448,2281 469,2282 511,2282 528,2291 570,2291 588,2281 652,2281 668,2280 744,2280 760,2280 913,2280 928,2279 1117,2279 1132,2279 1211,2279 1227,2278 1463,2278 1463,2310 1227,2310 1211,2310 1132,2310 1117,2311 928,2311 913,2321 760,2321 744,2311 668,2311 652,2312 588,2312 570,2312 528,2312 511,2311 469,2311 448,2312 366,2312 366,2281"/>
<Baseline points="366,2312 448,2312 469,2311 511,2311 528,2312 570,2312 588,2312 652,2312 668,2311 744,2311 760,2321 913,2321 928,2311 1117,2311 1132,2310 1211,2310 1227,2310 1463,2310"/>
<TextEquiv><Unicode>Hier ist an den Fall längerer Krankheit oder Abwesenheit</Unicode></TextEquiv>
</TextLine>

<TextLine id="line_37">
<Coords points="249,2332 403,2332 403,2373 249,2373 249,2332"/>
<Baseline points="249,2373 403,2373"/>
<TextEquiv><Unicode>gedacht.</Unicode></TextEquiv>
</TextLine>

</TextRegion>
</Page>
</PcGts>