1600 2612
102 308 1312 359 wenn die Eltern (bei Unehelichen wenn die Mutter) zur
102 376 1312 428 Zeit der Geburt das Staatsbürgerrecht hatten. 2. Durch
102 447 1313 500 Aufnahme (Naturalisation), welche bei der Staatsregie-
102 518 1313 569 rung nachgesucht werden muss, und in der Regel an
104 587 1313 638 die Voraussetzung geknüpft ist, dass der Aufzuneh-
105 658 1312 709 mende aus seinem bisherigen staatsbürgerlichen Verhält-
104 728 1311 779 nisse entlassen ist und die Zusicherung der Aufnahme
102 797 1313 849 in eine diesseitige Gemeinde erlangt hat. 3. Durch
102 867 1311 917 Verheirathung einer Ausländerin mit einem Inländer.
102 937 1313 987 4. Durch Uebertragung eines Staatsamtes an einen Aus-
105 1006 1314 1057 länder. 5. Durch Zuweisung eines Heimathlosen. Be-
106 1076 1314 1127 endigt wird das Gewaltrecht des Staats durch Ausschei-
108 1146 1312 1198 den des ihm Unterworfenen aus dem staatsbürgerlichen
106 1217 1314 1262 Verbande, was insbesondere eintritt bei der Auswan-
105 1287 1313 1337 derung, der Uebernahme eines fremden Staatsdienstes
477 217 936 259 §. 19. Die Staatsbürger.
1250 210 1311 248 53
103 1404 1311 1448 halten, gewährt unser Staat seinen Rechtsschutz. Eigenthümliche
104 1454 1312 1495 Behandlung der Forensen in manchen Staaten, wo sie als theil-
105 1505 1313 1547 weise Unterthanen angesehen werden. Pözl, Bayerisches Ver-
104 1554 1314 1595 fassungsrecht §. 24. — Der in den meisten Staaten sowohl für die
103 1605 1313 1648 neu aufgenommenen als für die gebornen Staatsbürger vorge-
103 1654 1315 1697 schriebene Huldigungseid ist nur eine Gewissensbestärkung des
102 1704 936 1738 schon an und für sich rechtlich Bestehenden.
218 1765 1315 1798 Diese kann aber unter Umständen von der Gemeinde nicht
104 1815 392 1856 versagt werden.
222 1873 1315 1915 In der Verleihung des Staatsamts an einen Ausländer liegt
109 1924 1315 1967 zugleich die Aufnahme in das Staatsbürgerrecht (in Württemberg
108 1974 1313 2015 nur auf die Dauer des Dienstverhältnisses); anders in Bayern, wo
106 2024 1100 2065 das Indigenat noch besonders erworben werden muss.
222 2083 1315 2125 Gothaer Uebereinkunft deutscher Regierungen vom 15. Juli
104 2132 1314 2175 1851. — Eine Ersitzung des Staatsbürgerrechts ist nur sehr ver-
102 2183 1272 2225 einzelt anerkannt worden (Zöpfl, Staatsrecht, §. 295. Note 7).
218 2242 1315 2285 Bald wird das Ueberschreiten der Landesgränze, bald die
103 2293 1313 2336 erhaltene Entlassung, bald schon die der Staatsregierung abge-
105 2343 1314 2385 gebene Erklärung der Auswanderungsabsicht als der Moment des
