1600 2612
151 290 1363 345 nicht auf einer willkührlichen Bestimmung und überleg-
151 360 1362 410 ten Schöpfung, sondern sie ist eine Naturkraft, welche
151 430 1363 482 im Staate, als der wichtigsten Socialform der Mensch-
151 493 1364 556 heit, ursprünglich enthalten ist. Die rechtliche Aeus-
153 570 1363 622 serung der Staatsgewalt ist das Herrschen. Diess be-
155 641 1363 695 deutet eine für die Aufgaben der staatlichen Verbindung
153 712 1363 763 wirksame Willensmacht, welcher das ganze Volk in allen
151 769 1364 834 seinen Gliedern unterworfen ist. Ihr Erfolg, auch dem
151 851 1362 903 innerlich Widerstrebenden gegenüber, beruht darauf,
355 199 1154 243 §. 7. Allgem. Character der Staatsgewalt.
1315 196 1362 233 21
151 959 1363 1002 die Ansicht endlich, dass unsere Auffassung den Monarchen zum
153 1009 1363 1054 „Beamten“ degradire, oder unter den Begriff des gewöhnlichen
152 1059 1363 1102 Repräsentanten einer Corporation bringe, wird unten durch die
153 1109 1223 1153 Fassung des Monarchenrechts ihre Widerlegung erhalten.
253 1168 1363 1214 Richtig Stahl, Rechts- u. Staatslehre, 2. Abth. S. 143. Es liegt
153 1218 1360 1264 nicht in der Aufgabe der juristischen Betrachtung des Staats,
152 1269 1362 1314 die gesammte Physiologie desselben zu entwickeln. Diese Aufgabe
148 1319 1364 1363 fällt der philosophischen Ethik anheim und ihre Lösung wird hier
149 1369 1363 1411 als gegeben vorausgesetzt. Uebrigens kann es nach dem Texte nicht
148 1418 1364 1464 zweifelhaft sein, welcher der vielen Theorieen über den Ursprung
150 1468 1362 1511 und Rechtsgrund der Staatsgewalt der Verfasser beitritt. Zum Aus-
151 1519 1361 1563 gangspunkte der rechtlichen Betrachtung genügt es, zu sagen, die
150 1568 1363 1609 Staatsgewalt ist der Allgemeinwille des Volks als ethischen Ganzen
147 1617 1360 1658 für die Zwecke des Staats, in den Mitteln und Formen des Staats.
267 1677 1360 1723 Die Willenskraft des Staats ist nicht wie die privatrecht-
147 1728 1362 1775 liche absolut und voraussetzungslos, sondern erhält ihre Richtung
148 1777 1361 1815 und Gränze durch den ethischen Grund ihres Daseins. Daraus
151 1828 1359 1865 erklärt sich denn auch die besondere Art der staatlichen Willens-
151 1877 1359 1923 wirkung, das Herrschen, welchem eine Unterwerfung im Sinne
152 1927 1357 1973 eines Gehorsams gegen die allgemeine Rechtsordnung entspricht.
149 1977 1358 2020 Jedoch ist dem Staate deshalb das Gebiet des privatrechtlichen Wol-
148 2026 1361 2071 lens nicht verschlossen, und es kann diess gar nicht sein, weil er
147 2077 1359 2121 zu seiner materiellen Ausstattung des Eintritts in den privatrecht-
145 2126 1359 2172 lichen Verkehr bedarf. Aber es darf nie vergessen werden, dass
146 2176 1359 2221 der Staat in dieser Beziehung, nämlich als Fiscus, nicht in seiner
145 2226 1356 2268 characteristischen Wesenheit auftritt, sondern nur in einer Neben-
145 2277 1356 2322 eigenschaft, welche er zur Unterstützung seiner principalen Le-
147 2327 517 2368 bensaufgabe bedarf.
