1600 2612
103 285 1317 334 ist es auch sein Territorium. Eine Theilung des Terri-
104 354 1316 402 toriums wäre, wenn sie der Staat vornähme, eine
105 424 1316 478 Selbstvernichtung. Aber auch einem Dritten kann
105 494 1315 549 gegenüber einem rechtlich bestehenden Staatsorganismus
104 564 1317 614 nicht ein Recht auf dessen Zerstörung durch Zer-
107 635 1315 687 stückelung seines Staatsgebiets zustehen. Das ist es,
107 705 1316 764 was die Verfassungen aussprechen wollen, wenn sie die
106 775 1318 826 Untheilbarkeit des Staatsgebiets an die Spitze aller
105 847 553 898 Grundgesetze stellen.
205 914 1316 965 Von dieser Rechtsstellung des Staatsgebiets ganz
107 984 1318 1025 verschieden war die des Territoriums im älteren deut-
110 1052 1319 1102 schen Staatsrechte. In ihm erschien es als das Object
110 1123 1318 1176 eines im Ganzen privatrechtsartigen Rechts seines Lan-
110 1194 1319 1242 desherrn. In dem Besitzrechte des Landesfürsten lag
112 1264 1319 1314 der wesentliche Grund seines Zusammenhangs; denn
107 1333 1323 1383 die einzelnen Theile desselben waren in der Regel auf
109 1404 1319 1452 Grund sehr verschiedener Erwerbstitel zusammenge-
107 1466 1318 1521 bracht worden, und bewahrten auch in der Hand ihres
108 1543 1320 1586 Erwerbers die mannichfachsten rechtlichen Verschie-
1268 185 1317 222 63
479 194 935 238 §. 22. Das Staatsgebiet.
222 1660 1319 1705 Ganz das Gleiche gilt von Veräusserungen von Territorial-
108 1711 1319 1757 theilen; die Begriffe Theilung und Veräusserung fallen für die
108 1761 1319 1807 hier in Frage stehende Beziehung zusammen. — Eine Ausnahme
110 1811 1320 1856 von dem Principe des Textes kann nur für unbedeutende und durch
113 1861 1319 1907 Gegenerwerb ausgeglichene Abtretungen zum Zwecke der Gränz-
112 1914 669 1957 regulirung zugegeben werden.
227 1966 1319 2007 Ueber diesen sehr bestrittenen Punkt vergl. meine Ab-
111 2015 1319 2060 handlung in Aegidi’s Zeitschrift für deutsches Staatsrecht, 1. Bd.
110 2069 361 2110 (1865) S. 5 flg.
222 2119 1320 2163 Preussische Verfassungsurkunde Art. 1 und 2. Bayerische
108 2170 1320 2214 Verfassungsurkunde Tit. 3. §. 1. Sächsische Verfassungsurkunde
109 2220 1321 2265 §. 1. und 2. Hannoversche Verfassungsurkunde §. 1. Württem-
108 2270 1322 2315 bergische Verfassungsurkunde §. 1. u. s. w. Aus dem deutschen
109 2320 1152 2364 Bundesrechte ist für diese Frage Nichts zu entnehmen.
