1600 2612
119 321 1325 372 Staatsbürgern selbst ein Recht der Mitbestimmung bei
118 390 1324 441 der Ausübung seiner Herrschaft, indem er einem Theile
117 460 1326 511 derselben durch die politischen Wahlrechte eine Ein-
117 516 1326 581 wirkung auf die Richtungen verstattet, welche der
122 600 1326 640 Staatswille nehmen soll.  So reflectirt das Gewalt-
120 671 1325 717 recht des Staats für die Unterworfenen, sofern sie den
120 742 1327 791 dafür bestehenden besonderen Voraussetzungen ent-
118 810 1325 861 sprechen, eine zweite Gruppe von Gegenrechten, welche
117 880 1326 931 man gewöhnlich mit dem Namen politische Rechte
117 951 398 989 kennzeichnet.
556 1056 886 1099 c) Modificationen.
671 1116 773 1161 §. 18.
222 1179 1329 1229 Das Gewaltrecht des Staats besteht gleichmässig
121 1249 1329 1299 über alle Staatsbürger. Das heutige Staatsrecht kennt
119 1319 1328 1369 keine Verschiedenheit der rechtlichen Unterwerfung
117 1388 1327 1433 unter die oberste Gewalt, es kennt nicht, wie das ältere
490 229 949 272 §. 18. Die Staatsbürger.
1273 224 1323 260 47
232 1507 1328 1548 Die Gemeindewahlrechte gehören streng genommen nicht
118 1556 1330 1598 zu den politischen Rechten der Staatsbürger; aber sie werden
117 1606 1328 1649 häufig dazu gezählt und nach gleichem Gesichtspunkte behandelt.
117 1656 1332 1697 Bisweilen wird zu den politischen Rechten auch das Recht auf
118 1706 1329 1746 Theilnahme an anderen staatlichen Functionen, z. B. am Amte
117 1756 1329 1798 eines Geschwornen gerechnet, was aber mehr unter den Gesichts-
118 1805 1330 1849 punkt einer staatsbürgerlichen Pflicht fallen dürfte; wenn aber
119 1855 1330 1898 oft auch die Fähigkeit zur Uebernahme von Staatsämtern hierher
121 1905 1330 1949 gezogen wird, so ist der Werth eines so allgemeinen Attributs
121 1956 1329 1997 doch zu problematisch, als dass er den positiven Inhalt eines Rechts
121 2005 1330 2048 abgeben könnte, zumal wenn das Bayrische Staatsrecht das Recht
119 2055 1330 2097 des Indigenats auch noch mit der Perspective der Erlangung der
118 2105 1328 2145 Kron- und Oberhofämter ausschmückt. Ein Verhältniss, welches
116 2155 1329 2197 das Indigenat als Bedingung voraussetzt, ist darum noch nicht
117 2205 578 2237 ein Ausfluss desselben.
230 2254 1327 2297 Z. B. männliches Geschlecht, bestimmtes Alter, eine ge-
116 2305 1327 2347 wisse Vermögenslage, Ehrenhaftigkeit, längerer Aufenthalt im
117 2355 1020 2398 Lande, Theilnahme an gewissen Ständen u. s. w.
