1600 2612
109 285 1326 336 bringen; nur das Finanzgesetz muss nach der Bestim-
110 349 1328 406 mung mehrerer Verfassungen zunächst der zweiten Kam-
111 424 1326 476 mer vorgelegt werden. Jede Kammer hat den Gesetz-
113 495 1329 545 entwurf zu prüfen und über dessen Annahme oder Nicht-
115 565 1327 610 annahme zu berathen und zu beschliessen; sie hat nicht
117 636 1328 686 das Recht, das Eintreten in die Berathung überhaupt
118 707 1327 756 abzulehnen. Die Berathung und Abstimmung kann
118 775 1329 826 mehr oder weniger ins Einzelne gehen, es kann auch,
116 846 1331 896 nach stattgehabter allgemeiner Verhandlung, ein Ent-
117 915 1330 966 wurf im Ganzen angenommen oder abgelehnt werden;
122 985 1332 1036 dagegen kann eine Kammer nicht auf ihr Recht der
123 1055 1333 1106 Zustimmung völlig verzichten. Bei der Berathung kann
124 1126 1330 1176 die Kammer Verbesserungen beschliessen, welche sich
124 1196 1333 1247 als Modificationen oder Ergänzungen des Entwurfs dar-
124 1267 1332 1318 stellen. Hat eine Kammer die Berathung beendigt und
1249 184 1322 222 141
467 193 955 235 §. 46. Die Gesetzgebung.
236 1375 1333 1418 Auch bei beiden Kammern gleichzeitig. Die entgegenge-
124 1425 1332 1467 setzte Argumentation v. Rönne’s, Preussisches Staatsrecht I.,
127 1475 922 1517 S. 161, scheint mir nicht genügend zu sein.
240 1525 1333 1568 Ein in mehrere deutsche Verfassungsurkunden (Preussen
125 1574 1333 1618 Art. 62., Bayern VI. §. 18., Sachsen §. 122., Württemberg §. 178.,
127 1625 1334 1668 Grossherzogthum Hessen §. 67., Baden §. 60.) aufgenommener,
127 1674 1216 1718 dem englischen Staatsrechte entlehnter Satz. Siehe §. 52.
241 1726 1336 1768 Eine Kammer kann nicht beschliessen, über die Regierungs-
128 1775 1023 1818 vorlage einfach zur Tagesordnung überzugehen.
242 1826 1339 1869 Sie kann also nicht dem Monarchen die einseitige Festsetzung
132 1875 1337 1918 des Gesetzes überlassen. Dagegen kann sie diess wohl in proviso-
132 1925 1306 1968 rischer Weise mit Vorbehalt nachträglicher Genehmigung thun.
249 1975 1338 2008 Sie hat das Recht der Amendements zum Entwurfe der Re-
131 2025 1338 2066 gierung und zwar auch da, wo den Kammern das Recht der Initia-
130 2075 1338 2115 tive nicht zusteht. Dieses Recht begründet nicht eine Gleich-
132 2124 1339 2166 artigkeit der Stellung der Stände mit der des Monarchen, etwa als
132 2175 1342 2217 ob sie damit zu Mitinhabern der gesetzgebenden Gewalt gemacht
132 2225 1340 2267 würden, sondern es erscheint juristisch als das Recht der Stände,
133 2275 1340 2318 ihre Zustimmung an einzelne den Entwurf betreffende Bedingungen
135 2325 345 2367 zu knüpfen.
