1600 2612
212 269 1428 319 die richterlichen Beamten sind in Ausübung ihrer richter-
213 339 1426 389 lichen Thätigkeit von jeder höheren Weisung unabhängig.
212 409 1426 454 Das amtliche Handeln, zu welchem der Monarch den
210 479 1426 531 Staatsdiener durch die Anstellung mit dem Anspruche
211 550 1426 599 auf öffentliches Vertrauen und auf Anerkennung als
214 619 1428 671 staatliche Autorität ermächtigt hat, soll der Verfassung
210 690 1425 740 und den Gesetzen gemäss sein, weshalb in den von ihm
210 760 1425 810 zu leistenden Diensteid zugleich das Versprechen der
210 829 1428 880 Beobachtung der Verfassung aufgenommen wird. Auf
212 899 1425 949 die Fortdauer seiner amtlichen Dienste überhaupt, oder
213 969 1424 1018 dieser bestimmten Dienste hat er jedoch kein Recht;
212 1039 1427 1090 seine Bestellung zur Vertretung eines Amts kann vom
212 1110 1426 1159 Monarchen jederzeit widerrufen und nicht minder sein
209 170 283 208 112
646 177 996 209 Zweiter Abschnitt.
210 1208 1426 1250 zeugt. Bleibt seine Vorstellung fruchtlos, so ist er nicht bloss von
211 1256 1424 1298 der Verantwortung befreit, wenn er den wiederholten Befehl nun-
210 1307 1423 1348 mehr ausführt, sondern er ist dienstlich hierzu auch verpflichtet.
212 1357 1423 1398 Ob er aber nicht in Fällen absoluter Rechtswidrigkeit des Be-
209 1406 1425 1448 fehls hoffen darf, einen fortgesetzten Ungehorsam doch noch
211 1457 1426 1497 schliesslich auch mit Festhaltung seines Dienstes durchzuführen
209 1506 1425 1548 und zu rechtfertigen, liegt ausserhalb der regelmässigen Er-
210 1556 1425 1598 wägung. Es ist hier übrigens bloss von der dienstlichen Ver-
211 1606 1423 1649 antwortlichkeit gegenüber dem Dienstherrn die Rede; die Frage,
210 1656 1425 1698 ob ein Staatsdiener sich durch Berufung auf den Befehl seines
210 1706 1424 1748 Vorgesetzten auch von der straf- und civilrechtlichen Verantwort-
209 1756 1425 1798 lichkeit befreien könne, ist eine ganz selbständige, welche zum
212 1806 1425 1847 Theil nach anderen Grundsätzen zu beurtheilen ist. — In den par-
210 1855 1426 1897 ticulären Bestimmungen besteht über alle diese Punkte eine sehr
212 1905 1426 1945 erhebliche Verschiedenheit, indem manche den Beamten selbstän-
213 1955 1426 1998 diger, andere ihn unselbständiger stellen. Siehe die Zusammen-
213 2005 1266 2047 stellung bei Zachariä, Staatsrecht II., §. 137. Note 14.
327 2054 1426 2096 Eine Folge davon ist der besondere strafrechtliche Schutz
215 2104 764 2148 gegen Amtsehrenbeleidigung.
330 2154 1424 2196 Diess wird allgemein anerkannt, und wenn die Particular-
215 2205 1425 2248 gesetze Beschränkungen aussprechen, so geschieht diess nicht, um
215 2255 1426 2296 dem Staatsdiener ein unangreifbares Recht auf das Amt zu geben,
214 2304 1405 2346 sondern um einer Ueberlastung des Pensionsfiscus vorzubeugen.
