1600 2612
465 166 916 206 §. 38. Die Staatsdiener.
86 257 1296 307 gesetzlichen Pension und unter Fortdauer von Titel und
85 326 1295 378 Rang in den Ruhestand zu versetzen, zu pensioniren.
85 396 1296 447 Particulargesetze knüpfen bisweilen dieses Recht des
84 466 1296 507 Monarchen im Interesse des Fiscus an bestimmte Voraus-
86 536 1295 589 setzungen. Der Pensionirte tritt jedoch nicht ganz aus
88 606 1295 653 dem Kreise seiner Pflichten heraus; er muss sich unter
84 675 1294 726 Umständen die Wiederberufung zur Uebernahme eines
86 745 1294 797 entsprechenden Staatsamts gefallen lassen; auch ist sein
84 815 1293 863 Recht auf die Fortdauer der Pension kein absolutes,
86 884 1295 937 sondern von mancherlei persönlichen Voraussetzungen
86 953 314 1003 abhängig.
189 1023 1296 1065 Ein Staatsdiener kann seines Dienstes mit Verlust
87 1094 1294 1145 von Titel und Rang und ohne Anspruch auf Pension
88 1164 1294 1205 entlassen werden. Bei richterlichen Beamten setzt
87 1234 1294 1275 diess ein richterliches Urtheil voraus. Bei anderen
88 1303 1293 1354 Staatsdienern kann die Entlassung auch durch eine ad-
85 1373 1293 1425 ministrative Verfügung als Folge eines Dienstvergehens
85 1442 1293 1495 oder einer sonstigen mit der Würde und Stellung des
1223 160 1295 199 117
86 1559 1296 1605 nannt) findet namentlich statt, wenn ein Staatsdiener wegen einer
86 1610 1335 1655 Veränderung der Aemterorganisation zeitweilig ausser Thätigkeit
87 1660 1296 1704 gesetzt wird. Ein in dieser Weise Quiescirter muss jedes seiner
86 1710 1294 1752 bisherigen Dienststelle entsprechende Amt oder Geschäft über-
89 1760 809 1802 nehmen, welches ihm angetragen wird.
203 1819 1293 1863 Höheres Lebensalter, Dienstuntüchtigkeit wegen körper-
89 1869 819 1912 licher oder geistiger Gebrechen u. s. w.
205 1929 1251 1971 Z. B. im Falle der Wiederherstellung seiner Gesundheit.
203 1989 1293 2030 Vergehen und Verbrechen, welche den Verlust des Amtes
87 2038 1293 2081 zur Folge haben würden, werden in der Regel auch als Verlust-
86 2088 1294 2130 gründe der Pension betrachtet. Ausserdem wird die Pension
87 2138 1292 2172 durch Eintritt in fremde Staatsdienste verloren. — Particularrecht-
86 2187 1292 2232 lich wird das Recht eines definitiv Pensionirten (wie z. B. die Pen-
86 2237 1293 2282 sion als s. g. Standesgehalt in Bayern, siehe Pözl, S. 453 flg.)
87 2288 622 2321 zum Theil anders behandelt.
