1600 2612
242 228 1454 282 gewährleistet, welche dadurch nicht aufgehoben wird, dass
243 299 1454 349 sie in mehreren Staaten mit der landsässigen Ritterschaft
242 369 1324 421 zu einem gemeinsamen Körper verschmolzen sind.
344 439 1454 489 Auf der anderen Seite giebt es auch Staatsbürger,
243 508 1455 561 denen gar keine oder nur geringere politische Gegenrechte
242 580 1456 632 zugestanden werden. Dahin gehören nach dem Rechte
242 650 1330 701 mehrerer deutschen Staaten noch jetzt die Juden.
567 802 1132 855 d) Entstehung und Endigung.
799 882 903 927 §. 19.
344 950 1454 999 Das Gewaltrecht des Staats wird begründet an
243 1019 1458 1069 Allen, welche in den Verband seiner Staatsbürger (In-
244 1089 1457 1143 digenat) eintreten. Diess geschieht 1. durch Geburt,
240 127 290 165 52
688 131 1011 164 Erster Abschnitt.
243 1222 1456 1282 ganz in der Technik des Reichsrechts befangen. Diesem Um-
243 1288 1455 1329 stande ist es zuzuschreiben, dass die Mitglieder der souverain ge-
243 1336 1454 1380 wordenen Regentenfamilien in der Redewendung des Satzes a)
243 1387 1457 1429 noch als hoher Adel aufgefasst werden. Diess ist nach meiner
243 1437 1457 1481 Ueberzeugung falsch. Eine schiefe Redaction, die kein disponi-
241 1486 1459 1528 rendes Moment enthält, kann aber keinen gesetzlichen Zwang
244 1538 653 1578 ausüben. Siehe §. 27.
359 1585 1458 1627 Art. 14. der Bundesacte: „— dem ehemaligen Reichsadel
243 1636 1458 1681 werden die sub No. 1 und 2 angeführten Rechte, Antheil der Be-
244 1689 1455 1743 güterten an der Landstandschaft, Patrimonial- und Forstgerichts-
243 1747 1457 1799 barkeit, Ortspolizei, Kirchenpatronat und der privilegirte Ge-
243 1801 1458 1844 richtsstand zugesichert. Diese Rechte werden jedoch nur nach
246 1852 1081 1894 der Vorschrift der Landesgesetze ausgeübt.“
359 1901 1463 1943 Die im Art. 16. der Bundesacte gegebene Zusicherung ist
245 1950 1461 1993 nicht erfüllt worden. Dagegen ist in den einzelnen Staaten theils
247 2000 1462 2043 auf Grund vollständiger s. g. Judengesetze, theils solcher Gesetze,
245 2051 1460 2091 welche sich nur auf einzelne Punkte beziehen, eine den Juden
248 2101 1459 2144 sehr günstige Behandlung ihrer staatsrechtlichen Verhältnisse ein-
246 2150 1459 2193 getreten. Hierbei haben theilweise die „Grundrechte des deut-
247 2200 1461 2242 schen Volks“ eine besondere Rolle gespielt. Uebrigens ist der
245 2250 1315 2285 Rechtszustand in den einzelnen Staaten sehr verschieden.
363 2310 1462 2352 Aber auch solchen Personen, welche keine Staatsbürger
247 2359 1461 2404 sind, sondern sich nur in unserem Staatsgebiete zeitweilig auf-
