1600 2612
237 228 1451 273 Ritterschaft und Städte, sahen sich einer Landeshoheit
237 299 1450 349 gegenüber, welche von einer das ganze Volk und Land
235 368 1448 419 gleichmässig beherrschenden Staatsgewalt noch weit ent-
236 438 1448 492 fernt war;  sie betrachteten die erstrebte Entwickelung
236 509 1448 550 der landesherrlichen Patrimonialrechte zur Staatsherr-
234 578 1448 632 schaft als Angriff auf ihre individuelle Rechtsstellung
231 640 1481 702 und fanden ihr ständisches Recht in der Verbriefung
231 718 1444 770 ihrer Freiheit von staatlicher Unterwerfung; sie wollten
230 787 1442 840 dem Landesherrn gegenüber als einzelberechtigte, bloss
231 857 1443 909 „zugewandte“ Individuen gelten, daher ihre persönlich
230 927 1445 980 oder durch Bevollmächtigte geführten Verhandlungen
231 996 1442 1048 den Character privatrechtlicher Vergleiche hatten.  Als
237 130 313 166 120
674 137 1021 169 Zweiter Abschnitt.
228 1116 1441 1160 Das Richtige ist vielmehr, dass die heutigen Stände in allen Haupt-
227 1165 1439 1207 punkten einen directen Gegensatz zu den alten Ständen bilden.
226 1215 1438 1257 Die Aehnlichkeiten beider Institute sind ganz äusserlicher Art.
225 1265 1438 1306 Als einen durchgehenden historischen Satz kann man nur den
227 1315 1438 1357 negativen hinstellen, dass das deutsche Recht kein absolutes
228 1365 801 1405 Monarchenrecht gestatten will.
341 1414 1439 1456 Eine sehr eigenthümliche Stellung nahm unter den älteren
226 1464 1438 1505 ständischen Verfassungen die Württembergische ein. In Württem-
224 1513 1438 1557 berg fehlte das Grundelement der Stände in den übrigen deutschen
227 1563 1439 1605 Staaten, nämlich die Ritterschaft, da sich die schwäbischen Ritter
229 1614 1437 1657 seit dem 16. Jahrhunderte von der Landeshoheit völlig befreit und
224 1664 1436 1698 als reichsunmittelbar constituirt hatten. Hierdurch erhielt die
225 1713 1475 1756 ständische Verfassung mit ihren Bürgermeistern und protestanti-
224 1763 1436 1807 schen Prälaten einen rein bürgerlichen und damit auch allerdings
223 1813 1436 1856 mehr staatsbürgerlichen Character. Dennoch aber wäre es ganz
222 1863 1436 1906 unrichtig, wenn man deshalb in der Württembergischen Verfas-
223 1913 1435 1956 sung schon eine der modernen Repräsentativverfassung gleich-
225 1963 900 2005 artige Erscheinung erblicken wollte.
338 2013 1433 2054 Damit hängen folgende weitere Eigenthümlichkeiten zusam-
222 2062 1433 2103 men. Die Stände erschienen persönlich; sie konnten aber auch
221 2113 1433 2155 Vertreter schicken, welche dann an Instructionen gebunden
221 2162 1432 2206 waren. Die ständischen Ausschüsse waren regelmässige Manda-
221 2212 1433 2246 tare der Stände. So weit und umfassend die Rechte der Stände
221 2262 1433 2305 waren, welche sich auf die ständischen Privilegien bezogen, so
