1600 2612
96 299 1308 355 des Regenten zu fordern. Auch die Eigenschaft der
93 370 1308 420 Nichtverantwortlichkeit kommt dem Regenten als sol-
95 442 285 480 chem zu.
195 525 1308 576 Die Regentschaft erlischt von selbst,  wenn der
96 596 1308 646 Monarch die Thronmündigkeit erreicht, wenn er wieder
95 666 1306 722 in das Land zurückkehrt, aufhört krank zu sein, und,
95 736 1307 786 falls die Regentschaft wegen Regierungsunfähigkeit des
94 806 1308 851 Monarchen durch ein Gesetz bestellt war, sobald ein
96 876 1309 926 neues Gesetz die Regentschaft wegen eingetretener Re-
96 946 1266 997 gierungsfähigkeit des Monarchen für beendigt erklärt.
1232 201 1306 238 103
504 209 893 251 §. 34. Der Monarch.
219 1073 1308 1108 Der Grund dieses Satzes ist: da die Unverantwortlichkeit ein
97 1124 1307 1165 wesentliches Element der monarchischen Institution ist, so muss
99 1174 1306 1216 sie auch dem Regenten zustehen, welcher das Monarchenrecht inne
97 1223 1306 1265 hat. Manche knüpfen hieran den gewiss unrichtigen Satz, dass
98 1274 1307 1316 der Regent aber dann, wenn er nach Beendigung der Regentschaft
94 1324 1306 1365 wieder in den Privatstand zurückgetreten sei, wegen seiner Re-
95 1374 1308 1416 gentenhandlungen zur Rechenschaft gezogen werden könne; mit
96 1423 1305 1464 demselben Rechte würde auch behauptet werden können, dass
96 1473 1306 1516 der Monarch, wenn er abdicirt hat, wegen seiner Handlungen als
97 1524 1304 1564 Staatsoberhaupt zur Verantwortung gezogen werden dürfe. — Die
96 1573 1306 1615 eigentlichen Majestätsehren gebühren dem Regenten nicht. Wohl
97 1623 1307 1666 aber geniesst auch er einen höheren strafrechtlichen Schutz der
94 1673 1306 1716 Integrität seiner Person. Dagegen hat er Anspruch auf eine
95 1723 1306 1764 besondere Dotation aus der Staatscasse; passend wird ihm in
96 1773 1233 1815 manchen Verfassungen ein Antheil an der Civilliste gewährt.
228 1838 1305 1877 Sie erlischt auch von selbst, wenn der Monarch stirbt und
98 1888 791 1929 nun die wirkliche Thronfolge eintritt.
227 1948 1307 1989 Auch hier handelt es sich wieder um die Constatirung der
98 1997 1306 2040 Thatsache, wie oben Note 5. Im Zweifel muss für die Beendigung
97 2047 1305 2089 des Verhältnisses dasselbe Verfahren gelten, als für die Begrün-
95 2097 1305 2139 dung. — Die Frage über die Anerkennung der Regierungshand-
94 2147 1305 2188 lungen des Regenten durch den eintretenden Monarchen ent-
95 2197 1306 2239 scheidet sich nach dem hier angenommenen Principe ganz von
95 2247 204 2279 selbst.
