1600 2612
257 231 1473 271 rität Seitens des Publicums mit der öffentlichen Bekannt-
259 302 1473 352 machung der Anstellung. Der Angestellt bekräftigt
262 371 1469 422 seine rechtlichen Verpflichtungen durch einen Diensteid.
720 501 1015 543 d) Beendigung.
816 570 921 614 §. 38.
361 642 1474 694 Der Staatsdiener hat das Recht, freiwillig aus
262 705 1474 752 dem Dienstverhältnisse auszuscheiden. Er kann um seine
260 781 1497 832 Entlassung bitten, welche ihm gewährt werden muss,
262 851 1475 901 sofern sie nicht unzeitig verlangt wird. Der freiwillig
260 920 1474 966 Ausscheidende tritt nicht nur aus seinen Pflichten, son-
263 990 1474 1030 dern auch aus allen damit verbundenen Rechten heraus.
262 1060 1475 1100 Nur wenn der Grund des Ausscheidens in dem Eintritte
262 1130 1476 1186 der Dienstuntüchtigkeit oder höheren Lebensalters liegt,
264 1200 1475 1250 darf er mit Beibehaltung von Titel, Rang und einer für
264 1269 1477 1321 diesen Fall gesetzlich bestimmten Pension ausscheiden;
264 1324 1476 1389 den Ministern wird dieses Recht in der Regel auch ohne
264 1409 1162 1458 die erwähnten Voraussetzungen beigelegt.
365 1477 1480 1524 Der Monarch hat das Recht, einen Staatsdiener für
263 1547 1481 1599 immer oder nur vorübergehend unter Gewährung der
259 134 332 171 116
695 141 1041 172 Zweiter Abschnitt.
266 1655 1478 1709 einzutreten pflegen. In den meisten deutschen Staaten sind die
259 1717 1480 1760 Anstellungen nichtrichterlicher Beamten erst einige Jahre hin-
267 1767 948 1809 durch provisorische in diesem Sinne.
382 1815 1480 1857 Der Staat kann vorher Rechenschaftsablegung, nach Be-
267 1865 1482 1907 dürfniss auch Cautionsstellung fordern. Das Dienstverhältniss
266 1915 1483 1958 kann übrigens natürlich nicht einseitig gelöst werden, daher die
266 1965 1400 2008 Dienstpflicht erst mit der Ertheilung der Entlassung aufhört.
385 2014 1483 2056 Sie sollen Vertrauenspersonen sowohl des Monarchen als
269 2064 1484 2107 des Volks sein; wenn sie fühlen, dass sie diess nicht mehr sind,
268 2114 1482 2159 mögen sie zurücktreten, ohne dabei ihre bürgerliche Existenz zum
271 2164 1147 2209 Opfer bringen zu müssen. Siehe §. 35. Note 13.
386 2214 1489 2257 Eine vorübergehende Pensionirung (auch wohl Quiescirung
269 2264 1488 2309 im engeren Sinne, Stellung zur Disposition, auf Wartegeld, ge-
