1600 2612
190 298 1409 339 bundenen Functionen als ihre besondere Pflicht überneh-
190 368 1407 408 men. Sie sind Diener und Gehülfen des Monar-
192 439 1405 484 chen als solchen;  sie entlehnen die Motive ihres
192 509 1405 556 amtlichen Handelns aus seinem Willen, insofern er sich
190 580 1407 632 nach ordnungsmässiger Verkündigung und Mittheilung
192 649 1405 700 als Gesetz, Verordnung oder Instruction, als Wille des
191 719 1404 771 Staats darstellt.  Dieser letztere Gesichtspunkt ist es,
190 790 1403 839 welcher in ihrer Bezeichnung als Staatsdiener her-
189 859 347 897 vortritt.
291 948 1403 999 Bei dieser Bedeutung der Staatsdiener erscheint die
189 1019 1404 1070 Regulirung ihrer rechtlichen Stellung, welche sie dem
189 1088 1404 1141 Einflusse willkührlicher Bestimmung entzieht,  als eine
189 1159 1402 1211 für das ganze Staatsleben wichtige Angelegenheit. Und
189 1229 1401 1281 wirklich enthalten nicht nur die Verfassungsurkunden
188 1298 1400 1351 einzelne hierauf bezügliche Festsetzungen,  sondern es
190 1368 1401 1408 sind auch in den meisten deutschen Staaten ausführliche
192 199 264 236 106
629 208 975 240 Zweiter Abschnitt.
304 1495 1400 1539 Ihre öffentliche Stellung entspringt nicht aus der Eigen-
189 1546 1402 1589 schaft eines unmittelbaren Organs des Staats, sondern aus der
187 1596 839 1630 Autorisation durch den Monarchen.
306 1655 1398 1700 Sehr ansprechend entwickelt diess Perthes a. a. O. S. 32 flg.
187 1705 1399 1748 Der Staatsdiener, sagt dieser, „soll nicht handeln, wie er handeln
187 1756 1400 1798 würde, wenn er Souverain wäre, sondern wie der Souverain handeln
187 1807 1400 1846 würde, wenn derselbe sich an des Staatsdieners Stelle befände.“
303 1871 1402 1912 Die ältere Jurisprudenz versuchte das Staatsdienstverhält-
187 1921 1401 1963 niss auf privatrechtliche Gesichtspunkte zurückzuführen (Mandat,
189 1970 1401 2013 Dienstmiethe, Precarium, Dienstvertrag), und gelangte so zu Re-
187 2021 1401 2062 sultaten, welche die Stellung des Staatsdieners der Willkühr des
187 2070 1399 2112 Dienstherrn fast völlig preis geben. Eine Uebersicht über die
189 2120 1399 2163 älteren Theorien giebt Zachariä a. a. O. S. 26 flg. Der Gesetz-
187 2170 1398 2213 gebung dieses Jahrhunderts gebührt mehr als der Literatur das
187 2220 1331 2264 Verdienst, die richtigen Gesichtspunkte festgestellt zu haben.
303 2285 1399 2329 Preussische Verfassungsurkunde §. 86 flg. 98. Sächsische
186 2335 1400 2379 §. 41 flg. Hannoverische §. 168 flg. Württemb. §. 43 flg. u. s. w.
