1600 2612
236 305 1453 361 Agnaten des fürstlichen Hauses oder sonstige Berech-
237 375 1450 431 tigte kommt, deren Recht vor der Einführung der Erst-
237 445 1452 502 geburtsordnung begründet war und auch bei deren spä-
238 516 1450 568 terer Einführung ausserhalb des Kreises ihrer Herrschaft
238 587 1453 642 geblieben ist. Auch hier äussert nun zwar das Ver-
238 654 1453 711 fassungsrecht den Einfluss, dass nur Einer und dieser
236 727 1452 777 wieder mit sofortiger Unterwerfung unter das Primo-
239 795 1451 852 geniturrecht eintreten kann; auf die Entscheidung der
238 865 1450 921 Frage aber, wer dieser Eine sei, will die Erstgeburts-
239 935 1450 990 ordnung nicht rückwirkend einwirken, vielmehr kann
241 989 1451 1055 diese nur nach Massgabe des zur Zeit der Entstehung
242 1074 1453 1129 des Anspruchs herrschenden Rechts oder des Haus-
240 1144 1454 1198 rechts überhaupt beantwortet werden. Darüber lässt
242 1213 1453 1266 sich freilich etwas Allgemeines nicht aufstellen. Geben
241 1284 1451 1339 die Dispositionen des Hauses (fürstliche Testamente,
241 1354 1452 1410 Theilungsverträge, Vergleiche, Verzichte, sonstige Ord-
240 1424 1453 1480 nungen), oder seine Observanz, oder die ältere Landes-
241 1493 1454 1547 verfassung keine Entscheidung, so kann von Bedeutung
240 1563 1455 1616 werden die Lehnsfolgeordnung des gemeinen und be-
242 1633 1453 1683 sonders des Reichsrechts, der Einfluss der gesammten
241 1703 1453 1754 Hand, unter Umständen auch die Erbfolgeordnung bei
243 1772 1454 1826 allodialen Stammgütern, — alles diess beurtheilt nach
243 1843 1456 1898 Massgabe des älteren deutschen Fürstenrechts. Wenn
231 210 284 248 84
670 215 1020 247 Zweiter Abschnitt.
362 1940 1246 1984 Siehe meine angeführte Abhandlung S. 19 flg.
359 1989 1456 2034 Die vollständigste neuere Darstellung des fürstlichen Suc-
243 2039 1456 2081 cessionsrechts und seiner Ordnung hat Pfeiffer (über die Ord-
242 2089 1457 2137 nung der Regierungsnachfolge in den monarchischen Staaten des
241 2138 1457 2180 deutschen Bundes 1826, 2 Bände) geliefert. Indessen bin ich
244 2189 1458 2229 namentlich mit der Ansicht nicht einverstanden, welche darin über
246 2239 1414 2285 den Geltungsumfang des Primogeniturrechts vorgetragen wird.
361 2288 1456 2329 Es ist hier nicht der Ort, die Grundsätze über diese Succes-
243 2339 1459 2385 sionsordnungen des deutschen Landrechts und des Lehnrechts zu
