1600 2612
235 300 1447 353 augenblicklich nicht versammelt sind, auch ihre zeitige
237 371 1449 420 Zusammenberufung unthunlich erscheint, so hat der
237 441 1448 490 Monarch kraft einer durch die Verfassung ertheilten
236 510 1447 562 Autorisation das Recht, provisorisch das Gesetz selbst,
238 582 1449 633 d. h. vorläufig ohne ständische Zustimmung zu erlassen,
236 651 1450 702 muss sich jedoch hierbei. auf den jene Ermächtigung
239 721 1449 771 enthaltenden Artikel des Grundgesetzes ausdrücklich
237 792 1448 841 berufen. Ein solches Gesetz kann alles Dasjenige zum
235 860 1447 912 Inhalte haben, was überhaupt durch Gesetze bestimmt
237 930 1448 981 zu werden vermag, nur nicht eine Abänderung der
242 1000 1450 1053 Grundgesetze und der Verfassung, da jene Autorisation
238 1069 1451 1123 überhaupt nicht anders als innerhalb des Rahmens und
241 1140 1448 1182 auf dem Boden der letzteren stehend vorhanden ist.
242 1212 1449 1261 Sobald aber die Ständeversammlung wieder zusammen-
233 202 307 239 144
672 209 1010 241 Dritter Abschnitt.
237 1319 1449 1361 lichen Sicherheit oder Beseitigung eines ungewöhnlichen Noth-
242 1369 1450 1411 stands.“ Die Sächsische Verfassungsurkunde Art. 88. spricht von
242 1419 1452 1462 „durch das Staatswohl dringend gebotenen Verordnungen, deren
240 1468 1452 1512 vorübergehender Zweck durch Verzögerung vereitelt werden
243 1518 1452 1562 würde.“ (Nach der Bad. Verfassungsurkunde Art. 66.) Ebenso
241 1568 1453 1611 das Hannoverische Verfassungsgesetz vom 5. Sept. 1848 Art. 72.
243 1619 1453 1661 Die Württembergische Verfassungsurkunde Art. 89. spricht von
242 1668 1452 1712 der „Vorkehrung des Nöthigen zur Sicherheit des Staats in drin-
242 1718 1452 1763 genden Fällen.“ Ebenso Grossherzoglich Hessische Verfassungs-
241 1767 1456 1811 urkunde §. 73. Die contrasignirenden Minister haben sich auf
243 1817 1453 1861 dem nächsten Landtage über die Octroyirung zu rechtfertigen
242 1868 1453 1909 und das Vorhandensein einer legalen Veranlassung nachzuweisen.
359 1927 1453 1969 Vielleicht ist die Angelegenheit viel zu unbedeutend, um
244 1976 1302 2019 den Aufwand einer Ständeversammlung zu rechtfertigen.
358 2036 1455 2079 Darin, dass die Verfassungsurkunde ausspricht, ein gewisser
244 2086 1455 2132 Gegenstand solle durch die Gesetzgebung regulirt werden, liegt
242 2136 1453 2179 sicherlich keine Exemtion von der Nothgesetzgebung. Denn jene
244 2186 1452 2230 Zusicherung will nur dahin verstanden sein, dass der fragliche
246 2237 1454 2281 Gegenstand fortan nicht bloss der Entscheidung der Verwaltungs-
243 2286 1454 2330 behörden anheim gegeben sein, sondern durch festes Gesetz nor-
244 2336 1275 2378 mirt werden solle. A. A. v. Rönne a. a. O. S. 172 flg.
