1600 2612
130 284 1343 334 deutschen Staaten bestehen zwei landständische Collegien,
131 354 1345 404 die erste und die zweite Kammer,  welche selbständig
129 407 1345 463 neben einander verhandeln.  Erst ein übereinstimmen-
132 494 1346 543 der Beschluss beider Kammern gilt als Beschluss der
134 564 1344 614 Landstände. Indessen giebt es einzelne Angelegenheiten,
135 634 1346 684 welche jede Kammer für sich zu erledigen hat,  und
136 704 1347 753 andere, bei deren Entscheidung der zweiten Kammer
135 773 1347 819 ein umfassenderes Recht, als der ersten Kammer zu-
132 845 411 895 getheilt wird.
234 913 1348 963 Ueber die Bildung der beiden Kammern bestehen
135 982 1348 1034 keine gemeinrechtlichen Sätze, sondern nur particular-
138 1052 1348 1103 rechtliche Bestimmungen. Hiernach erscheinen als Mit-
138 1123 1348 1174 glieder der ersten Kammer in der Regel die Prinzen
139 1193 1350 1244 des regierenden Hauses, die Häupter der standesherr-
138 1263 1348 1312 lichen Familien, sodann Diejenigen, welchen der Monarch
137 1332 1349 1382 die Standschaft erblich oder nur lebenslänglich verliehen
136 1401 1351 1451 hat, ferner Personen, welche von grösseren Städten oder
137 1463 1350 1522 anderen Corporationen hierzu gewählt sind, endlich
140 1541 1350 1591 Solche, welchen die Mitgliedschaft vermöge ihres Staats-
139 1611 1349 1661 oder kirchlichen Amts zusteht. Die Mitglieder der
138 1680 1349 1731 zweiten Kammer sind in der Regel durchweg gewählte
1271 186 1343 222 127
518 193 958 234 §. 41. Die Landstände.
139 1769 1351 1811 Nebenattributs bestehen, welches mit dem inneren Wesen der
141 1820 869 1862 Stände gar keinen Zusammenhang hat.
256 1869 1351 1909 Die erste Kammer heisst auch „Herrenhaus,“ „Kammer der
140 1920 785 1961 Reichsräthe,“ „der Standesherrn.“
257 1968 1349 2011 Nur in einigen besonderen Fällen findet nach den Verfas-
140 2017 1349 2061 sungen ein Zusammentritt beider Kammern zu einer Kammer statt.
253 2067 1352 2109 Dahin gehört meistens die Stellung von Anträgen, Erhebung
138 2117 1352 2159 von Beschwerden, Abfassung von Adressen, in einigen wenigen
139 2167 1351 2209 Staaten auch die Ministeranklage. Ueberall freilich, wo eine Re-
138 2217 1352 2261 gierungshandlung die Genehmigung der Stände bedarf, hat schon
140 2267 1270 2311 die Ablehnung in einer Kammer die volle negative Wirkung.
253 2317 1352 2361 Diess ist bezüglich der Festsetzung des Finanzetats der Fall.
