1600 2024
619 144 1088 175 Anlegung bewässerbarer Wiesen.
241 197 1461 233 trice oder fossa maggiore) in dem höchsten Theile, von demselben aus aber die Was-
242 235 1465 273 ser- oder Seitengräben (roggette oder fossatelle maestre) in der Art angelegt, damit
241 280 1463 310 die Wässer sich gleichförmig auf der ganzen Fläche aller Beete vertheilen. Der erstere bil-
241 319 1463 349 det, so zu sagen, den Stamm, die Wassergräben aber die Zweige des Bewässerungssystems.
302 357 1464 382 Um ein Feld zu einer Winterwiese umzuwandeln, muss es das Jahr vorher von allem
242 396 1464 428 Gesträuche gereinigt, einigemal geackert, und der Boden gehörig bearbeitet werden .
241 434 1465 467 Das geackerte Feld bleibt bis Anfangs Jänner liegen, wo sodann die weitern Arbeiten be-
242 472 1465 506 ginnen, im Falle nicht die Erde noch etwa gefroren oder zu nass sey. Diese Arbeiten
241 509 1465 545 werden eigenen Wasserleitern (guardiani d’acque oder campari genannt) übertragen, da
243 551 1464 580 dieselben durch ihre fortwährende Ausübung die gehörige Leitung und Abwägung des
242 591 820 621 Wassers gewöhnlich recht wohl verstehen.
304 624 1466 659 Zuerst wird die Länge der Beete im Verhältnisse zu ihrer Breite, die gewöhnlich 9
243 666 1466 698 oder 10 braccia (17 bis 19 Fuss) nicht überschreitet, bestimmt, und die Richtung der
242 704 1466 737 Wassergräben mit Absteckpflöcken (paletti oder biffe) so wie auch die Richtung der Ab-
241 745 1466 774 flussgräben bezeichnet. Je schmäler die Beete sind, desto leichter wird es gelingen, sie
243 783 1464 810 so zu bearbeiten, dass sich keine Unebenheiten vorfinden; es werden in diesem Falle
242 821 1465 852 zwar mehr Wassergräben nothwendig, demnach auch mehr Bodenfläche hiefür verwen-
244 861 1467 891 det, allein diess wird reichlich durch den höhern Ertrag der vollkommenern Anlage er-
244 898 1467 931 setzt. Das Feld wird nun abermal gepflügt, geeggt und alle Erdschollen zertheilt; diese
245 939 1467 969 Operazionen werden Ende Februar oder Anfangs März wiederholt, jedoch immer zu
245 975 1468 1005 einer Zeit, wo der Boden weder zu nass, noch zu trocken ist, und sich möglichst leicht
246 1010 1467 1043 zertheilen lässt. Bei dem Pflügen ist als wesentlich zu bemerken, dass der Ackersmann
246 1052 1467 1084 um die Absteckpflöcke, welche die Lage der Wassergräben bezeichnen, herumackern
247 1090 1467 1124 muss, wobei er den Pflug so neigt, dass die Erde gegen diese Gräben umgestürzt wird,
246 1130 1468 1164 und so die Beete die zu beiden Seiten des Wassergrabens erforderliche Neigung anzuneh-
246 1172 489 1202 men anfangen .
309 1207 1468 1240 Ist der Boden auf diese Art gehörig gereinigt, und möglichst gut zerkleinert, so
246 1247 1485 1280 wird der Zuleitungskanal oder Hauptwassergraben gezogen, im Falle diess noch nicht
246 1286 1469 1319 geschehen ist. Derselbe läuft immer längs dem erhabensten Theile des Feldes fort, er
241 144 290 168 214
314 1341 1469 1368 Da es viele unserer Leser interessiren dürfte, das Detail dieser Operazionen näher kennen zu lernen,
328 1375 1470 1404 so wollen wir dieselben hier beifügen. Soll ein Acker in eine Winterwiese umgestaltet werden, so
328 1408 1470 1435 müssen bereits das Jahr vorher alle Bäume ausgerottet, und der Grund von Dornen und Gesträuch
329 1441 1471 1468 gereinigt werden; im Monate April wird das Feld gut gedüngt, gepflügt und türkischer Waizen ge-
330 1473 1471 1499 säet. Der letztere wird dann mehreremale gejätet, um alles Unkraut, so oft es wächst, zu ver-
333 1505 1472 1534 tilgen. Nach der Fechsung des türkischen Waizens werden die Stengel ausgerissen, das Feld wie-
331 1538 1472 1568 der von allem Unkraute befreit, und die Erde nochmals vor dem Winter umgestürzt, um auf diese
332 1566 1472 1600 Art alle Gräser, welche noch darin geblieben sind, zu entwurzeln und den Boden gehörig auf-
332 1609 442 1630 zulockern.
327 1637 1471 1669 Drei Ackerungen genügen, wenn der Boden leicht und sandig ist, in einem steinigen oder zähen Bo-
333 1669 1473 1696 den muss man aber diese Arbeit noch mehrmal vornehmen; die gehörige Auflockerung des Bodens,
334 1701 1472 1726 welcher zu einer Wiese verwendet werden soll, ist immer als eine wesentliche Arbeit zu betrachten.
335 1732 1474 1762 Enthält das Feld sehr viel Unkraut (triticum repens), so muss die Ackerung im Juli und August
337 1763 1474 1795 vorgenommen, und alle Wurzeln durch Tagelöhner mehreremale ausgejätet werden. Ohne dieser
337 1796 1474 1829 Sorgfalt würde der später gesäete Klee und das englische Raygras nicht gerathen, und von dem
336 1837 743 1863 Unkraute gleichsam erstickt werden.
