1600 2779
286 233 1549 315 nicht moͤglich, einen allgemeinen Termin fuͤr das eintre-
285 306 1549 391 tende Alter feſtzuſetzen, weil die Erfahrung lehrt, daß
286 372 1550 453 ſich daſſelbe bey dem einen fruͤher, bey dem andern ſpaͤter,
287 430 1551 516 aͤuſſert. Es kommt alſo hierbey alles auf das Ermeſſen
288 500 1552 588 des Richters an , welcher bey ſeinem Urtheil uͤber das
288 566 1552 646 Alter eines Menſchen vorzuͤglich auf die Leibes- und Ge-
283 631 1553 724 muͤthskraͤfte deſſelben zu ſehen hat ; wenn nicht etwa
288 699 1568 788 die gemeinen oder beſondern Rechte in dieſem oder jenem
289 762 1551 860 Fall beſonders beſtimmt haͤtten, wenn ein Menſch fuͤr alt
287 824 1552 914 gehalten werden ſolle. So z. B. nehmen die roͤmiſchen
287 894 1551 981 Geſetze an, daß man nach zuruͤckgelegten ſechzigſten
282 960 1552 1047 Jahre zum Zeugungsgeſchaͤft nicht mehr aufgelegt ſey, und
280 1027 1548 1115 erlauben daher, in einem ſolchen Alter zu adoptiren .
280 1091 1550 1184 Sie ſprechen ferner denjenigen, welcher ſiebenzig
278 1160 1548 1244 Jahr alt iſt, von der Uebernahme der Vormundſchaften
280 1226 1547 1319 frey  u. ſ. w. In Sachſen wird ein Menſch fuͤr alt
280 1291 1544 1378 gehalten, wenn er das ſechzigſte Jahre uͤberſchritten hat .
283 1473 1543 1548 Unterſchied zwiſchen Perſonen, die ſui iuris, aber noch minder-
412 1523 1423 1594 jaͤhrig ſind, in Abſicht der Vormundſchaft.
391 1612 1539 1698 Perſonen, welche von der vaͤterlichen Gewalt frey,
277 1681 1540 1768 aber noch unmuͤndig ſind, werden Pupillen, Muͤndel
276 1744 1537 1835 oder Muͤndlinge  genennt. Solche junge Leute, wenn
244 114 388 175 200
611 131 1257 209 1. Buch. 6. Tit. §. 131.
1491 1852 1535 1904 ſie
366 1921 1532 1994 zacchias Quaeſtion. Medico-Legal. Lib. I. Tit. 1. Qu. 9.
322 1968 1342 2035 carpzov Pract. rer. crim. P. III Qu. 144. n. 13.
363 2026 1530 2102 Eichmann in den Erklaͤrungen des buͤrgerlichen Rechts
320 2073 790 2132 3. Th. S. 56. u. folgg.
369 2136 955 2197 L. 15. §. 2. D. de adoption.
364 2196 1531 2280 §. 13. Inſt. de excuſat. tutor. L. 2. §. 1. D. eodem. L. 3.
317 2254 1536 2338 D. de iure immunitat. L. un. Cod. qui aetate ſe excuſant.
363 2312 1204 2383 Saͤchſiſch Landrecht B. I. Art. 48.
362 2375 1526 2452 L. 239. pr. D. de Verb. Significat. pupillus eſt, qui,
311 2425 1476 2497 cum impubes eſt, deſiit in patris poteſtate eſſe aut morte, aut
313 2475 602 2519 emancipatione.
