1600 2779
66 187 1389 298 ſtatt . Zudem macht ja die Ertheilung und Anneh-
74 287 1407 364 mung eines grazioͤſen Privilegiums wohl ohnſtreitig einen
75 362 1407 433 Vertrag aus. Vertraͤge muͤſſen aber dem Staat eben
69 430 1407 504 ſowohl als ſeinen Buͤrgern heilig ſeyn . Zwar kommt
79 491 1407 570 ein grazioͤſes Privilegium mit einem Precarium darin
74 557 1406 643 uͤberein, daß beydes eine Art der Freygebigkeit iſt, ſo aus
84 624 1499 709 Gunſt gegen Jemanden ausgeuͤbt wird . Allein die
78 706 1452 778 Widerruflichkeit unterſcheidet das Precarium deutlich ge-
88 777 1408 850 nug von einer Schenkung, die an ſich unwiderruflich iſt.
80 840 1409 918 Meiner Meinung nach kommt es bey der obigen Frage
75 907 1409 974 darauf an, ob ſich der Ertheiler des Privilegiums den
78 978 1408 1040 Widerruf vorbehalten habe, oder nicht. Iſt erſteres, wel-
84 1044 1411 1129 ches durch die Clauſeln: auf Wohlgefallen, bis auf
79 1087 1407 1203 Widerruf, bis auf weitere Verfuͤgung, oder der uns,
82 1199 1406 1293 unſern Erben und Nachkommen zuſtehenden Macht
94 1272 1406 1364 zu mindern oder gar aufzuheben, vorbehaͤltlich, zu
94 1348 1408 1435 erkennen gegeben wird, ſo kann dergleichen Privilegium
95 1422 1408 1493 nach dem Wohlgefallen des Ertheilers zu aller Zeit wi-
92 1486 1409 1566 derrufen werden. Denn ein ſolches Privilegium nimmt
78 1550 1406 1627 die Natur eines Precarium an. So wie jedoch ein Pre-
85 1615 1409 1689 carium nicht gleich mit dem Tode deſſen, der etwas auf
82 1690 1399 1794 dieſe Art gegeben hat, aufhoͤrt , ſo iſt ein gleiches
1331 134 1402 201 31
322 78 1226 196 de Conſtitutionibus Principum.
1280 1769 1399 1828 auch
173 1868 1397 1960 Ganz recht ſagt daher gundling in Iure Naturae et Gent.
125 1961 1381 2017 cap. XII. §. 45. gratuita privilegia libere quidem promittuntur,
117 1974 1025 2082 ſed poſtquam promiſſa, valide ſunt ſervanda.
170 2080 1399 2169 gebauer in Diſſ. de privilegiis §. 19. Struben rechtli-
126 2153 705 2208 che Bedenken 2. Th. Bd 80.
168 2238 1398 2296 L. 1. D. de preeario ſagt: Precarium eſt quidem genus li-
120 2304 1399 2356 beralitatis, ſed diſtat a donatione, eo, quod, qui donat,
120 2362 1397 2428 ſic dat, ne recipiat; at qui precario concedit, ſic dat, quaſi
105 2409 1209 2487 tunc recepturus, cum ſibi libuerit precarium ſolvere.
160 2499 981 2554 L. 8. §. 1. L. 12. §. 1. D. de precario.
