1600 2790
64 219 1398 296 erlaubt ſeyn, ihren Kindern den gebuͤhrenden Pflichtheil,
64 289 1434 363 durch Schenkung, Vermaͤchtniß oder Fideicommiß zu hin-
64 356 1400 430 terlaſſen, ohne ſie zu Erben einzuſetzen. Haben die El-
62 428 1401 494 tern dieſe Vorſchrift nicht beobachtet, ſo haben ſie nur
65 493 1402 562 in Anſehung der Erbenseinſetzung wider das Geſez
65 561 1402 627 gehandelt, nicht in Anſehung deſſen, was ſie ſonſt an
66 629 1398 696 Vermaͤchtniſſen, Fideicommiſſen, Vormundſchaften, u. d.
65 699 1400 765 in ihren lezten Willen verordnet haben. Alſo iſt nur jene
64 765 1399 834 unguͤltig, alles andere hingegen bleibt aufrecht. Ich
62 831 1394 899 uͤbergehe andere Beyſpiele , und bemerke nur noch,
64 903 1398 971 daß in den angefuͤhrten Faͤllen die bekannte Regel: utile
64 969 1395 1041 per inutile non vitiatur  eintrit, welche jedoch nicht
65 1040 894 1109 in jedem Fall anwendbar iſt .
175 1176 1394 1245 Noch eine Frage iſt zu eroͤrtern uͤbrig, nehmlich
67 1242 1393 1314 dieſe, ob gegen verbietende Vorſchriften der Geſetze eine
68 1310 1393 1374 Entſagung ſtatt finde? Nach der Natur verbietender
67 1378 1392 1446 Geſetze koͤnnen wir hierauf anders nicht als mit Nein
66 1451 1388 1516 antworten. Denn denken wir uns ein verbietendes Geſez,
68 1514 1387 1583 ſo laͤſſet ſich damit ohne Widerſpruch nicht verbinden,
66 1586 1389 1652 daß es den Unterthanen erlaubt ſey, demſelben nach Gut-
1303 113 1401 189 107
491 110 977 165 de Iuſtitia et Iure.
1271 1665 1388 1717 befin-
172 1757 1384 1827 Man vergleiche L. 5. §. 2. L. 31. §. 4. D. de donat.
123 1827 1158 1886 inter Vir. et Vx. L. 7. C. de inoff. donat.
182 1914 1381 1973 L. 1. §. 5. D. de Verb. obligat. cap. 37. de Reg. Iur.
122 1975 260 2017 in 6to.
187 2064 1378 2120 averanius Interpretat. iuris Tom. I. Lib. II.
123 2116 1379 2177 c. 3. n. 11. und 12. beſtimmt den Gebrauch obiger Regel
121 2179 1379 2236 folgendergeſtalt: Haec regula obtinet, cum lex ſiatuit
120 2244 1376 2295 certam quantitatem, quam excedere non licet: tunc enim
122 2301 1374 2358 vitiatur ſolus exceſſus, quia vitium eſt ſolummodo in ex-
123 2359 1373 2418 ceſſu. Contra vero, quando lex ſtatuit aliquid de natura
125 2419 1371 2477 actus, eique formam praeſcribit, tunc quia vitium eſt in
124 2478 1370 2541 ipſa natura formaque actus, neceſſe eſt, ut totus actus
116 2545 274 2580 corruat.
