1600 2779
49 212 1383 304 halte ich bey der einſtimmigen Leſeart aller Handſchriften
51 301 1375 368 und Ausgaben unſerer Decretalen fuͤr bedenklich . Es
53 372 1386 438 muß alſo wohl einen andern Grund gehabt haben, wa-
53 436 1380 502 rum der Papſt gegen das Ciſtercienſer Kloſter St. Andraͤ
57 500 1378 571 eine dreyßigjaͤhrige Verjaͤhrung fuͤr hinreichend hielt.
61 567 1318 639 Vielleicht hat Boͤhmer in der unten excerpirten Note
65 641 772 702 die Sache am beſten getroffen.
186 739 1386 801 Ich ſchreite zu den zweyten Fall, wenn von affir-
72 804 1389 870 mativen Privilegien die Frage iſt. Dieſe koͤnnen durch
73 872 1390 938 den bloßen Nichtgebrauch erloͤſchen , 1) wenn
74 942 1390 1005 es dem Privilegirten nicht an Gelegenheit gefehlet, von
76 1011 1390 1076 ſeinem Privilegium Gebrauch zu machen ; er auch 2)
1304 126 1382 188 43
324 99 1101 220 de Conſtitutionibus Principum.
1344 1084 1391 1129 in
151 1178 1389 1232 Dieß muthmaſet wasmuth cit. Diſſertat. Cap. II. §. 26.
97 1236 271 1285 S. 65.
162 1307 1396 1360 ad Cap. 6. X. de privileg. Not. 72. — Forſan alexan-
146 1367 1396 1417 der III. ideo etiam elegit iuris veteris doctrinam, ut eo
150 1421 1399 1479 citius exſpiraret Ciſtercienſium immunitas a decimis, quam
145 1476 1401 1526 directo revocare noluit, ſed tantum eius uſum reſtrinxit. Haec
142 1535 1402 1588 enim admodum eo tempore in invidiam deducta, ut in Con-
139 1593 1399 1645 cilio Lateranenſi III. graviſſimae contra eam motae fuerint
132 1650 1398 1712 querelae, quas recenſet ſuccincte manrique in Annal Ciſterc.
141 1707 1402 1759 Tom. III. ad annum MCLXXIX. c. 3. et quarum ipſe Pon-
136 1765 1401 1825 tifex mentionem facit in cap. 9. X. de decimis, adeo ut ami-
137 1824 1400 1882 cabilem compoſitionem cum epiſcopis fratribus Ciſtertii ſuaſerit
137 1886 1403 1947 potius, quam rigidam immunitatis propugnationem, poſtquam
139 1945 851 1994 bona eorum in immenſum creverant.
188 2017 1406 2072 S. Sam. stryck Diſſ. de non uſu iuris quaeſiti. rec. Lip-
134 2074 1410 2135 ſiae 1698. Cap. II. n. 40. ſqq. und Cap. III. hartleben in
145 2134 1155 2186 Meditat. ad Pandect. Spec. XIII. med. 5. S. 253.
190 2210 1410 2258 mevius in Deciſ. Part. II. Deciſ. 1. wernher in Obſer-
143 2269 1409 2320 vat. forens. Tom. I. Part. I. Obſ. 108. Daher bewirkt z. B.
142 2329 1412 2388 das Verfallen der Gerichtsplaͤtze keinen Verluſt der Gerichis-
143 2387 1411 2449 barkeit ſelbſt, wenn keine Verbrechen ſeit langer Zeit began-
146 2442 1410 2505 gen worden, die dort haͤtten geruͤget werden koͤnnen. S.
132 2502 1391 2561 Quiſtorp Grundſaͤtze des T. peinl. Rechts 2. Tb. §. 568.
