1600 2779
108 255 1381 318 ters . Die Hausmutter hatte daran keinen Antheil .
12 319 1380 384 Denn da der Paterfamilias als das Haupt der Fami-
104 386 1381 448 lie angeſehen wurde, deſſen Herrſchaft alle zur Familie
106 449 1383 512 gehoͤrige Perſonen unterworfen waren, ſo ſchien es un-
102 518 1383 587 ſchicklich zu ſeyn, der Mutter einen Antheil an der vaͤter-
103 586 1383 652 lichen Gewalt zu verſtatten, da ſie ſelbſt durch die Ehe
102 651 1382 712 in eine ſo ſtrenge Gewalt des Mannes gekommen war,
97 718 1385 781 daß ſie in Verhaͤltniß gegen denſelben nur wie eine Fi-
97 783 1384 848 lia Familias betrachtet wurde . Dieſe vaͤterliche
97 849 1383 912 Gewalt war nun Anfangs nach der Verfuͤgung des Ro-
99 912 1382 975 mulus beynahe von graͤnzenloſen Umfange. Der Vater
97 980 1378 1040 hatte nicht nur die haͤusliche Gerichtsbarkeit uͤber ſeine
93 1049 1374 1108 Kinder, und konnte ſogar ein Recht uͤber Leben und Tod
92 1114 1375 1178 derſelben ausuͤben , weßhalb mit Recht die vaͤterliche
92 1180 1375 1244 Gewalt eine maieſtas patria von den Alten  genennt
93 1246 1373 1309 wird; ſondern auch ein voͤlliges Eigenthumsrecht ſtund
96 1311 1377 1378 dem Vater uͤber die Perſon und das Vermoͤgen ſeiner
311 141 1175 208 De his, qui ſui vel alieni iuris ſunt.
1283 148 1394 209 205
1273 1387 1377 1436 Kin-
167 1536 1369 1589 Ius poteſtatis, quod in liberos habemus, ſagt iustinianus
141 1593 1371 1642 §. 2. I. de patr. pot. proprium eſt civium Romanorum: nulli
134 1645 1369 1698 enim alii ſunt homines, qui talem in liberos habeant poteſta-
133 1703 1366 1753 tem, qualem nos habemus. Ueber den eigentlichen Sinn die-
134 1761 1361 1811 ſer Worte vergleiche man den Ianus a costa in Comment.
135 1820 352 1864 ad h. §. 2.
84 1911 1204 1968 ulpian. Fragm. Tit. VIII. §. 8. L. 5. C. de adopt.
181 2000 1116 2050 S. oben die Not. 33. zum §. 117. Seite 118.
174 2098 1363 2145 Abrah. wielingii Diſſertat, de iure antiquo vitae ac necis
129 2152 1364 2203 parentum in liberos. Amſtelod. 1723. 4. Cornel. van byn-
126 2211 1361 2257 ckershoek Opuſc. de iure occidendi, vendendi, et exponendi
127 2267 1363 2319 liberos apud vet. Romanos in eius Opuſculis varii argumenti
124 2321 1068 2372 Lugd. Batavor 1719. 4. N. III. S. 145—231.
80 2418 1352 2467 valerius maximus Lib. VII. c. 7. ex 5. livius lib. IV.
124 2491 281 2532 cap. 45.
