1600 2779
226 254 1512 325 Geſetz uͤberhaupt etwas verordnet, ohne die Weibsperſo-
222 322 1512 386 nen auszunehmen, ſolches auch mit auf dieſelben zu er-
225 385 1512 454 ſtrecken ſey . So z. B. kommen die den Erben zu Gun-
224 450 1511 519 ſten verordnete Rechtswohlthaten allerdings den weibli-
226 510 1511 582 chen Erben ſo gut als den maͤnnlichen zu ſtatten. Ja
228 580 1513 648 wenn auch in einem Geſetz nur des maͤnnlichen Geſchlechts
225 646 1509 720 vorzuͤglich waͤre gedacht worden, ſo iſt deswegen das weib-
225 712 1509 783 liche nicht gleich fuͤr ausgeſchloſſen anzuſehen, wenn nicht
224 776 1512 847 das Gegentheil entweder aus dem Geiſt und dem Gegen-
222 842 1511 914 ſtande des Geſetzes, oder aus andern Geſetzen deutlich
225 911 1509 986 erhellet . So z. B. hat das zwoͤlftafel Geſetz, welches
222 980 1507 1039 dem Paterfamilias das Recht, ein Teſtament zu machen,
218 1045 1509 1119 giebt, die Materfamilias  gewiß ſo wenig, als das
218 1110 1509 1186 weibliche Geſchlecht von der Inteſtat-Erbfolge ausſchlieſ-
218 1180 1506 1249 ſen wollen , wenn gleich die Ausdruͤcke ſuus heres
221 1244 1505 1320 agnatus proximus vorzuͤglich das maͤnnliche Geſchlecht
221 1312 1506 1382 andeuten . Dahingegen kann unter dem ausdruͤcklich
232 171 329 208 112
560 141 1200 209 1. Buch. 5. Tit. §. 117.
1442 1392 1506 1438 ge-
292 1496 1503 1559 L. 1. D. de Verb. Signif. Verbum hoc: Si quis, tam maſcu-
268 1562 885 1613 los quam feminas complectitur.
287 1612 1503 1675 L. 195. pr. D. de Verbor. Signif. Pronunciatio ſermonis in
262 1670 1505 1727 ſexu maſculino ad utrumque ſexum plerumque porrigitur. Die
265 1726 1503 1785 Anwendung davon wird in L. 116. 163. §. 1. L. 172. L. 201.
264 1783 1405 1842 D. de Verb. Sign. und L. 62. D. de legat. 3. gemacht.
289 1844 1503 1900 cicero pro Caecinna cap. 6. ulpianus Fragm. Tit. XX.
261 1901 1505 1967 §. 15. S. treckel Tr. de origine atque progreſſu teſta-
236 1958 1431 2013 mentifactionis praeſertim apud Rom. Cap. III. §. 4. S. 60.
286 2019 1503 2079 Dies hat wenigſtens D. Io. Chriſtph. duisberg in der ele-
268 2076 1500 2142 ganten Diſſ. de principio ſucceſſionis gentilitiae apud vet. Rom.
224 2131 1502 2191 Halae 1788. §. 2. gegen die Meinung des Hrn. Prof. Hugo
270 2187 1502 2247 in Comment. de fundamento ſucceſſionis ab inteſtato ex iure
265 2238 1501 2299 Rom. antiquo et novo. Goett. 1785. §. 4. ſq. ſehr gruͤndlich
268 2313 442 2359 erwieſen.
316 2352 1502 2419 Daß das zwoͤlftafel Geſetz bey der Erbfolge keinen Unter-
270 2415 1499 2513 ſchied des Geſchlechts habe machen wollen, beſtaͤttigen Pau-
