1600 2779
224 279 1511 340 allein die meiſten dieſer Gruͤnde ſind ſo beſchaffen, daß
224 347 1505 409 ſie vielmehr die Geburt befoͤrdern, wenn ſie auch dem
226 412 1506 476 Wachsthum des Foͤtus nicht guͤnſtig ſind; ſie wuͤrden
226 482 1507 540 alſo zwar ſoviel zuwege bringen, daß ein Kind mager,
227 544 1508 604 kraͤnklich, und ſchwach auf die Welt kaͤme, aber weder an
229 610 1508 675 der Reife ſelbſt wuͤrde etwas fehlen, noch wuͤrde die Ge-
228 675 1509 740 burtszeit dadurch verzoͤgert werden. Ueberhaupt aber ha-
229 743 1511 804 ben die meiſten Hiſtoͤrchen, wodurch die Moͤglichkeit ſol-
231 806 1512 868 cher Verſpaͤtungen beſcheiniget werden will, ſo viel Ver-
231 870 1510 936 daͤchtiges, daß man in der That nicht ſehr geneigt wird,
231 937 1437 1003 ihnen Glauben beyzumeſſen. Daher ſie auch Koͤderer
229 1008 1514 1069 alle verwirft. Der Richter aber darf um ſo weniger da-
227 1073 1513 1136 rauf achten, weil ihm der geſetzliche Termin eine eben ſo
229 1134 1514 1207 noͤthige als ſichere Maasregel giebt, uͤber den er daher
230 1206 1360 1271 nach eigener Willkuͤhr nicht hinaus gehen darf .
349 1343 1515 1405 Weil indeſſen K. Juſtinian  nur ein ſolches
235 1407 1516 1470 Kind, ſo nach des Mannes Tode gegen dem Ende des
236 1476 1492 1542 eilften Monats gebohren worden, fuͤr illegitim erklaͤrt;
230 184 323 222 102
527 168 1210 237 1. Buch. 5. Tit. §. 116.
1480 1549 1520 1604 ſo
323 1697 1520 1751 Elem. art. obſtetr. pag. 218. „Tantum abeſt, ut hae cau-
280 1752 1518 1805 ſae foetus moram in utero retardent, ut potius accelerent. Vi-
281 1814 1519 1861 duae quidem vanis hisce ſpeciebus illicitam venerem defende-
280 1872 1520 1918 re, hereditates aucupari, imo medicos nimis credulos vel lu-
282 1929 1519 1977 eri cupidos in ſuas partes trahere ſtudent, ſed mera haec ſunt
279 1984 1520 2035 ludibria, praetereaque nihil.“ Adde alberti ſyſtem. iurisprud.
285 2041 911 2094 medicae T. I. Cap. VII. §. 19.
343 2141 1451 2197 S. Schott im Eherecht §. 185. in Not **** S. 410.
334 2239 1520 2304 Nov. XXXIX. cap. 2. Die Worte undecimo menſe perfe-
282 2297 1521 2358 cto ſind in der Bulgate nicht richtig uͤberſetzt, es muß eigent-
282 2355 1518 2408 lich heiſſen ſub finem und ecimi menſis, wie Luc. van
285 2411 1519 2471 de poll de exheredat. et praeterit. cap. 38. emendirt, und
283 2468 1326 2527 Hombergk zu Bach auch wirklich uͤberſetzt hat.
