1600 2779
252 249 1547 339 aus Mutterleibe heraus iſt, ſterben ſollte . Kennzei-
251 317 1546 400 chen des Lebens bey neugebohrnen Kindern ſind nun
251 381 1545 474 Stimme, Puls und gewiſſe Handlungen, die das geborne
216 447 1546 540 Kind ausuͤbt. Hierher gehoͤrt oͤffnen und bewegen der
250 517 1545 606 Augen, und freywillige Bewegung der Glieder . Zwar
252 585 1545 673 wird von einigen Aerzten vorgegeben: daß das Bewegen
254 650 1546 736 der Glieder auch als Zuckung bey einem in der Geburt
253 716 1546 812 ſterbenden, und gleich darauf ans Tageslicht tretenden
253 781 1546 878 Kinde ſtatt haben koͤnne ; allein wenn gleich dieſe
253 851 1546 946 Meinung als menſchenfreundlich in ſo fern alle Achtung
252 926 1545 1018 verdient, als ſie nur dahin zielt, bey der Unterſuchung
249 992 1547 1084 eines angegebenen Kindermords die deſſelben verdaͤchtige
192 1050 1545 1153 Mutter mit der Tortur zu verſchonen, ſo verdient ſie doch
248 1121 1546 1211 hier, wo blos von der Erbfaͤhigkeit des Kindes die Re-
248 1188 1546 1291 de iſt, keinen Beyfall, indem in einem ſolchem Falle im Zwei-
247 1258 1546 1359 fel immer eher anzunehmen iſt, daß die nach der Geburt ge-
248 1327 1545 1421 ſehene Bewegungen des Kindes freywillig, als daß ſie con-
250 1398 1545 1498 vulſiviſch geweſen, mithin das Kind allerdings lebendig ge-
252 1464 1545 1558 bohren worden ſey. Uebrigens darf hier nicht unbemerkt
249 1534 1545 1626 bleiben, daß uͤber die eigentlichen Lebenskennzeichen unter
245 1603 1547 1698 den Secten der alten roͤmiſchen Juriſten ein Streit gewe-
244 1669 1544 1758 ſen . Die Proculianer nahmen an, daß ein Kind
243 1734 1545 1823 fuͤr todgebohren zu halten ſey, wenn es nach der Geburt
246 1809 1542 1904 nicht geſchrien haͤtte. Die Sabinianer behaupteten hinge-
245 1882 1544 1976 gen, daß ein lebendiges Kind auch ohne Stimme koͤnne ge-
244 1947 1543 2044 bohren werden, wenn andere Zeichen des Lebens vorhan-
251 143 314 191 72
581 141 1223 218 1. Buch. 5. Tit. §. 115.
1464 2052 1540 2100 den
342 2091 1317 2171 L. 3. Cod. de poſtum. hered. inſtit. vel exhered.
340 2180 1539 2256 Campers Abhandlung von den Kennzeichen des Lebens
290 2239 1128 2297 und des Todes bey neugebornen Kindern.
242 2337 1538 2406 eschenbach Medecin. legal. pag. 194. roederer de Suf-
289 2395 432 2434 focatis.
337 2442 1538 2515 Gotfr. mascovius de Sectis Sabinianorum et Proculianor.
287 2499 1206 2571 in iure civili. Cap. IX. §. 16. pag. 202. ſq.
