1600 2779
74 243 1363 307 Teſtament errichten, doch iſt man geneigter die Einrede
74 314 1362 380 des Betrugs und der liſtigen Ueberredung gegen ihre Ge-
73 377 1361 442 ſchaͤfte gelten zu laſſen, als bey vollkommen vernuͤnftigen
76 444 1361 506 Perſonen. Curatoren duͤrfen ihnen auch nur in dem
77 511 1363 575 Fall beſtellet werden, wenn die Schwachheit des Verſtan-
75 578 1366 642 des zu einer ſolchen Stufe der Bloͤdigkeit geſtiegen, daß
75 646 1366 709 ſie die Verwaltung des eigenthuͤmlichen Vermoͤgens be-
75 712 1365 823 hindert, ſonſt nicht . Vorzuͤglich wichtig iſt jedoch
75 774 1365 849 der Unterſchied zwiſchen voͤllig wahnſinnigen, einfaͤltigen
74 842 1362 918 und kindiſchen Leuten in peinlichen Faͤllen, wenn von Zu-
74 901 1363 974 rechnung und Beſtrafung begangener Verbrechen die Re-
72 971 1362 1091 de iſt; die Ausfuͤhrung dieſes Puncts gehoͤrt aber nicht
70 1051 356 1121 hierher .
186 1105 1357 1266 Zum Beſchluß dieſer Materie muß ich noch folgen-
72 1227 722 1293 de Anmerkungen hinzufuͤgen.
186 1310 1361 1404 a) Im Zweifel vermuthet man von einem jeden, daß
73 1403 1358 1467 er den voͤlligen Gebrauch des Verſtandes und der Ver-
73 1468 1172 1533 nunft habe, bis das Gegentheil erwieſen iſt . Unſinn
70 1536 1356 1600 und Wahnwitzigkeit wird daher nie praͤſumirt, ſondern
67 1604 1356 1697 muß von dem erwieſen werden, der aus dieſem Grunde
1268 96 1430 208 125
484 132 967 195 de Statu Hominum.
1238 1678 1357 1732 auf
160 1799 1349 1861 hommel Rhapſod. Quaeſtion. forens. Vol. II. Obſ. 283.
114 1856 1118 1908 Struben rechtliche Bedenken 1. Th. Bed. 138.
157 1931 1348 2006 Man vergleiche inzwiſchen Quiſtorp Grundſaͤtze des T.
110 2008 1345 2062 peinl. Rechts 1. Th. 2. Abſchn. 2. Kap. §. 39. boehmer in
108 2068 1346 2117 Obſervat. Select. ad Carpzovii practic. nov. rer. crim. P. III.
107 2125 1345 2180 Qu. 145. Obſ. 1. (von Reder) peinliches Recht nach den
107 2180 1344 2232 neueſten Grundſaͤtzen vollſtaͤndig abgehandelt (Offenbach
104 2238 1345 2288 am Mayn 1783.) I. Th. V. Kap. §. 7. 8. 9. Dorn Ver-
102 2293 1341 2374 ſuch eines practiſchen Commentars uͤber das peinliche Recht.
104 2351 465 2399 1. Band S. 72. f.
145 2438 1331 2492 Chriſtoph Lud. crellii Obſervationes de probatione ſanae
99 2497 646 2546 mentis, Vitembergae 1737.
