1600 2526
228 217 1489 259 von einem überwältigenden Unglück, ohne dass sie einen Grund
231 268 653 311 dafür finden konnten .
318 323 1489 366 Unmittelbar nach dem Anfalle zeigt die psychische Thätigkeit
229 376 1489 419 oft die auffallendsten Störungen. Der Kranke spricht zuweilen längere
229 429 1490 471 Zeit unzusammenhängend wie ein Blödsinniger, und es stellt sich
230 482 1490 524 mitunter die Intelligenz erst nach einigen Tagen wieder bis zu ihrem
231 533 1491 577 früheren Verhalten her. Noch viel wichtiger aber sind jene, dem
231 586 1489 629 Krampfanfalle auf dem Fusse folgenden Paroxismen von Tobsucht,
231 639 1491 676 die sich oft durch einen so hohen Grad von blinder Wuth und
233 695 1491 735 Wildheit, ein so tolles Dreinschlagen, wie es bei andern Maniacis
228 750 899 790 kaum jemals vorkommt, auszeichnen.
318 803 1491 845 Eine sehr grosse Anzahl Epileptischer ist aber auch während
231 857 1491 898 der krampffreien Zeiten geisteskrank. Um zu erkennen, in wel-
231 911 1492 952 chem Umfange dies der Fall ist, darf man die Epilepsie nicht nach
230 963 1491 1004 den vereinzelten Fällen der Privatpraxis, sondern man muss sie nach
230 1017 1492 1059 den Daten studiren, welche sich der Beobachtung in den grösseren
230 1072 1492 1115 für solche Kranke bestimmten Anstalten ergeben. So waren z. B.
229 1116 1492 1166 unter 385 von Esquirol  beobachteten epileptischen Frauen 46 hy-
230 1176 1491 1216 sterische, wovon viele an Hypochondrie, an maniacalischen Anfällen
229 1229 1491 1271 litten, 30 weitere Maniacae, 12 mit Monomanie behaftete, 8 Idioten,
232 1282 1492 1328 145 Blödsinnige (darunter 16 beständig blödsinnig, die anderen nur
229 1338 1489 1382 kürzere oder längere Zeit nach dem Anfall); 50 waren gedächtniss-
230 1390 1491 1436 schwach oder hegten exaltirte Ideen. 60 Kranke (also nur ⅕)
227 1447 1492 1491 waren ohne Störung der Intelligenz, aber die meisten reizbar, eigen-
228 1502 1491 1545 sinnig, zum Zorne geneigt. Die letztere Characterveränderung, eine
228 1556 1491 1594 vorherrschend misstrauische, unzufriedene, neidische, zänkische, mi-
228 1610 1491 1652 santhropische Gemüthsverstimmung, zuweilen auch eine wahre Me-
227 1662 1492 1705 lancholie mit Hang zum Selbstmord tritt bei einer Menge Epileptischer
229 1717 1490 1759 ein; sie mag zum grossen Theil aus dem Gefühl ihrer exceptionellen
228 1768 1489 1814 und traurigen Lage, aus dem allmähligen Innewerden des moralischen
228 1823 1487 1868 Todes, zu dem sie durch ihre Krankheit verurtheilt werden, entspringen.
317 1875 1488 1921 Die wichtigste andauernde psychische Störung bei Epileptischen
229 1928 1490 1974 ist der Blödsinn. Im Durchschnitt tritt er um so früher ein, je öfter
225 1980 1488 2032 die Anfälle kommen. Das Gedächtniss nimmt ab, das Vorstellen
227 2036 1488 2086 wird träge, die Phantasie verliert ihren Farbenreichthum, ihre Innigkeit
603 131 1114 171 Die Epilepsie als Complication.
229 138 297 171 288
346 2179 1487 2219 Cyclopädia of pract. medic. Vol. II. Art. Epilepsy von Cheyne. S. auch
226 2224 1487 2260 den Fall von noch erinnerten PhantasiecnPhantasieen aus dem epileptischen Anfall in Nasse
226 2270 898 2309 Zeitschr. f. Anthropologie. 1825. I. p. 190.
366 2314 1219 2352 Die Geisteskrankheiten, übers. v. Bernhard. I. p. 169.
