1600 2526
534 127 1091 157 Haut-Nieren-Genitalienkrankheiten.
188 212 1442 252 erinnern, dass, so lange die genauere anatomische Diagnose im ein-
184 265 1445 305 zelnen Falle nicht gemacht ist, sowohl dem ätiologischen Urtheile,
183 317 1445 359 als einer rationellen Therapie jeder sichere Anhaltspunkt entgeht. In
186 370 1447 412 Bezug auf die Casuistik von Fällen nun, wo bei Irren nach dem Tode
187 414 1450 461 Alterationen der Unterleibs-Eingeweide gefunden wurden, müssen wir
187 474 1449 515 auf die reichhaltige Literatur über diesen Gegenstand (z. B. die Schrift
188 526 1449 567 von Buzorini und die Reihe Bonner, unter Nasses Präsidium ausge-
185 578 1449 617 arbeiteter Dissertationen) verweisen, noch einmal daran erinnernd,
190 631 1449 672 dass ein bloss gleichzeitiges Vorkommen ohne alle Einsicht in den
185 684 1447 726 Mechanismus der reciproquen Wirkung nicht genügt, jene Alterationen
190 739 941 773 als Ursachen des Irreseins zu betrachten.
261 791 1448 825 Das Pellagra bietet ein auffallendes Beispiel des Zusammenvorkommens von
191 836 1448 867 Irresein mit einer Hautkrankheit. Aber jene stets wiederholten Angaben von
191 879 1452 917 Entstehung des Irreseins aus unterdrückten Ausschlägen, in Folge schnell ge-
191 922 1451 954 heilter und vertrokneter Hautulcerationen etc. sind mit grosser Vorsicht und
192 966 1450 1002 Critik zu betrachten. Oft sind es die psychischen Ursachen, noch öfter schon
190 1010 1452 1048 der Beginn des Irreseins selbst, unter deren Einfluss solche äussere Krankheiten
191 1048 1453 1091 eine Aenderung des Verlaufs erleiden, und am wenigsten darf als von einer
190 1099 1453 1136 Ursache des Irreseins von der Unterdrückung solcher Exantheme die Rede sein,
193 1139 1118 1181 die, wie die Krätze, aus rein äusseren Ursachen entstehen.
266 1188 1454 1216 Der Nierenkrankheiten und der Anomalieen im Chemismus der Urin-
194 1233 1453 1266 secretion sei hier nur gedacht, um vielleicht genauere Untersuchungen bei den
192 1277 1454 1311 Irren in dieser Beziehung anzuregen. Es ist bekannt, dass acute und chronische
190 1320 1454 1354 Nierenkrankheiten, namentlich der Morbus Brightii, nicht selten unter bedeuten-
192 1364 1453 1404 den Gehirnsymptomen verlaufen;  einzelne Fälle (Rayer, mal. de reins I. 1839.
192 1409 1455 1449 p. 523. Friedreich, allg. Pathologie etc. p. 402) von Irresein sind auch bekannt ge-
194 1453 1455 1491 worden, wo solches offenbar in einem gewissen Zusammenhange mit einem Nieren-
192 1499 1455 1535 leiden stand; und es fordern die Bemerkungen von Golding-Bird,  welcher bei
195 1544 1455 1577 dem Auftreten der Oxalate im Urin constant tiefe geistige Depression beobachtet
192 1589 1455 1626 hat, zu grösserer Beachtung dieser Secretion auf, als ihr bisher in den Irren-
197 1637 613 1670 anstalten geschenkt wurde.
766 1690 882 1734 §. 86.
285 1747 1454 1791 4) Von grosser Bedeutung bei beiden Geschlechtern sind die
196 1800 1453 1843 krankmachenden Einflüsse, welche vom Genitaliensystem ausgehen.
198 1854 1454 1892 Nur ausnahmsweise kommen Fälle vor, wo sexuelle Nichtbefrie-
198 1899 1453 1953 digung und Abstinenz als Hauptursache betrachtet werden muss;
200 1959 1452 2004 eine Mitwirkung dieses Verhältnisses ist aber, namentlich beim weib-
190 2011 1454 2057 lichen Geschlecht, nicht selten und namentlich vermag dasselbe dem
192 2066 1454 2112 aus irgend welchem Grunde ausgebrochenen Irresein einen gewissen
197 2118 1454 2164 besonderen Anstrich zu geben, indem der lange, zurückgedrängte
187 130 255 164 144
318 2198 1456 2238 Addison, Guys hosp. reports. Apr. 1839. Oestr. Jahrb. 1840. Rayer,
191 2246 817 2280 malad. de reins. III. 1841. p. 153 seqq.
338 2286 928 2323 London Medical Gazette. August 1841.
