1600 2526
215 239 1467 284 wohl hauptsächlich aus der vermehrten Aufmerksamkeit auf diese Classe von
214 281 1467 328 Krankheiten erklären. Mit der Zunahme der Irrenanstalten und ihrer besseren
213 326 1467 375 Einrichtung wächst der Zudrang zu ihnen, indem alle Welt für Fälle, die sonst
213 368 1467 421 für incurabel galten, nun Hülfe sucht, und es entsteht eine scheinbare Vermehrung
213 412 1465 458 der Krankheiten, wie solche die neuere Medicin auch bei den Herzkrankheiten
211 455 710 485 und bei der Tuberculose erlebte.
285 497 1464 544 Ob Manufactur- oder Ackerbaubeschäftigung, Stadt- oder Landleben erheb-
210 540 1463 589 lichen Einfluss auf die Häufigkeit des Irreseins habe, ob den handeltreibenden
209 583 1465 632 Nationen als solchen hier ein trauriger Vorzug zukomme, ob Katholicismus oder
210 627 1464 680 Protestantismus das Irresein mehr begünstige und manche dergl. Fragen müssen
207 671 1463 721 zur Zeit aus Mangel an Material und wegen der untrennbaren Complication der ein-
207 715 1464 764 wirkenden Umstände unbeantwortet bleiben; es führt zu nichts, mit Gründen für oder
207 758 1461 811 wider der Statistik vorauseilen und unentwirrbare Fragen einseitig lösen zu wollen.
775 830 890 869 §. 69.
294 877 1459 929 2) Geschlecht. Die Untersuchung, ob eines der beiden Ge-
204 929 1459 992 schlechter vor dem andern zu Irresein disponirt sei, stösst gleichfalls
203 984 1458 1044 auf statistische Mängel, welche eine genügende Lösung unmöglich
201 1038 1457 1095 machen. Auch hier ist die Literatur reich an Notizen und Zahlen,
201 1088 1456 1148 denen nur die Bürgschaften für ihre Richtigkeit abgehen, und auch
199 1141 1455 1196 hier sind alle Berechnungen, die auf der blossen Statistik der Irren-
199 1195 1456 1255 anstalten basiren, unzureichend und trügerisch. Es liegt in der
197 1249 1455 1303 Natur der Sache, dass weibliche Kranke, namentlich vor der neueren
197 1302 1455 1357 Vervollkommnung des Anstaltswesens, die Minderzahl der Bewohner
199 1349 1452 1419 der Irrenhäuser ausmachten, weil die Familien mehr Bedenken tragen,
197 1409 1452 1473 sie aus ihrem Kreise wegzugeben, und weil sie leichter zu bändigen
196 1461 1451 1518 und in Privatverhältnissen zu verpflegen sind. In der That haben die
196 1516 1451 1574 Zusammenstellungen von Fuchs  nach den Zählungen in sehr vielen
194 1570 1449 1626 Anstalten ein Verhältniss der Männer zu den Weibern = 100 : 75
195 1625 1451 1678 ergeben; und nur Frankreich und die Niederlande machten mit einer
193 1680 1446 1731 grösseren Anzahl weiblicher als männlicher Kranken eine Ausnahme.
192 1733 1447 1785 Auch in den neuesten Zeiten scheinen die deutschen Anstalten um
193 1785 1447 1840 ein Ziemliches mehr Männer als Weiber aufzunehmen; es haben z. B.
192 1837 1448 1895 die Anstalten zur Siegburg  und Winnenthal,  erstere in 18
191 1891 1445 1952 Jahren 900 Männer, 566 Weiber, letztere in 10 Jahren 396 Männer,
190 1945 1446 2000 251 Weiber verpflegt, während z. B. das französische Etablissement
190 1998 1444 2059 St. Yon innerhalb der 8 Jahre von 1835—43, genau die gleiche Zahl
192 2047 819 2094 von beiden Geschlechtern aufnahm.
221 153 283 189 106
652 158 1046 194 Einfluss des Geschlechts
305 2141 868 2182 Im Jahr 1833 angestellt. l. c. p. 96.
321 2186 1288 2238 Jakobi, die Hauptformen der Scelenstörungen. I. 1844. p. 573.
336 2231 1442 2279 Zeller, Bericht über d. Wirksamkeit der Heilanstalt Winnenthal. Journal
186 2275 1110 2320 für Psychiatrie von Damerow und Roller. 1844. I. t. p. 73.
304 2320 1037 2364 Parchappe, annal. med. psych. 1843. II. p. 367.
