1600 2526
555 131 994 169 auf psychische Erkrankung.
150 212 1404 255 geweckten und unterhaltenen Reizbarkeit des Gehirns, theils auch
149 264 1403 309 auf tieferen organischen Erkrankungen, theils auf consensueller Gehirn-
150 317 1405 363 reizung von den Genitalien aus (Onanie, Annäherung und Eintritt der
150 372 1403 416 Pubertät) zu beruhen. Nicht selten sind gleichzeitige choreaartige
149 423 1404 465 Erscheinungen; auch somnambüle Zustände bilden zuweilen Wechsel-
150 473 1137 519 und Uebergangsformen zu diesem Irresein der Kinder.
239 526 1405 570 Schon weit häufiger als im Kindesalter werden die Geisteskrank-
151 578 1405 624 heiten vom 16ten bis 25ten Lebensjahr. Aber die ausserordentliche
149 633 1402 670 Mehrzahl aller Fälle fällt in die Periode der höchsten Reife, in die
150 687 1406 729 Zeit der leiblichen Fortpflanzung und der geistigen Productivität, der
149 739 1405 783 Ehe und des eigentlichen bürgerlichen Lebens, zwischen 25 und 50
149 792 1406 833 Jahre. Auch hier sind die vorliegenden Angaben nicht ganz genügend
149 844 1403 886 zu einer präciseren Entscheidung der Frage, indem die grösseren
148 898 1404 940 Berechnungen  nach dem Lebensalter der in die Irrenanstalten
150 944 1407 994 aufgenommenen Kranken angestellt wurden, mit dem das Alter
151 1005 1404 1045 der wirklichen Erkrankung natürlich gar nicht übereinzustimmen
149 1057 1407 1098 braucht, oder indem man nur zählte, wie viele Geisteskranke einzelner
151 1110 1406 1155 Altersclassen überhaupt in einem Lande vorhanden sind.  Wäre es
152 1165 1406 1207 erlaubt, eine verhältnissmässig sehr kleine aber sehr sorgfältig behan-
151 1218 1408 1260 delte Statistik zu Grunde zu legen  so würde das häufigste Alter
152 1271 1406 1314 der Erkrankung zwischen 20 bis 30 Jahre, dann zunächst zwischen
150 1323 1406 1365 30 bis 40, und schon in sehr verminderter Proportion zwischen 40 bis
151 1378 1406 1420 50 fallen. Namentlich für das männliche Geschlecht gibt Zeller
152 1432 1408 1470 den Zeitraum von 20 bis 30, für das weibliche den von 30 bis 40
151 1486 1408 1529 als die Epochen der häufigsten Erkrankung an, und erklärt die Differenz
152 1538 1409 1578 daraus, dass in der letzteren Periode für das weibliche Geschlecht
153 1592 1413 1631 die welkende Blüthe und die mit ihr schwindenden Hoffnungen auf
152 1644 1407 1688 Lebensglück an der grösseren Zahl der Erkrankungen Schuld sei.
151 1697 1409 1737 Die weiter beobachtete Mehrheit der Erkrankung unter den Weibern
156 1750 1410 1791 vom 40 bis 50ten Lebensjahre möchte mit den Vorgängen der In-
158 1803 1411 1846 volution zusammenhängen; auch nach dem 50ten Jahre fällt noch
158 1859 1412 1900 die Mehrzahl der Erkrankung auf Seite der Weiber. Im Allgemeinen
157 1912 1411 1955 nimmt wohl die Disposition vom 50ten Jahre an ab; aber bis an die
158 1966 1412 2007 letzten Grenzen der menschlichen Lebensdauer währt eine, gegen
157 2017 1413 2060 das mittlere Alter nicht eben ausserordentlich verminderte Geneigtheit
1340 132 1402 165 109
273 2115 917 2153 S. Fuchs. l. c. p. 97. Quetelet. p. 443. ff.
287 2159 1298 2196 Z. B. Köstlin. l. c. p. 8. Ruer p. 9. und viele andere Statistiker.
303 2203 1411 2260 Zeller, 2ter Bericht über die Wirksamkeit der Heilanstalt Winnenthal.
156 2244 780 2286 Medic. Correspondenzblatt. 1840. p. 143.
273 2293 794 2330 Journ. f. Psychiatrie. I. 1. p. 18.
