1600 2526
238 176 1406 242 Man kann dieses acute Gehirnödem als eine accidentelle Folge
154 229 1407 304 der Hyperämieen ansehen. Ohne Zweifel entsteht es, wie die Oedeme
157 281 1409 349 anderer Theile, am häufigsten aus mechanischen Stasen, und wir
152 333 1410 403 vermuthen, dass die mechanischen Hyperämieen, welche in anomaler
154 385 1410 454 Herz- und Lungen-Action ihren Grund haben, besonders aber die
155 438 1413 507 Circulationshemmungen, welche durch krankhafte Processe am Schädel
156 495 1413 566 bedingt werden (§. 139.), seine hauptsächlichsten Ursachen sein mögen,
157 547 1414 613 deren Wirkung durch eine seröse Blutbeschaffenheit wesentlich unter-
147 629 514 667 stützt werden muss.
247 651 1416 717 Ein chronisches Gehirnödem, verbunden mit der schon er-
159 701 1418 772 wähnten serösen Infiltration der Pia, kann als secundäre, untergeord-
160 756 1418 827 nete Störung in dem atrophischen Gehirne der Blödsinnigen (ex vacuo)
162 846 357 878 vorkommen
447 910 1136 960 E. Die Ventrikel und die inneren Theile.
728 1001 859 1045 §. 145.
253 1046 1429 1116 Die einfache Erweiterung der Ventrikel, wobei sie nur mit
167 1103 1429 1173 klarem Serum gefüllt sind, ist gewöhnlich secundär und gehört na-
170 1152 1431 1225 mentlich der Gehirnatrophie an. — Von weit höherem Interesse sind
171 1207 1432 1282 auf der ausgedehnten Ventrikeloberfläche und an den zarten Theilen
172 1263 1434 1332 im Innern des Gehirns jene häufigen anatomischen Veränderungen,
173 1313 1437 1387 welche auf eine Entstehung aus denselben subinflammatorischen und
176 1368 1437 1440 exsudativen Processen hinweisen, wie solche auch auf der Peripherie
177 1420 1438 1503 der grauen Rinde vorkommen. Die partielle Verengerung und Ver-
177 1475 1440 1555 kürzung der Ventrikel, namentlich die Verschliessung des Un-
177 1529 1442 1602 terhorns durch Adhäsionen des Ependyma wird schon von Esquirol
180 1584 1442 1654 als ein nicht seltener Befund, von Ferrus  als beim paralytischen
181 1638 1443 1709 Blödsinn vorkommend erwähnt; die Versperrung und Verwachsung
184 1690 1444 1762 des Hinterhorns dagegen ward von Bergmann , wie er sagt in
183 1742 1445 1816 mehren hundert Fällen von chronischer Verrücktheit, also so häufig
184 1799 1446 1878 gefunden, dass er sie zu den eigentlichen pathologischen Ursachen dieser
187 1854 1447 1925 Form rechnet; vollständige Verwachsung des Fornix mit dem hintern
491 98 1049 141 der Gehirnsubstanz, der Ventrikel.
1333 92 1397 127 311
308 1988 1451 2052 Gazette medicale. 1836. p. 716. Vgl. die unten erwähnten Fälle von Fr.
191 2064 529 2099 Arnold und vom Verf.
326 2078 1454 2142 Damerow und Roller, Zeitschr. f. Psychiatrie. 1844. Heft 2. Vgl. auch
192 2122 1454 2193 Bergmann in Nasse’s Zeitschr. f. Anthropologie. 1825. I. p. 173, und in Holscher’s
195 2168 1454 2232 Annalen. III. 1838. p. 516. Ebenso sind damit die Sectionsergebnisse bei Idioten
196 2213 1456 2282 zu vergleichen, welche ein völliges Fehlen der Hinterhörner erwiesen. Hasting’s,
195 2269 953 2321 Nasse’s Zeitschr. f. psych. Aerzte. 1818. p. 600.
