1600 2526
279 216 1466 259 Auch hier ist vor einer Verwechslung zu warnen. Es ist nicht ganz selten,
208 260 1467 302 dass im Beginn des Irreseins (oder vielmehr beim Uebergang eines mässigen Sta-
208 303 1467 346 dium melancholicum in das Stadium maniacum) der Kranke einen gesteigerten
209 346 1466 384 Geschlechtstrieb äussert, der zu schamlos getriebener Onanie oder zum Herum-
207 390 1467 435 treiben in Bordellen Anlass werden kann. Man muss hierin schon ein Symptom,
207 434 1467 475 nicht eine Ursache des Irreseins sehen. In manchen Fällen wird man auch da,
207 476 1467 513 wo die sexuellen Excesse wirklich der Zeit nach als Ursache des Irreseins er-
208 519 1467 562 scheinen, jene selbst nur als nächste Folgen eines krankhaften Reizes, einer
208 563 1465 607 schon länger bestehenden Irritation der betreffenden Parthieen des Nervensystems
209 606 1465 650 anzusehen haben; namentlich aber lässt die im frühen Lebensalter, schon lange
208 650 1467 688 vor der Pubertät, von selbst, ohne Unterweisung entstandene Onanie fast mit
207 671 1465 737 Sicherheit auf eine krankhafte Reizbarkeit der Genitalien schliessen, die (p. 119)
207 739 1465 781 mit der ganzen nervösen Constitution und mit einer primitiven Anlage zu Geistes-
204 783 623 812 krankheiten zusammentrifft.
657 1042 1012 1077 Viertes Kapitel.
665 1112 1000 1139 Somatische Ursachen.
778 1183 890 1224 §. 81.
292 1241 1462 1290 Da wir (nach §. 64. und §. 77.) eine rein statistische Lösung der Frage,
203 1293 1463 1339 ob das Irresein häufiger aus psychischen oder somatischen Ursachen ent-
204 1347 1462 1398 stehe, nicht für zulässig halten, so kann die Besprechung der hierherge-
202 1392 1462 1448 hörigen Zählungen (von Pinel bis heute) unterbleiben, indem der Leser in
203 1450 1460 1501 Betreff der neuesten Untersuchungen hierüber auf den zwischen Moreau
202 1506 1460 1559 de Jonnès einerseits und Parchappe und Brierre andrerseits  ge-
200 1561 1460 1610 führten Streit mit der Erinnerung verwiesen wird, dass alle solche
199 1615 1459 1665 Tabellen um so unzuverlässigere und nichtigere Resultate geben, je
198 1669 1405 1715 unbestimmter und abstracter gehalten die einzelnen Rubriken sind
199 1722 1457 1768 und je unsorgfältiger der Idiotismus von den übrigen Geisteskrank-
200 1775 1457 1826 heiten getrennt wird . — Es ist keine Frage, dass das Irresein
201 1822 1458 1876 in vielen Fällen durch rein körperliche Ursachen entstehen kann, dass
200 1874 1457 1929 andrerseits unter ihrer Mitwirkung die psychischen Causalmomente
197 1936 1456 1984 weit eher und ganz vorzüglich zur Entstehung der Geisteskrankheiten
198 1988 1456 2038 führen. Eine erbliche oder erworbene Disposition lässt sich dann
211 133 274 166 134
604 133 1056 165 Die somatischen Ursachen.
315 2114 1193 2151 Comptes-rendus de l’académie des sciences. XVII. 1843.
329 2159 1455 2202 Moreau hat z. B. eine ganz unverständliche und nichtssagende Categorie
194 2203 903 2239 „Irritation excessive“ mit einer grossen Zahl.
350 2248 1456 2290 Derselbe Autor führt den Idiotismus mit einer enormen Zahl, als eine
195 2292 1128 2331 der körperlichen Ursachen (!) der Geisteskrankheiten auf.
