1600 2526
307 224 1469 294 Ueber Italien existiren keine umfassenderen, zuverlässigen Be-
217 276 1468 350 richte. Brierre’s Schätzungen ergeben 1 : 4879 Einwohner. Esquirol
215 328 1467 402 nahm a. 1834 ein Verhältniss von 1 : 3785 an. Auch diess ist ge-
214 382 1464 455 wiss noch viel zu niedrig. In der Provinz Padua kommt nach Lip-
213 432 1462 497 pich  schon 1 (in den Anstalten verpflegter) Kranker auf 1900 Einw.
305 484 1461 549 Von Spanien fehlen alle genaueren Angaben. Dass in Por-
212 535 1462 608 tugal die Zahl der IrrrenIrren nicht unbeträchtlich sein muss, zeigt der
211 584 1461 654 Bericht von Marchant;  derselbe fand auf der Insel Madeira in der
208 637 848 687 Stadt Funchal 1 : 2667 Einwohner.
294 692 1457 762 Dieselbe Unmöglichkeit einer auch nur annähernd richtigen Schät-
203 746 1454 813 zung herrscht im Durchschnitt für die orientalischen Länder. In
201 795 1455 873 Malta  kam (a. 1836) 1 Fall auf 7—800 Einwohner, in Smyrna
200 853 1453 918 unter den dort lebenden Griechen 1 auf 1000. Dieses Verhältniss
200 904 1451 975 ist nicht ohne Interesse, insoferne es, ungeachtet der grossen Ver-
199 957 1451 1026 schiedenheit des Climas, doch an den Orten, wo europäische Civili-
195 1013 1449 1081 sation herrscht, eine den sonstigen europäischen Ländern gleiche Pro-
192 1067 1446 1131 portion zeigt. In Nubien, in Sennaar, in Abyssinien sollen sich
191 1115 1283 1185 (ibid. p. 126) nur hier und da einzelne Blödsinnige finden.
280 1171 1446 1238 Unter den Vereinigten Staaten betrug a. 1825 die Zahl der
187 1222 1443 1301 Irren im Staate New-York = 1 : 7—800; eine neuere Zählung (a. 1841)
187 1277 1443 1344 gab so colossale Zahlen, dass z. B. im Staate Maine 1 Geisteskranker
185 1327 1103 1395 auf 14 Einwohner käme, was gewiss unrichtig ist.
753 1435 866 1474 §. 68.
268 1483 1435 1551 Aus den Widersprüchen und der Dürftigkeit dieser Statistiken
177 1535 1432 1612 erhellt von selbst, wie es zur Lösung der neuerlich vielfach bespro-
178 1589 1432 1657 chenen und vieldeutigen Frage, ob der Fortschritt der Civili-
174 1645 1429 1710 sation die Zahl solcher Erkrankungen vermehre, fast an den ersten
168 1695 1428 1766 Elementen fehle. Manches kann hier wohl a priori zugegeben wer-
172 1743 1424 1817 den. Die Steigerung der Industrie, der Künste und Wissenschaften
169 1804 1424 1871 setzt auch eine allgemeine Steigerung der cerebralen Thätigkeiten vor-
164 1855 1422 1925 aus; die immer weitere Entfernung von einfachen Sitten, die Ver-
165 1908 1422 1982 breitung der feineren, geistigen und leiblichen Genüsse bringt früher
166 1962 1417 2035 unbekannte Neigungen und Leidenschaften mit sich; die allgemeine
161 2013 1416 2085 liberale Erziehung weckt unter der Masse einen höher strebenden
223 130 286 172 104
714 143 964 185 Zahl der Irren.
277 2119 1414 2188 Oesterreich. Jahrb. Juli 1842. p. 36. Vgl. Guislain, lettres médicales sur
155 2162 1267 2228 l’Italie. Gand. 1840. p. 90. Mittermaier, italien. Zustände. 1844. p. 184.
288 2209 853 2253 Annal. med. psychol. Mai 1844. 371.
302 2254 1110 2313 Moreau, Annal. med. psychol. I. 1843. p. 107, 109.
270 2298 633 2337 Moreau de Jonnès. l. c.
