1600 2526
187 236 1443 277 Er ist unter Männern weit häufiger, als beim weiblichen Geschlecht.
186 287 1443 332 Die genaueren Statistiken der neuesten Zeit zeigen seine auffallende,
187 340 1444 386 stetig progressive Vermehrung. Für Berlin hat diess Casper nach-
189 393 1444 439 gewiesen; für Frankreich ergibt die officielle Statistik des Justiz-
188 444 1444 485 ministeriums in den 10 Jahren von 1827 bis 1837 die ausserordent-
188 497 1445 536 liche Zunahme um ein ganzes Viertheil. — Bekannt ist die nicht
187 549 1443 593 seltene Verbreitung des Selbstmords durch Nachahmung, für welche
186 600 1443 644 von den milesischen Jungfrauen an, von denen Plutarch erzählt, bis
187 653 1441 691 zu dem bekannten Vorfalle im Pariser Invalidenhause und bis zu den
184 699 1441 753 p. 108 erwähnten Kinderselbstmorden zahlreiche Beispiele vorliegen.
184 761 1440 802 In allen Zeiten kamen auch die Doppelselbstmorde von Personen
183 813 1440 857 zweierlei Geschlechts und die mit vorausgegangenen Gewaltthaten an
183 866 755 906 Anderen complicirten Fälle vor.
273 919 1442 958 In dem Jahrzehend von 1827—37 betrug die Zahl der Selbstmorde in
183 963 1440 1002 Frankreich 21,345; während es aber A. 1827 erst 1,542 (1 : 20,660 Einw.)
183 1007 1440 1047 waren, war die Zahl bis 1837 allmählig auf 2,443 (1 : 14,338 Einwohner)
182 1046 1440 1086 gestiegen.  Archambault  versichert übrigens, dass diese Zunahme eine
182 1094 1439 1132 scheinbare sei und nur von der zunehmenden Sorgfalt und Genauigkeit der Sta-
181 1138 1439 1171 tistik herrühre. Unter den Selbstmördern des Jahres 1836 war bei einem Drit-
181 1182 1442 1220 theil (offenbares) Irresein vorhanden (Dufau, p. 306); die Gegenden Frank-
181 1227 1442 1265 reichs, welche die meisten Selbstmörder liefern, ergeben auch die grösste Zahl
182 1271 1442 1308 von Geisteskranken; diejenigen 10 Departements, welche in der Menge der Selbst-
182 1314 1442 1351 entleibungen oben anstehen, gehören übrigens zu den aufgeklärtesten und indu-
181 1359 1440 1394 striösesten und es sind durchaus nicht dieselben, in denen am meisten Verbrechen
181 1401 1440 1439 gegen Personen vorfallen.  Dass übrigens der Selbstmord auch unter den
180 1448 1441 1488 Landleuten in einem Verhältnisse, das dem der grossen Städte nahe kommt,
179 1493 1439 1530 häufig sein kann, hat Cazauvielh wenigstens für eine Gegend Frankreichs
180 1538 1440 1577 nachgewiesen. In der Mehrzahl der Fälle, welche die obige Statistik begreift,
179 1583 1438 1620 geschah die Entleibung durch Ertränken, darauf folgend durch Erhängen, und
179 1627 1440 1665 schon viel seltener durch Feuerwaffen; in England und Deutschland dagegen bil-
178 1671 1440 1707 deten die Erhängungen die grosse Mehrzahl.  Die Ausführung der meisten Selbst-
179 1715 1439 1754 morde fällt in die Morgenstunden;  vielleicht deutet diess darauf hin, dass die
177 1759 1437 1799 letzte Determination dieser Unglücklichen meistens in der Stille der Nacht erfolgt.
742 1831 879 1870 §. 103.
266 1890 1434 1931 Die meisten Geisteskranken, bei denen der Trieb zum Selbst-
179 1942 1436 1984 mord vorkommt, leiden an einer ausgesprochenen Form von Schwer-
179 1996 1434 2039 muth. Die nähere psychologische Begründung des Triebs ist dann
177 2049 1435 2096 aber nicht immer dieselbe. Häufig ist es der unerträgliche Excess
191 154 260 195 194
539 137 1107 183 Statistisches über den Selbstmord.
296 2120 1104 2158 Dufau, traité de statistique. Par. 1840. p. 298 seqq.
314 2164 868 2200 Annal. med. psych. 1843. I. p. 174.
333 2208 1178 2246 A. Legoyt, La France statistique. Par. 1843. Tabl. E.
296 2254 630 2289 Quetelet, l. c. p. 479.
312 2294 529 2332 ibidem p. 491.
