1600 2526
216 275 1470 322 verborgen gehalten, bis sich einzelne Wahnvorstellungen vollkommen
215 328 1469 374 fixirt haben. Man will sie besonders häufig in Verbindung mit Unter-
214 379 1467 424 leibs- und Genitalienkrankheiten beobachtet haben; die anatomische
213 432 1467 479 Deutung würde dieser Thatsache, wenn sie genau erwiesen würde,
215 484 1468 529 entgegenkommen (Zusammenhang im Cerebellum). Man findet bei
216 536 1467 576 den Gehörshallucinanten auch meistens noch viel abentheuerlichere
212 588 1468 637 Gespinste von Unsinn, als die übrigen Phantasmen erzeugen, und
212 639 1465 685 solche Kranke zeigen oft das sonderbarste, grillenhafteste Benehmen.
212 696 1465 735 Sie antworten ihren Stimmen mit freundlichen oder drohenden Ge-
210 748 1465 792 berden oder Worten, oft werden sie plötzlich ruhig und aufmerksam
210 803 1466 842 gespannt, um zu horchen, und man sieht sie die bizarrsten und
208 854 1463 899 gefährlichsten Handlungen begehen, die ihnen jene Stimmen anbefehlen.
279 916 1465 959 „Ein junger Mann hatte seit sechs Monaten, nach einem Anfall hitziger
205 961 1463 1004 Manie, kein Wort gesprochen, keine willkührliche Bewegung ausgeführt, als
205 1005 1463 1045 er eine volle Flasche ergriff und sie dem Wärter an den Kopf warf. Er blieb
203 1048 1462 1092 unbeweglich und schweigsam und genas nach einigen Monaten. Ich fragte ihn, wess-
202 1092 1461 1133 halb er mit der Flasche geworfen hätte? — Weil ich, erwiederte er, eine Stimme
201 1136 1460 1174 hörte, die mir sagte: Wenn du Einen tödtest, wirst du gerettet werden. Ich
201 1179 1459 1217 hatte den Mann, den ich treffen wollte, nicht getödtet, also konnte sich mein
201 1223 1459 1264 Schicksal nicht ändern, ich blieb schweigend und unbeweglich; übrigens wieder-
199 1267 1457 1306 holte dieselbe Stimme ohne Unterlass: Rührst du dich, so bist du des Todes.
198 1311 1457 1355 Diese Drohung war die Ursache meiner Unbeweglichkeit.“ (Esquirol.) Vgl. auch
198 1355 1457 1401 bei diesem Beobachter den bekannten Fall des französischen Präfecten. l. c. I. p. 96.
287 1404 1456 1456 Anderemale hören die Kranken himmlische Harmonieen, Sphären-
195 1456 1455 1503 klang, Conzerte; häufig sind es Schimpfworte, Anklagen, lose Reden und
192 1510 1452 1555 Unanständigkeiten, über die sich weibliche Kranke oft aufs Bitterste
192 1564 1449 1608 beklagen. Bei den Gehörsillusionen werden vorhandene Geräusche
191 1619 1449 1668 im Sinne der herrschenden Stimmung oder Wahnvorstellung travestirt,
191 1672 1449 1715 z. B. ein Geräusch auf der Treppe wird den Gerichtsdienern zu-
189 1727 1345 1774 geschrieben, welche den Kranken verhaften sollen u. dergl. m.
259 1783 1451 1823 Die Ursprungsstelle dieser krankhaften Gehörsphänomene wird man am wahr-
189 1826 1447 1873 scheinlichsten in den 4ten Ventrikel und seine Umgebung zu verlegen haben, unge-
188 1869 1448 1918 achtet an anatomischen Gründen für eine solche Hypothese nicht viel vorliegt .
187 1912 1448 1955 In einigen Fällen konnten Gehörsphantasmen durch Verstopfen des äusseren Gehörs-
186 1955 1292 2004 gangs sistirt werden; anderemale fand man sie bei Tauben. (S. oben.)
760 2009 873 2051 §. 53.
276 2067 1444 2116 Geruchsinn. In diesem Sinne sind die Hallucinationen sel-
185 2123 1442 2170 tener, als in den vorhin betrachteten, sie scheinen auch mehr den
524 174 1046 224 Gehörs-Geruchs-Hallucinationen.
216 192 260 227 82
301 2210 1441 2253 In der „Erwartung“ von Schiller sind die einfachen Gehörsillusionen des
184 2256 1204 2292 Gesunden auf eine Art, die als Beispiel dienen kann, geschildert.
315 2299 1440 2341 Foville behauptet, Verwachsungen der Oberfläche des cerebellum mit den
180 2345 1143 2383 Häuten gefunden zu haben. Vgl. die Arbeiten von Bergmann.
