1600 2526
217 231 1383 279 Zu solchen Hallucinationen nun verhält sich der Gesunde ent-
110 284 1384 339 weder ruhig betrachtend, indem er sie als subjectiv entstanden an-
132 338 1384 391 erkennt (Nicolai, etc.); oder er glaubt an ihre Realität, indem ent-
132 390 1385 436 weder seiner Reflexion die Prämissen fehlen, nach denen diese Phä-
131 441 1386 489 nomene beurtheilt sein wollen, indem Aberglaube, Trägheit des
132 493 1387 544 Denkens, Lust am Wunderbaren die richtige Auffassung trüben und
133 548 1384 599 hemmen, oder gewisse Stimmungen, Leidenschaften und Affecte,
132 600 1387 651 Furcht, Zorn, Freude u. dergl. die Besonnenheit und die ruhige
133 656 1386 707 Betrachtung überhaupt aufheben, oder auch, indem Hallucinationen
136 704 1388 757 mehrer Sinne, des Gesichts, Gehörs, des Hautsinns, sich unterstützen
135 762 1389 806 und so die Mittel zur Berichtigung des einen Irrthums selbst ver-
134 825 416 859 fälscht werden.
224 866 1391 910 Hallucinationen allein, auch wenn sie für wahr gehalten wer-
138 917 1394 972 den, genügen noch durchaus nicht, um geisteskrank zu sein; hiezu ist
138 970 1393 1025 weiter eine allgemeine, tiefe psychische Verstimmung, oder es sind
138 1025 1394 1080 ausgebildete Wahnvorstellungen erforderlich. Aber für wahrgehaltene
138 1079 1393 1129 Hallucinationen sind allerdings ein sehr naher Schritt zum Irresein,
138 1132 1392 1182 und besonders da, wo schon eine krankhafte Verstimmung besteht,
139 1185 1396 1239 in den noch mässigen Anfangsstadien des Irreseins, haften und zün-
141 1237 1396 1286 den die Hallucinationen so leicht, dass sie dann sehr häufig für Ur-
141 1293 1396 1347 sachen der ganzen Krankheit gehalten werden. Nach unserer Be-
140 1346 1399 1401 trachtungsweise möchten wir ihnen nur in seltenen Fällen diese Stel-
142 1400 1400 1456 lung anweisen, wir glauben vielmehr die Hallucinationen schon als
144 1459 1400 1510 Symptome der, wenn gleich oft noch mässigen Gehirnreizung, an-
145 1509 1401 1554 sehen zu müssen. Jedenfalls aber ist die Thatsache richtig, dass
147 1563 1401 1614 sie sehr häufig gerade in der ersten Periode des Irreseins auftreten
147 1616 1402 1667 und dass mit ihnen, mit der Verfälschung der Aussenwelt, der Kranke
148 1674 892 1723 häufig erst anfängt, wirklich zu deliriren.
238 1722 1405 1768 Von den Geisteskranken werden die Hallucinationen fast immer
150 1776 1405 1829 für Realitäten gehalten; doch geben sie in einzelnen Fällen, nament-
149 1831 1405 1882 lich im Anfang, deren krankhafte Natur zu. Man hört wohl auch zu-
150 1884 1406 1931 weilen den Ausdruck; der Kranke wisse wohl, dass das kein gewöhn-
151 1937 1406 1983 liches Hören oder Sehen sei, es sei ein geistiges Hören  u. dergl.,
359 149 1153 189 Verschiedenes Verhalten zu den Hallucinationen.
1340 146 1381 180 75
152 2045 1409 2088 während der Abfassung dieses Capitels, wo zum ersten und bis jetzt einzigen
153 2090 1410 2130 Male eine Gehörshallucination, nur aus einem einzigen Worte bestehend, aber
153 2135 1408 2177 mit höchster Deutlichkeit, auftrat. Der Eindruck war kaum verschieden von dem,
154 2178 1410 2219 den die Worte bei einer Unterredung machen — nur dem Ohre näher schien die
154 2227 395 2261 Stimme zu sein.
277 2267 1409 2311 Auch Shakespeare lässt Hamlet dem Horatio auf seine Frage, wo er das
155 2314 966 2356 Gespenst sehe, erwiedern: Im Auge meines Geistes.
