1600 2526
140 225 1399 277 hat 7 Fälle der letzteren Art beobachtet; sie lassen natürlich niemals Heilung
144 295 553 324 oder Besserung zu.
215 313 1400 366 Neben den Kopfverletzungen mag als eine, indessen seltene Ursache die
144 358 1401 409 Insolation erwähnt werden, die ohne Zweifel durch Entstehung starker Gehirn-
145 401 1402 460 hyperämie (und Oedem?), vielleicht mit Beihülfe der nervösen Ueberreizung des
147 445 1404 496 Gehirns durch lange ausgehaltenes, grelles Sonnenlicht wirkt. Ellis  erzählt
148 490 1405 538 2 Fälle von Geisteskrankheit durch Insolation, deren einer mit Genesung, der
148 549 585 581 andere mit Blödsinn endigte.
239 601 1407 656 Von ausgezeichnetem pathologischen Interesse sind die Fälle, wo
152 650 1408 709 das Irresein nach (und ohne Zweifel in Folge) einer, verhältniss-
151 704 1409 767 mässig unbedeutenden peripherischen Nervenverletzung (über-
151 757 1410 820 haupt Verletzung der Weichtheile) oder peripherisch entstandener
152 812 1411 869 Erkrankung der (Sinnes-) Nerven, z. B. peripherischer Taubheit, ent-
158 865 1412 916 stand. So haben wir bei einer hysterischen Frau nach einer, ganz
153 914 1413 978 ungefährlichen Verletzung des Augs durch einen hingeflogenen Holz-
133 968 1415 1032 splitter, tiefe Melancholie entstehen sehen; so hat man (Herzog) einen
158 1021 1397 1077 Fall von Irresein nach der Operation des Strabismus  beobachtet;
162 1074 1417 1130 so berichtet Foville  von zahlreichen Fällen oberflächlicher Er-
161 1128 1419 1191 krankung des cerebellum bei Irren, entstanden nach peripherischen
166 1181 1422 1243 Störungen im Quintus und Acusticus; es gehört ferner hierher der
162 1235 1424 1300 (schon p. 108) angeführte Fall von Jördens , wo ein Knabe durch
164 1287 1423 1347 kleine, in die Fusssohle eingedrungene Glassplitter tobsüchtig ward,
164 1342 1425 1397 und es bis zu ihrer Entfernung blieb, und es sind unzweifelhaft die
168 1397 1427 1455 von Zeller  erwähnten Erkrankungen nach bloss äusserlichen Kopf-
164 1452 1428 1509 wunden zu dieser pathogenetischen Categorie zu rechnen . Indem
169 1503 1429 1562 diese Fälle allerdings an das Delirium nervosum nach und während
170 1558 1427 1618 der Operationen lebhaft erinnern, schliessen sie sich als identisch
173 1612 1430 1664 entstandenes Gehirnleiden, dem traumatisch-tetanischen Rückenmarks-
170 1664 1431 1718 leiden an, ihrerseits die Gleichheit der Wege der Erkrankung für die
169 1717 1431 1774 verschiedenen, eben in ihrer eigenthümlichen Energie reagirenden,
174 1776 1110 1825 Abschnitte des Central-Nervensystems beurkundend.
266 1825 1435 1880 Zunächst hierher gehören weiter jene heftigen oder anhaltend
174 1882 1435 1933 fortdauernden Nervenreizungen von der Peripherie des Organismus;
1331 141 1395 175 137
585 132 898 188 Nervenverletzungen
297 2000 1157 2042 Traité de l’aliénation etc. p. Archambault. 1840. p. 81.
317 2039 1439 2094 Oppenheims Zeitschr. XXI. 1842. p. 101. Aus den Petersburger Abhand-
183 2088 1268 2139 lungen, wo ich leider den Fall nicht im Originale vergleichen konnte.
335 2132 1118 2174 Note an die Académie. L’Institut. 16. Janv. 1843.
304 2185 833 2219 Hufelands Journal Bd. IV. p. 224.
319 2223 968 2265 Damerow und Roller, Journal I. 1. p. 49.
341 2261 1441 2313 Vergl. weiter die von Hirsch (Spinalneurosen. p. 131 seqq.) angeführ-
183 2324 327 2351 ten Fälle.
