1600 2735
349 272 1547 329 in ch übergeht, beinahe in gar keiner berührung ſteht.
349 323 1548 380 An einen einfluß des romaniſchen ziſchlauts, welcher
349 372 1546 429 zumahl, wenigſtens in jener frühen zeit, nicht z. ſon-
351 423 1546 473 dern fortwährend tia, höchſtens cia geſchrieben wurde,
352 472 1545 533 glaube ich alſo nicht. Wohl aber wird der urſprung
351 524 1543 570 des alth. z ſtatt t etwa in die nämliche zeit, d. h. das
351 573 1543 628 7te jahrh fallen. Mir iſt keine alemann. fränk. bair.
348 624 1545 675 lombard. urkunde vor dem 8ten bekannt, in welcher
349 672 1544 722 entſchieden ein ſolches z vorkäme; zwar enthält der
309 723 1544 783 prolog zu Rothars geſetzen die namen nazo, igelzo ,
345 773 1542 825 allein die hſ. woraus er gedruckt iſt, ſtammt ſicher
345 822 1542 875 aus weit ſpäterer zeit, aus gleichem grunde beweiſen
346 872 1542 919 andere ſtellen nichts. Inzwiſchen könnte in einigen
330 921 1542 981 diplomen des 7ten der ziſchlaut durch c ausgedrückt
306 971 1540 1029 ſeyn , wie es in denkmählern des 8ten noch öfter
345 1023 1541 1083 geſchieht, vgl. Marini no. 60. und Mabillon no. 7. (vom
347 1071 1541 1130 jahr 653) gauciobertus, vermuthlich das ſpätere gôƷ-
334 1121 1540 1180 bërt; gauciobertus auch in den ſubſcriptionen des con-
340 1181 658 1230 ventus clipiac.
388 1240 1538 1319 Dies vorausgeſchickt laße ich die nähere darſtellung
289 1308 855 1360 der alth. linguales folgen.
384 1364 1533 1425 (T und D) die ten. entſpricht (außer jenen vorhin
286 1415 1531 1475 unter 5 und 6. angegebenen fällen und ſpuren) nirgends
288 1465 1532 1527 der goth. und ſächſ. ten., ſondern der media, die alth.
285 1514 1531 1576 med. hingegen bald der med. bald der aſp. des Gothen.
284 1564 1531 1625 Der ſtrengalth. mundart ſcheint es angemeßen überall
285 1614 1530 1665 im an- in- und auslaut t ſtatt des frühern d zu ge-
277 1664 1530 1723 brauchen, folglich teil (pars) plint (coecum) plintêr (coe-
284 1714 1530 1772 cus) zu ſchreiben; ja ſogar für die goth. aſp. ſchleicht
283 1765 1528 1820 ſich, zumahl im auslaut (vgl. mit, it-, got, Deus etc.)
281 1811 1527 1870 hin und wieder im inlaut (gotes), kaum im anlaut (außer
280 1861 1526 1924 bei N.) die alth. ten. ein . Dazu kommt, daß viele
279 1914 1528 1976 denkmähler häufig die alte med. beibehalten. Unter eine
307 150 390 230 156
449 152 1458 230 I. althochdeutſche conſonanten. linguales.
413 2041 1525 2088 Und wie, wenn hier noch z in der goth. bedeutung von
412 2081 1524 2136 ſ ſtünde, = naſo, igelſo? das wird durch den lombard.
408 2124 1522 2177 namen zaban bei Greg. tur. 4,39. wahrſcheinlicher. Bei
408 2167 1408 2222 Lupi p.386. in einer urk. von 740. ſtehet anzelmus.
410 2218 1523 2272 In buciovaldus (Greg. tur. 4, 23.) hat ci noch den laut ki
400 2259 1528 2313 (vgl. oben ſ 68. note) woran die erklärung durch buccus
406 2284 940 2359 validus nicht zweifeln läßt.
403 2353 1523 2406 Sie vertritt alſo nach den umſtänden dreierlei 1) in der
407 2395 1523 2454 regel die med. 2) zuweilen die aſp. 3) in den verbliebe-
404 2435 1523 2492 neu ſpuren die ten. des Gothen; was bezeugt mehr die
406 2484 1112 2539 zerſtörung der alten lautvertheilung?
