1600 2735
244 274 1496 326 wadi, bidjan, ſmidja, widja, mudi (vgl. modius), hudja,
244 325 1497 373 midjo, thridjo, brudjan, ſcudjan voraus. Dieſen for-
245 375 1497 427 men wird ſodann ein: beti, keti, ſmita etc. gefolgt
248 426 1496 471 ſeyn, wie ſich wirklich neben rettan, bruttan, lcuttan
250 476 1497 523 die formen retan, brutan, ſcutan finden  und manche
248 526 1497 576 andere, die ſpäter auch geminierten, im alth. noch die
250 574 1496 625 einfache ten. zeigen, z. b. tutiro, wëtar neuh. dotter,
251 626 1497 675 wetter . 2) einige wörter, in denen ſich ausnahms-
252 676 1498 727 weiſe die alte ten. erhalten hat, pflegen dieſe frühe
250 724 1497 773 ſchon zu geminieren: bittar, ottar etc. (ſ oben 155.),
251 775 1496 824 wiewohl die quellen ſchwanken. Dieſes tt hat ſicht-
249 825 1499 877 bar einen ganz andern urſprung, als das vorige. 3)
250 874 1499 927 nicht zu dulden iſt tt bei vorausgehendem dopp. vocal,
249 924 1497 970 z. b. râttes, wâttan, K. 23a ſt. râtes. wâtan; hlûttrôr J. ſt.
249 975 1498 1019 hlâtrôr, denn ſchwerlich dürfte ein rattes, eher ein hluttrôr
252 1025 1499 1076 zu erweiſen ſeyn. (vgl. oben ſ. 133. das falſche ſcâffes
253 1073 1499 1125 etc.) Die beiſpiele ſind ohnedem höchſt ſelten. 4) ta-
255 1126 1498 1167 delnswerth ſind auch die tt im Hild. ſitten, luttila,
252 1175 1499 1221 heittu, hêttun, lêttun, muotti; theils ſämmtlich un-
252 1224 1499 1276 hochd. und der ſächſ. ten. entſprechend, theils (die bei-
255 1275 1502 1327 den erſten abgerechnet) wegen des vorausgehenden dop-
252 1326 1502 1374 pelvocals unleidlich; offenbar wurde das ſcheinbar rich-
251 1374 1501 1425 tige hochd. zz (luzzil, ſizzen) und ƷƷ (muoƷƷi, lieƷƷun)
251 1425 1499 1476 nachgeahmt. — (DD) ſelten, gewöhnlich dem tt no. 1.
251 1475 1501 1525 gleichgeltend, [gerade wie oben ſ. 148. das bb dem
252 1526 1502 1577 pp. ] z. b. chledda (lappa) gl. monſ. 343. (bei Schilter
251 1572 1502 1626 iſt chletta eingetragen) leddo (argilla) gl. trev. 29a lad-
253 1623 1501 1674 dûn (aſſeres) ibid. 37b wofür latôno (aſſerum) monſ. 356.
251 1673 1502 1727 ladduch (lactuca, latuca) gl. monſ. 414. rodda (cythara)
250 1724 1503 1777 mittelh. rotte. Die eigennamen belegen den wechſel
249 1775 1503 1827 zwiſchen tt und dd häufig vgl. waddo (Greg. tur. 6, 45.)
242 1824 1501 1875 watto (Neug. no. 175) — Ganz andern urſprungs die
247 1874 1503 1925 partikel ëddô, gewöhnlicher ëdô, odô, deren nebenfor-
250 1924 1506 1988 men: ërdô, odhô, alde und in der vorpartikel ſogar
247 154 330 218 168
391 149 1407 229 I. althochdeutſche conſonanten. linguales.
388 2049 1505 2094 Die praet. ſcutta, brutta, ratta ſind von der ſorm ſcut-
349 2093 1506 2139 tan etc., die daneben gültigen ſcutita, retita etc. vos ſcu-
381 2133 1504 2174 tan etc. zu leiten. O. ſchreibt bitten, bittu, bittemes
352 2175 1460 2221 aber bitit (rogat), nicht bittit (hiervon bei der conj.).
373 2224 1506 2269 Für fëttach (ala) N. 35, 8. 67, 14. würde ich lieber ſëtach
382 2269 1504 2314 ſchreiben, obgleich in fëdara, fëdera (penna) gl. monſ.
363 2282 1506 2355 349. N. 53. 7. 67, 14. kein t erſcheint und ſo heute: fittich
384 2322 1506 2396 neben feder. J. 368. hat fëthdhahhâ (alae) T. 142. ſëder-
346 2394 955 2441 achâ; gl. auguſt. 118b ſëddah.
385 2439 1508 2510 Daher auch td in bitdan J. 407. 408. dem dortigen pb ge-
373 2486 798 2534 nau ähnlich (ſ. 149.).
