<?xml version="1.0" encoding="UTF-8"?>
<PcGts xmlns="http://schema.primaresearch.org/PAGE/gts/pagecontent/2019-07-15" xmlns:xsi="http://www.w3.org/2001/XMLSchema-instance" xsi:schemaLocation="http://schema.primaresearch.org/PAGE/gts/pagecontent/2019-07-15 http://schema.primaresearch.org/PAGE/gts/pagecontent/2019-07-15/pagecontent.xsd">
<Metadata>
<Creator>regJS2PAGE.py</Creator>
<Created>2021-02-16T11:00:41.674365</Created>
<LastChange>2021-02-16T11:00:41.674365</LastChange>
</Metadata>
<Page imageFilename="tmp/grimm_grammatik02_1826_0431.png" imageWidth="1600" imageHeight="2703">
<TextRegion id="block_0" custom="structure {type:body;}">
<Coords points="88,250 88,316 87,298 87,368 88,344 88,418 88,393 88,457 88,443 88,518 89,486 89,566 90,544 90,614 89,592 89,668 87,642 87,716 87,689 87,758 86,738 86,807 84,792 84,863 82,836 82,910 86,887 86,960 81,937 81,1001 84,985 84,1062 81,1036 81,1115 81,1088 81,1163 80,1134 80,1209 80,1183 80,1258 81,1232 81,1305 80,1279 80,1355 79,1332 79,1404 78,1381 78,1447 78,1430 78,1500 79,1480 79,1544 80,1534 80,1604 79,1579 79,1645 79,1662 159,1662 159,1737 159,1709 80,1709 80,1781 82,1755 82,1832 83,1808 83,1884 79,1860 79,1930 80,1908 80,1984 1328,1984 1328,1908 1330,1930 1330,1860 1339,1884 1339,1808 1330,1832 1330,1755 1327,1781 1327,1709 1327,1737 1327,1662 1177,1662 1177,1645 1177,1579 1325,1579 1325,1604 1325,1534 1328,1544 1328,1480 1330,1500 1330,1430 1328,1447 1328,1381 1328,1404 1328,1332 1329,1355 1329,1279 1328,1305 1328,1232 1329,1258 1329,1183 1328,1209 1328,1134 1328,1163 1328,1088 1341,1115 1341,1036 1331,1062 1331,985 1335,1001 1335,937 1336,960 1336,887 1338,910 1338,836 1343,863 1343,792 1342,807 1342,738 1342,758 1342,689 1340,716 1340,642 1377,642 1377,668 1377,592 1336,592 1336,614 1336,544 1335,566 1335,486 1333,518 1333,443 1334,457 1334,393 1253,393 1253,418 1253,344 1334,344 1334,368 1334,298 1336,316 1336,250 88,250"/>
<TextLine id="line_0">
<Coords points="88,251 125,251 154,254 226,254 268,250 498,250 535,256 658,256 689,267 750,267 781,266 852,266 886,266 1161,266 1195,270 1336,270 1336,310 1195,310 1161,316 886,316 852,309 781,309 750,307 689,307 658,296 535,296 498,303 268,303 226,294 154,294 125,291 88,291 88,251"/>
<Baseline points="88,291 125,291 154,294 226,294 268,303 498,303 535,296 658,296 689,307 750,307 781,309 852,309 886,316 1161,316 1195,310 1336,310"/>
<TextEquiv><Unicode>2, 13; káiſara-gild Marc. 12, 14; lukarna-ſtaþa Matth.</Unicode></TextEquiv>
</TextLine>

<TextLine id="line_1">
<Coords points="87,302 124,302 153,305 223,305 246,298 535,298 558,306 681,306 706,318 743,318 765,315 892,315 936,315 1094,315 1122,319 1212,319 1242,322 1334,322 1334,367 1242,367 1212,356 1122,356 1094,368 936,368 892,361 765,361 743,356 706,356 681,345 558,345 535,352 246,352 223,343 153,343 124,339 87,339 87,302"/>
<Baseline points="87,339 124,339 153,343 223,343 246,352 535,352 558,345 681,345 706,356 743,356 765,361 892,361 936,368 1094,368 1122,356 1212,356 1242,367 1334,367"/>
<TextEquiv><Unicode>5, 15; ſynagôga-faþs Marc. 5, 22 ; dagegen aber þiu-</Unicode></TextEquiv>
</TextLine>

<TextLine id="line_2">
<Coords points="88,344 290,344 319,351 458,351 471,359 527,359 548,361 607,361 643,358 768,358 796,371 855,371 880,371 951,371 987,366 1253,366 1253,418 987,418 951,406 880,406 855,408 796,408 768,397 643,397 607,396 548,396 527,401 471,401 458,389 319,389 290,396 88,396 88,344"/>
<Baseline points="88,396 290,396 319,389 458,389 471,401 527,401 548,396 607,396 643,397 768,397 796,408 855,408 880,406 951,406 987,418 1253,418"/>
<TextEquiv><Unicode>dan-gardi Matth. 6, 13. Marc. 11, 10; midjun-gards</Unicode></TextEquiv>
</TextLine>

<TextLine id="line_3">
<Coords points="88,393 189,393 208,401 243,401 266,406 300,406 325,419 377,419 407,404 450,404 474,403 514,403 538,405 642,405 676,411 834,411 858,415 940,415 969,415 1098,415 1118,418 1334,418 1334,457 1118,457 1098,453 969,453 940,449 858,449 834,447 676,447 642,443 538,443 514,439 474,439 450,449 407,449 377,429 325,429 300,440 266,440 243,442 208,442 189,432 88,432 88,393"/>
<Baseline points="88,432 189,432 208,442 243,442 266,440 300,440 325,429 377,429 407,449 450,449 474,439 514,439 538,443 642,443 676,447 834,447 858,449 940,449 969,453 1098,453 1118,457 1334,457"/>
<TextEquiv><Unicode>Luc. 2, 1. — 3) in ſubſt. zweiter und dritter declination</Unicode></TextEquiv>
</TextLine>

<TextLine id="line_4">
<Coords points="88,443 323,443 347,450 406,450 437,451 776,451 801,461 817,461 843,463 923,463 961,478 985,478 1018,467 1092,467 1123,471 1333,471 1333,518 1123,518 1092,502 1018,502 985,500 961,500 923,507 843,507 817,497 801,497 776,504 437,504 406,487 347,487 323,485 88,485 88,443"/>
<Baseline points="88,485 323,485 347,487 406,487 437,504 776,504 801,497 817,497 843,507 923,507 961,500 985,500 1018,502 1092,502 1123,518 1333,518"/>
<TextEquiv><Unicode>abſorbieren die ableitungsvocale i und u den componie-</Unicode></TextEquiv>
</TextLine>

<TextLine id="line_5">
<Coords points="89,486 230,486 253,497 380,497 404,501 637,501 668,507 846,507 864,515 932,515 963,516 1183,516 1200,519 1290,519 1299,525 1335,525 1335,566 1299,566 1290,556 1200,556 1183,553 963,553 932,557 864,557 846,554 668,554 637,553 404,553 380,536 253,536 230,531 89,531 89,486"/>
<Baseline points="89,531 230,531 253,536 380,536 404,553 637,553 668,554 846,554 864,557 932,557 963,553 1183,553 1200,556 1290,556 1299,566 1335,566"/>
<TextEquiv><Unicode>renden vocal: arbi-numja Luc. 20, 14; mari-ſáivs Luc. 8,</Unicode></TextEquiv>
</TextLine>

<TextLine id="line_6">
<Coords points="90,548 161,548 173,544 478,544 494,552 592,552 608,559 743,559 758,559 821,559 835,561 984,561 1005,566 1088,566 1104,567 1336,567 1336,614 1104,614 1088,602 1005,602 984,608 835,608 821,595 758,595 743,600 608,600 592,589 494,589 478,587 173,587 161,589 90,589 90,548"/>
<Baseline points="90,589 161,589 173,587 478,587 494,589 592,589 608,600 743,600 758,595 821,595 835,608 984,608 1005,602 1088,602 1104,614 1336,614"/>
<TextEquiv><Unicode>22; undaúrni-mats Luc. 14, 12; ich glaube, ſtatt arbja-num-</Unicode></TextEquiv>
</TextLine>

<TextLine id="line_7">
<Coords points="89,592 137,592 160,596 407,596 426,600 771,600 801,611 872,611 895,611 956,611 982,616 1250,616 1274,619 1377,619 1377,668 1274,668 1250,668 982,668 956,647 895,647 872,646 801,646 771,652 426,652 407,644 160,644 137,637 89,637 89,592"/>
<Baseline points="89,637 137,637 160,644 407,644 426,652 771,652 801,646 872,646 895,647 956,647 982,668 1250,668 1274,668 1377,668"/>
<TextEquiv><Unicode>ja, marja-ſaivs, undaurnja-mats, wie die vergleichung der</Unicode></TextEquiv>
</TextLine>

<TextLine id="line_8">
<Coords points="87,642 298,642 312,648 369,648 379,649 422,649 430,652 518,652 526,655 562,655 571,656 624,656 635,655 712,655 723,657 788,657 798,659 1088,659 1100,669 1340,669 1340,716 1100,716 1088,705 798,705 788,692 723,692 712,692 635,692 624,699 571,699 562,697 526,697 518,697 430,697 422,695 379,695 369,684 312,684 298,682 87,682 87,642"/>
<Baseline points="87,682 298,682 312,684 369,684 379,695 422,695 430,697 518,697 526,697 562,697 571,699 624,699 635,692 712,692 723,692 788,692 798,705 1088,705 1100,716 1340,716"/>
<TextEquiv><Unicode>römiſchen -io (ſ. 412, 4, 5.) und der adjectiviſchen compoſition</Unicode></TextEquiv>
</TextLine>

<TextLine id="line_9">
<Coords points="87,689 284,689 303,709 369,709 394,699 498,699 507,702 844,702 867,707 1210,707 1241,718 1342,718 1342,756 1241,756 1210,758 867,758 844,754 507,754 498,736 394,736 369,734 303,734 284,743 87,743 87,689"/>
<Baseline points="87,743 284,743 303,734 369,734 394,736 498,736 507,754 844,754 867,758 1210,758 1241,756 1342,756"/>
<TextEquiv><Unicode>beſtätiget, wo noch midja-ſveipáins, hráinja-hairtans ſtatt-</Unicode></TextEquiv>
</TextLine>

<TextLine id="line_10">
<Coords points="86,738 202,738 213,757 226,757 248,747 584,747 613,752 707,752 722,760 757,760 772,759 843,759 879,757 1194,757 1220,767 1342,767 1342,807 1220,807 1194,800 879,800 843,801 772,801 757,800 722,800 707,790 613,790 584,798 248,798 226,789 213,789 202,778 86,778 86,738"/>
<Baseline points="86,778 202,778 213,789 226,789 248,798 584,798 613,790 707,790 722,800 757,800 772,801 843,801 879,800 1194,800 1220,807 1342,807"/>
<TextEquiv><Unicode>findet; grundu-vaddjus Luc. 6, 48; handu-vaúrhts Marc.</Unicode></TextEquiv>
</TextLine>

<TextLine id="line_11">
<Coords points="84,792 144,792 160,797 236,797 272,796 516,796 540,800 658,800 677,809 735,809 754,810 801,810 805,819 819,819 845,805 1075,805 1099,813 1198,813 1218,821 1343,821 1343,863 1218,863 1198,851 1099,851 1075,848 845,848 819,851 805,851 801,846 754,846 735,846 677,846 658,839 540,839 516,843 272,843 236,837 160,837 144,834 84,834 84,792"/>
<Baseline points="84,834 144,834 160,837 236,837 272,843 516,843 540,839 658,839 677,846 735,846 754,846 801,846 805,851 819,851 845,848 1075,848 1099,851 1198,851 1218,863 1343,863"/>
<TextEquiv><Unicode>14, 58; quiþu-hafts Marc. 13, 17; fáihu-ſkula Luc. 16, 5;</Unicode></TextEquiv>
</TextLine>

<TextLine id="line_12">
<Coords points="82,836 326,836 359,846 479,846 501,853 535,853 543,855 626,855 654,851 922,851 956,858 1040,858 1061,869 1094,869 1114,871 1192,871 1230,864 1338,864 1338,903 1230,903 1192,910 1114,910 1094,904 1061,904 1040,897 956,897 922,903 654,903 626,892 543,892 535,893 501,893 479,884 359,884 326,881 82,881 82,836"/>
<Baseline points="82,881 326,881 359,884 479,884 501,893 535,893 543,892 626,892 654,903 922,903 956,897 1040,897 1061,904 1094,904 1114,910 1192,910 1230,903 1338,903"/>
<TextEquiv><Unicode>fáihu-frikei Marc. 7, 22; fáihu-gaírnei Tit. 1, 11; fôtu-</Unicode></TextEquiv>
</TextLine>

<TextLine id="line_13">
<Coords points="86,887 201,887 227,892 324,892 342,901 378,901 392,902 466,902 486,896 706,896 735,903 871,903 886,912 927,912 948,913 1018,913 1043,911 1336,911 1336,960 1043,960 1018,954 948,954 927,952 886,952 871,942 735,942 706,937 486,937 466,941 392,941 378,940 342,940 324,930 227,930 201,927 86,927 86,887"/>
<Baseline points="86,927 201,927 227,930 324,930 342,940 378,940 392,941 466,941 486,937 706,937 735,942 871,942 886,952 927,952 948,954 1018,954 1043,960 1336,960"/>
<TextEquiv><Unicode>bandi Luc. 8, 29; fôtu-baúrd Matth. 5, 35; aſilu-qvaírnus</Unicode></TextEquiv>
</TextLine>

<TextLine id="line_14">
<Coords points="81,937 206,937 221,947 257,947 275,946 345,946 369,945 450,945 466,948 624,948 649,963 674,963 704,952 905,952 930,957 1049,957 1075,973 1146,973 1173,972 1335,972 1335,1001 1173,1001 1146,997 1075,997 1049,995 930,995 905,1000 704,1000 674,987 649,987 624,986 466,986 450,982 369,982 345,988 275,988 257,986 221,986 206,977 81,977 81,937"/>
<Baseline points="81,977 206,977 221,986 257,986 275,988 345,988 369,982 450,982 466,986 624,986 649,987 674,987 704,1000 905,1000 930,995 1049,995 1075,997 1146,997 1173,1001 1335,1001"/>
<TextEquiv><Unicode>Marc. 9, 42; ſtatt welches u gleichfalls ältere -va vermu-</Unicode></TextEquiv>
</TextLine>

<TextLine id="line_15">
<Coords points="84,985 167,985 202,992 359,992 394,994 549,994 593,998 858,998 902,1004 1186,1004 1209,1032 1258,1032 1288,1016 1331,1016 1331,1062 1288,1062 1258,1041 1209,1041 1186,1047 902,1047 858,1048 593,1048 549,1033 394,1033 359,1029 202,1029 167,1025 84,1025 84,985"/>
<Baseline points="84,1025 167,1025 202,1029 359,1029 394,1033 549,1033 593,1048 858,1048 902,1047 1186,1047 1209,1041 1258,1041 1288,1062 1331,1062"/>
<TextEquiv><Unicode>thet werden dürfen: ſôtva-baúrd, ſáihva-ſkula? — 4)</Unicode></TextEquiv>
</TextLine>

<TextLine id="line_16">
<Coords points="81,1036 178,1036 190,1039 307,1039 330,1042 473,1042 488,1045 709,1045 733,1051 855,1051 880,1054 1016,1054 1044,1062 1341,1062 1341,1115 1044,1115 1016,1093 880,1093 855,1089 733,1089 709,1085 488,1085 473,1081 330,1081 307,1085 190,1085 178,1073 81,1073 81,1036"/>
<Baseline points="81,1073 178,1073 190,1085 307,1085 330,1081 473,1081 488,1085 709,1085 733,1089 855,1089 880,1093 1016,1093 1044,1115 1341,1115"/>
<TextEquiv><Unicode>auch ſubſt. vierter declination haben keinen compoſitions-</Unicode></TextEquiv>
</TextLine>

<TextLine id="line_17">
<Coords points="81,1088 208,1088 231,1089 394,1089 417,1094 456,1094 477,1096 598,1096 625,1098 748,1098 779,1103 934,1103 961,1105 1070,1105 1112,1110 1328,1110 1328,1163 1112,1163 1070,1144 961,1144 934,1140 779,1140 748,1137 625,1137 598,1144 477,1144 456,1139 417,1139 394,1129 231,1129 208,1134 81,1134 81,1088"/>
<Baseline points="81,1134 208,1134 231,1129 394,1129 417,1139 456,1139 477,1144 598,1144 625,1137 748,1137 779,1140 934,1140 961,1144 1070,1144 1112,1163 1328,1163"/>
<TextEquiv><Unicode>vocal, ſondern i, gleich denen zweiter decl.: mati-balgs</Unicode></TextEquiv>
</TextLine>

<TextLine id="line_18">
<Coords points="80,1134 202,1134 217,1142 254,1142 281,1146 329,1146 364,1143 563,1143 599,1147 676,1147 696,1155 729,1155 747,1156 792,1156 823,1152 1060,1152 1091,1157 1177,1157 1197,1168 1255,1168 1284,1170 1328,1170 1328,1209 1284,1209 1255,1206 1197,1206 1177,1196 1091,1196 1060,1205 823,1205 792,1195 747,1195 729,1194 696,1194 676,1186 599,1186 563,1193 364,1193 329,1186 281,1186 254,1184 217,1184 202,1173 80,1173 80,1134"/>
<Baseline points="80,1173 202,1173 217,1184 254,1184 281,1186 329,1186 364,1193 563,1193 599,1186 676,1186 696,1194 729,1194 747,1195 792,1195 823,1205 1060,1205 1091,1196 1177,1196 1197,1206 1255,1206 1284,1209 1328,1209"/>
<TextEquiv><Unicode>Marc. 6, 8; gaſti-gôds Tit. 1, 8; aúrti-gards Joh. 18, 1;</Unicode></TextEquiv>
</TextLine>

<TextLine id="line_19">
<Coords points="80,1183 331,1183 371,1192 496,1192 516,1202 553,1202 572,1201 620,1201 644,1210 724,1210 747,1199 831,1199 846,1203 957,1203 985,1213 1100,1213 1135,1211 1225,1211 1249,1206 1329,1206 1329,1249 1249,1249 1225,1258 1135,1258 1100,1247 985,1247 957,1240 846,1240 831,1246 747,1246 724,1235 644,1235 620,1238 572,1238 553,1240 516,1240 496,1231 371,1231 331,1230 80,1230 80,1183"/>
<Baseline points="80,1230 331,1230 371,1231 496,1231 516,1240 553,1240 572,1238 620,1238 644,1235 724,1235 747,1246 831,1246 846,1240 957,1240 985,1247 1100,1247 1135,1258 1225,1258 1249,1249 1329,1249"/>
<TextEquiv><Unicode>náudi-bandi Mauc. 5, 3; von den maſc. mats, gaſts und</Unicode></TextEquiv>
</TextLine>

<TextLine id="line_20">
<Coords points="81,1232 172,1232 225,1237 349,1237 401,1242 549,1242 600,1249 854,1249 912,1255 1010,1255 1062,1257 1328,1257 1328,1305 1062,1305 1010,1291 912,1291 854,1287 600,1287 549,1290 401,1290 349,1285 225,1285 172,1271 81,1271 81,1232"/>
<Baseline points="81,1271 172,1271 225,1285 349,1285 401,1290 549,1290 600,1287 854,1287 912,1291 1010,1291 1062,1305 1328,1305"/>
<TextEquiv><Unicode>fem. aúrts, náuþs; vermuthlich auch vinþi-ſkaúrô</Unicode></TextEquiv>
</TextLine>

<TextLine id="line_21">
<Coords points="80,1279 247,1279 274,1287 368,1287 386,1296 421,1296 442,1297 498,1297 522,1306 602,1306 625,1297 746,1297 771,1299 938,1299 959,1304 1065,1304 1090,1307 1216,1307 1237,1323 1329,1323 1329,1346 1237,1346 1216,1355 1090,1355 1065,1342 959,1342 938,1338 771,1338 746,1334 625,1334 602,1330 522,1330 498,1333 442,1333 421,1334 386,1334 368,1326 274,1326 247,1335 80,1335 80,1279"/>
<Baseline points="80,1335 247,1335 274,1326 368,1326 386,1334 421,1334 442,1333 498,1333 522,1330 602,1330 625,1334 746,1334 771,1338 938,1338 959,1342 1065,1342 1090,1355 1216,1355 1237,1346 1329,1346"/>
<TextEquiv><Unicode>(πτύον) Luc. 3, 17. von einem dunkeln ſubſt. vinþs, ver-</Unicode></TextEquiv>
</TextLine>

<TextLine id="line_22">
<Coords points="79,1332 256,1332 280,1350 359,1350 376,1340 484,1340 499,1343 681,1343 729,1347 839,1347 862,1352 975,1352 999,1355 1103,1355 1118,1357 1227,1357 1249,1372 1328,1372 1328,1397 1249,1397 1227,1403 1118,1403 1103,1404 999,1404 975,1388 862,1388 839,1387 729,1387 681,1393 499,1393 484,1377 376,1377 359,1375 280,1375 256,1372 79,1372 79,1332"/>
<Baseline points="79,1372 256,1372 280,1375 359,1375 376,1377 484,1377 499,1393 681,1393 729,1387 839,1387 862,1388 975,1388 999,1404 1103,1404 1118,1403 1227,1403 1249,1397 1328,1397"/>
<TextEquiv><Unicode>ſchieden von vinds (ventus). Dieſe letzte regel lehrt, was</Unicode></TextEquiv>
</TextLine>

<TextLine id="line_23">
<Coords points="78,1381 143,1381 166,1383 283,1383 310,1393 343,1393 363,1394 448,1394 473,1404 572,1404 586,1400 655,1400 670,1394 801,1394 826,1398 900,1398 927,1400 990,1400 1016,1404 1056,1404 1085,1404 1154,1404 1179,1408 1328,1408 1328,1447 1179,1447 1154,1443 1085,1443 1056,1440 1016,1440 990,1439 927,1439 900,1437 826,1437 801,1444 670,1444 655,1435 586,1435 572,1430 473,1430 448,1430 363,1430 343,1433 310,1433 283,1421 166,1421 143,1418 78,1418 78,1381"/>
<Baseline points="78,1418 143,1418 166,1421 283,1421 310,1433 343,1433 363,1430 448,1430 473,1430 572,1430 586,1435 655,1435 670,1444 801,1444 826,1437 900,1437 927,1439 990,1439 1016,1440 1056,1440 1085,1443 1154,1443 1179,1447 1328,1447"/>
<TextEquiv><Unicode>ich ſchon 1, 811. anm. 28. ahnte, daß das in der vierten</Unicode></TextEquiv>
</TextLine>

<TextLine id="line_24">
<Coords points="78,1430 182,1430 204,1435 469,1435 498,1442 509,1442 543,1442 648,1442 683,1444 877,1444 903,1450 982,1450 1010,1453 1132,1453 1166,1456 1330,1456 1330,1495 1166,1495 1132,1500 1010,1500 982,1489 903,1489 877,1486 683,1486 648,1480 543,1480 509,1478 498,1478 469,1475 204,1475 182,1469 78,1469 78,1430"/>
<Baseline points="78,1469 182,1469 204,1475 469,1475 498,1478 509,1478 543,1480 648,1480 683,1486 877,1486 903,1489 982,1489 1010,1500 1132,1500 1166,1495 1330,1495"/>
<TextEquiv><Unicode>decl. erſcheinende i nicht flexiviſch ſein kann, ſondern</Unicode></TextEquiv>
</TextLine>

<TextLine id="line_25">
<Coords points="79,1480 147,1480 176,1482 364,1482 387,1488 533,1488 569,1492 669,1492 701,1495 793,1495 827,1498 963,1498 994,1514 1036,1514 1061,1504 1164,1504 1196,1506 1235,1506 1260,1507 1328,1507 1328,1544 1260,1544 1235,1543 1196,1543 1164,1541 1061,1541 1036,1538 994,1538 963,1537 827,1537 793,1532 701,1532 669,1530 569,1530 533,1536 387,1536 364,1536 176,1536 147,1517 79,1517 79,1480"/>
<Baseline points="79,1517 147,1517 176,1536 364,1536 387,1536 533,1536 569,1530 669,1530 701,1532 793,1532 827,1537 963,1537 994,1538 1036,1538 1061,1541 1164,1541 1196,1543 1235,1543 1260,1544 1328,1544"/>
<TextEquiv><Unicode>der ableitung zufällt, denn ſonſt würde es nicht in der</Unicode></TextEquiv>
</TextLine>

<TextLine id="line_26">
<Coords points="80,1534 324,1534 359,1536 488,1536 515,1541 599,1541 661,1544 713,1544 744,1546 838,1546 863,1549 942,1549 965,1550 1068,1550 1102,1554 1177,1554 1202,1554 1258,1554 1282,1559 1325,1559 1325,1604 1282,1604 1258,1593 1202,1593 1177,1590 1102,1590 1068,1598 965,1598 942,1585 863,1585 838,1584 744,1584 713,1580 661,1580 599,1587 515,1587 488,1575 359,1575 324,1579 80,1579 80,1534"/>
<Baseline points="80,1579 324,1579 359,1575 488,1575 515,1587 599,1587 661,1580 713,1580 744,1584 838,1584 863,1585 942,1585 965,1598 1068,1598 1102,1590 1177,1590 1202,1593 1258,1593 1282,1604 1325,1604"/>
<TextEquiv><Unicode>compoſition haften . Es muß alſo hier, wie bei 3)</Unicode></TextEquiv>
</TextLine>

<TextLine id="line_27">
<Coords points="79,1579 140,1579 163,1580 333,1580 357,1587 593,1587 617,1599 684,1599 708,1606 986,1606 1008,1602 1177,1602 1177,1640 1008,1640 986,1645 708,1645 684,1629 617,1629 593,1640 357,1640 333,1620 163,1620 140,1616 79,1616 79,1579"/>
<Baseline points="79,1616 140,1616 163,1620 333,1620 357,1640 593,1640 617,1629 684,1629 708,1645 986,1645 1008,1640 1177,1640"/>
<TextEquiv><Unicode>ein früheres matja-balgs etc. angenommen werden.</Unicode></TextEquiv>
</TextLine>

<TextLine id="line_28">
<Coords points="159,1662 408,1662 427,1682 506,1682 531,1670 651,1670 676,1677 804,1677 829,1678 951,1678 979,1681 1037,1681 1064,1684 1149,1684 1178,1688 1327,1688 1327,1737 1178,1737 1149,1722 1064,1722 1037,1719 979,1719 951,1716 829,1716 804,1724 676,1724 651,1710 531,1710 506,1707 427,1707 408,1707 159,1707 159,1662"/>
<Baseline points="159,1707 408,1707 427,1707 506,1707 531,1710 651,1710 676,1724 804,1724 829,1716 951,1716 979,1719 1037,1719 1064,1722 1149,1722 1178,1737 1327,1737"/>
<TextEquiv><Unicode>Ausnahmen von dieſen regeln kenne ich ſehr wenige</Unicode></TextEquiv>
</TextLine>

<TextLine id="line_29">
<Coords points="80,1709 160,1709 188,1725 276,1725 299,1715 388,1715 410,1717 639,1717 667,1727 934,1727 952,1731 1045,1731 1063,1738 1171,1738 1199,1738 1327,1738 1327,1781 1199,1781 1171,1778 1063,1778 1045,1770 952,1770 934,1779 667,1779 639,1759 410,1759 388,1754 299,1754 276,1748 188,1748 160,1746 80,1746 80,1709"/>
<Baseline points="80,1746 160,1746 188,1748 276,1748 299,1754 388,1754 410,1759 639,1759 667,1779 934,1779 952,1770 1045,1770 1063,1778 1171,1778 1199,1781 1327,1781"/>
<TextEquiv><Unicode>und zum theil ſcheinbare: vein-drugkja Luc. 7, 34. (οἰνο-</Unicode></TextEquiv>
</TextLine>

<TextLine id="line_30">
<Coords points="82,1755 227,1755 260,1765 418,1765 444,1768 525,1768 556,1772 754,1772 779,1790 854,1790 878,1782 1040,1782 1066,1783 1143,1783 1172,1785 1330,1785 1330,1832 1172,1832 1143,1820 1066,1820 1040,1830 878,1830 854,1814 779,1814 754,1822 556,1822 525,1805 444,1805 418,1803 260,1803 227,1810 82,1810 82,1755"/>
<Baseline points="82,1810 227,1810 260,1803 418,1803 444,1805 525,1805 556,1822 754,1822 779,1814 854,1814 878,1830 1040,1830 1066,1820 1143,1820 1172,1832 1330,1832"/>
<TextEquiv><Unicode>πότης) welches eine uneigentl. acc. compoſ. ſein könnte,</Unicode></TextEquiv>
</TextLine>

<TextLine id="line_31">
<Coords points="83,1808 177,1808 202,1823 272,1823 298,1813 426,1813 446,1817 519,1817 538,1824 572,1824 591,1826 651,1826 683,1825 771,1825 801,1826 1001,1826 1027,1833 1159,1833 1182,1835 1339,1835 1339,1884 1182,1884 1159,1874 1027,1874 1001,1877 801,1877 771,1861 683,1861 651,1861 591,1861 572,1864 538,1864 519,1854 446,1854 426,1860 298,1860 272,1859 202,1859 177,1845 83,1845 83,1808"/>
<Baseline points="83,1845 177,1845 202,1859 272,1859 298,1860 426,1860 446,1854 519,1854 538,1864 572,1864 591,1861 651,1861 683,1861 771,1861 801,1877 1001,1877 1027,1874 1159,1874 1182,1884 1339,1884"/>
<TextEquiv><Unicode>oder gar keine, wie 7, 33. vein drigkands (οἶνον πίνων)</Unicode></TextEquiv>
</TextLine>

<TextLine id="line_32">
<Coords points="79,1860 345,1860 371,1866 437,1866 484,1868 740,1868 778,1875 1028,1875 1072,1882 1159,1882 1189,1889 1224,1889 1255,1890 1330,1890 1330,1930 1255,1930 1224,1925 1189,1925 1159,1918 1072,1918 1028,1929 778,1929 740,1916 484,1916 437,1910 371,1910 345,1908 79,1908 79,1860"/>
<Baseline points="79,1908 345,1908 371,1910 437,1910 484,1916 740,1916 778,1929 1028,1929 1072,1918 1159,1918 1189,1925 1224,1925 1255,1930 1330,1930"/>
<TextEquiv><Unicode>vorausgeht? ; guþ-blôſtreis (θεο-σεβής) Joh. 9, 31;</Unicode></TextEquiv>
</TextLine>

<TextLine id="line_33">
<Coords points="80,1910 291,1910 334,1908 483,1908 526,1917 643,1917 677,1928 736,1928 763,1930 832,1930 868,1926 1081,1926 1122,1932 1328,1932 1328,1984 1122,1984 1081,1975 868,1975 832,1971 763,1971 736,1968 677,1968 643,1955 526,1955 483,1961 334,1961 291,1948 80,1948 80,1910"/>
<Baseline points="80,1948 291,1948 334,1961 483,1961 526,1955 643,1955 677,1968 736,1968 763,1971 832,1971 868,1975 1081,1975 1122,1984 1328,1984"/>
<TextEquiv><Unicode>man-leika (εἰκών) Marc. 12, 16; brûþ-faþs (νυμφίος)</Unicode></TextEquiv>
</TextLine>

</TextRegion>
<TextRegion id="block_1" custom="structure {type:pageNum;}">
<Coords points="1243,172 1243,212 1346,212 1346,172 1243,172"/>
<TextLine id="line_34">
<Coords points="1243,172 1346,172 1346,212 1243,212 1243,172"/>
<Baseline points="1243,212 1346,212"/>
<TextEquiv><Unicode>413</Unicode></TextEquiv>
</TextLine>

</TextRegion>
<TextRegion id="block_2" custom="structure {type:header;}">
<Coords points="176,129 176,224 1190,224 1190,129 176,129"/>
<TextLine id="line_35">
<Coords points="176,141 255,141 264,140 646,140 673,141 860,141 889,129 1190,129 1190,224 889,224 860,214 673,214 646,212 264,212 255,183 176,183 176,141"/>
<Baseline points="176,183 255,183 264,212 646,212 673,214 860,214 889,224 1190,224"/>
<TextEquiv><Unicode>III. ſubſtantiviſche eigentl. compoſition.</Unicode></TextEquiv>
</TextLine>

</TextRegion>
<TextRegion id="block_3" custom="structure {type:note;}">
<Coords points="202,2047 202,2103 203,2090 203,2155 203,2128 83,2128 83,2189 83,2171 247,2171 247,2229 247,2210 83,2210 83,2272 83,2255 83,2320 84,2289 84,2331 84,2338 196,2338 196,2392 196,2373 84,2373 84,2442 83,2423 83,2465 724,2465 724,2423 1329,2423 1329,2442 1329,2373 1327,2392 1327,2338 431,2338 431,2331 431,2289 1325,2289 1325,2320 1325,2255 1322,2272 1322,2210 1325,2229 1325,2171 1152,2171 1152,2189 1152,2128 1324,2128 1324,2155 1324,2090 1195,2090 1195,2103 1195,2047 202,2047"/>
<TextLine id="line_36">
<Coords points="202,2047 267,2047 294,2048 350,2048 382,2056 597,2056 623,2053 848,2053 878,2069 1115,2069 1135,2076 1195,2076 1195,2101 1135,2101 1115,2098 878,2098 848,2103 623,2103 597,2093 382,2093 350,2080 294,2080 267,2086 202,2086 202,2047"/>
<Baseline points="202,2086 267,2086 294,2080 350,2080 382,2093 597,2093 623,2103 848,2103 878,2098 1115,2098 1135,2101 1195,2101"/>
<TextEquiv><Unicode>vgl. die eigennamen athala-ricus, ërmana-ricus etc.</Unicode></TextEquiv>
</TextLine>

<TextLine id="line_37">
<Coords points="203,2090 255,2090 276,2092 373,2092 403,2096 546,2096 573,2101 831,2101 862,2111 927,2111 957,2109 1013,2109 1042,2109 1113,2109 1131,2115 1324,2115 1324,2155 1131,2155 1113,2140 1042,2140 1013,2139 957,2139 927,2138 862,2138 831,2143 573,2143 546,2134 403,2134 373,2124 276,2124 255,2118 203,2118 203,2090"/>
<Baseline points="203,2118 255,2118 276,2124 373,2124 403,2134 546,2134 573,2143 831,2143 862,2138 927,2138 957,2139 1013,2139 1042,2140 1113,2140 1131,2155 1324,2155"/>
<TextEquiv><Unicode>ein maſc. midjuns vorausſetzend, wie das ahd. mittin-gart</Unicode></TextEquiv>
</TextLine>

<TextLine id="line_38">
<Coords points="83,2128 139,2128 164,2131 289,2131 326,2135 455,2135 486,2137 592,2137 620,2143 684,2143 713,2150 783,2150 810,2148 1054,2148 1079,2149 1152,2149 1152,2184 1079,2184 1054,2189 810,2189 783,2180 713,2180 684,2173 620,2173 592,2175 486,2175 455,2166 326,2166 289,2168 164,2168 139,2157 83,2157 83,2128"/>
<Baseline points="83,2157 139,2157 164,2168 289,2168 326,2166 455,2166 486,2175 592,2175 620,2173 684,2173 713,2180 783,2180 810,2189 1054,2189 1079,2184 1152,2184"/>
<TextEquiv><Unicode>ein mittin, welche ſ. 175. und 170. nachzutragen ſind.</Unicode></TextEquiv>
</TextLine>

<TextLine id="line_39">
<Coords points="247,2171 301,2171 328,2178 430,2178 452,2178 535,2178 557,2183 640,2183 660,2184 727,2184 749,2187 914,2187 943,2190 1128,2190 1144,2193 1187,2193 1206,2194 1243,2194 1260,2208 1325,2208 1325,2228 1260,2228 1243,2226 1206,2226 1187,2225 1144,2225 1128,2229 943,2229 914,2227 749,2227 727,2220 660,2220 640,2213 557,2213 535,2211 452,2211 430,2207 328,2207 301,2203 247,2203 247,2171"/>
<Baseline points="247,2203 301,2203 328,2207 430,2207 452,2211 535,2211 557,2213 640,2213 660,2220 727,2220 749,2227 914,2227 943,2229 1128,2229 1144,2225 1187,2225 1206,2226 1243,2226 1260,2228 1325,2228"/>
<TextEquiv><Unicode>die vierte decl. wird alſo hiſtoriſch wegfallen; ſie iſt nur</Unicode></TextEquiv>
</TextLine>

<TextLine id="line_40">
<Coords points="83,2210 157,2210 183,2212 299,2212 328,2218 555,2218 584,2222 640,2222 668,2229 703,2229 738,2227 789,2227 816,2229 939,2229 960,2233 1194,2233 1222,2237 1322,2237 1322,2269 1222,2269 1194,2272 960,2272 939,2262 816,2262 789,2258 738,2258 703,2256 668,2256 640,2254 584,2254 555,2252 328,2252 299,2244 183,2244 157,2239 83,2239 83,2210"/>
<Baseline points="83,2239 157,2239 183,2244 299,2244 328,2252 555,2252 584,2254 640,2254 668,2256 703,2256 738,2258 789,2258 816,2262 939,2262 960,2272 1194,2272 1222,2269 1322,2269"/>
<TextEquiv><Unicode>eine andere modification des in die flexion eingreifenden ablei-</Unicode></TextEquiv>
</TextLine>

<TextLine id="line_41">
<Coords points="83,2255 228,2255 249,2255 295,2255 316,2257 369,2257 390,2263 517,2263 559,2262 686,2262 705,2266 897,2266 926,2272 1024,2272 1051,2276 1248,2276 1264,2289 1325,2289 1325,2320 1264,2320 1248,2311 1051,2311 1024,2306 926,2306 897,2312 705,2312 686,2297 559,2297 517,2294 390,2294 369,2288 316,2288 295,2294 249,2294 228,2290 83,2290 83,2255"/>
<Baseline points="83,2290 228,2290 249,2294 295,2294 316,2288 369,2288 390,2294 517,2294 559,2297 686,2297 705,2312 897,2312 926,2306 1024,2306 1051,2311 1248,2311 1264,2320 1325,2320"/>
<TextEquiv><Unicode>tungs-i, als die zweite. Nähere darſtellung dieſer verhältniſſe ge-</Unicode></TextEquiv>
</TextLine>

<TextLine id="line_42">
<Coords points="84,2289 163,2289 181,2294 270,2294 288,2297 431,2297 431,2331 288,2331 270,2326 181,2326 163,2320 84,2320 84,2289"/>
<Baseline points="84,2320 163,2320 181,2326 270,2326 288,2331 431,2331"/>
<TextEquiv><Unicode>hört nicht hierher.</Unicode></TextEquiv>
</TextLine>

<TextLine id="line_43">
<Coords points="196,2338 239,2338 257,2342 403,2342 424,2342 577,2342 608,2347 723,2347 738,2353 768,2353 797,2352 938,2352 956,2356 1007,2356 1028,2358 1083,2358 1104,2362 1219,2362 1238,2368 1327,2368 1327,2392 1238,2392 1219,2392 1104,2392 1083,2388 1028,2388 1007,2386 956,2386 938,2385 797,2385 768,2385 738,2385 723,2385 608,2385 577,2385 424,2385 403,2371 257,2371 239,2366 196,2366 196,2338"/>
<Baseline points="196,2366 239,2366 257,2371 403,2371 424,2385 577,2385 608,2385 723,2385 738,2385 768,2385 797,2385 938,2385 956,2386 1007,2386 1028,2388 1083,2388 1104,2392 1219,2392 1238,2392 1327,2392"/>
<TextEquiv><Unicode>in vein-nas (πάροινος) Tit. 1, 7. verſtehe ich das zweite wort</Unicode></TextEquiv>
</TextLine>

<TextLine id="line_44">
<Coords points="84,2373 178,2373 199,2374 314,2374 338,2380 487,2380 508,2397 544,2397 563,2388 682,2388 717,2392 873,2392 913,2395 977,2395 996,2399 1072,2399 1092,2403 1210,2403 1234,2404 1329,2404 1329,2442 1234,2442 1210,2433 1092,2433 1072,2430 996,2430 977,2429 913,2429 873,2427 717,2427 682,2427 563,2427 544,2417 508,2417 487,2415 338,2415 314,2416 199,2416 178,2403 84,2403 84,2373"/>
<Baseline points="84,2403 178,2403 199,2416 314,2416 338,2415 487,2415 508,2417 544,2417 563,2427 682,2427 717,2427 873,2427 913,2429 977,2429 996,2430 1072,2430 1092,2433 1210,2433 1234,2442 1329,2442"/>
<TextEquiv><Unicode>nicht ſicher, bedeutet es naſus, naſutus? Das altn. nâ-nös (ava-</Unicode></TextEquiv>
</TextLine>

<TextLine id="line_45">
<Coords points="83,2423 158,2423 181,2426 260,2426 281,2426 472,2426 499,2426 536,2426 558,2429 724,2429 724,2464 558,2464 536,2459 499,2459 472,2465 281,2465 260,2457 181,2457 158,2452 83,2452 83,2423"/>
<Baseline points="83,2452 158,2452 181,2457 260,2457 281,2465 472,2465 499,2459 536,2459 558,2464 724,2464"/>
<TextEquiv><Unicode>rus, opes emungens) iſt weiblich.</Unicode></TextEquiv>
</TextLine>

</TextRegion>
</Page>
</PcGts>