1600 2762
224 1674 747 1749 §. 14.
94 1768 1259 1826 Anſpruͤche, Beſchwerden, Garantie ꝛc.
147 1870 1300 1942 Ein Volk, welches ein Recht auf das Eigenthum
59 1932 1300 2004 oder den Beſitz eines Territoriums oder auf die Aus-
59 1995 1299 2064 uͤbung irgend eines Hoheitsrechts in demſelben hat, oder
60 2057 1300 2126 zu haben vorgiebt, welches von andern beſeſſen oder
60 2117 1298 2188 ausgeuͤbt wird, macht Anſpruͤche darauf. Wie dieſe
60 2177 1296 2251 durch guͤtliche oder gewaltſame Mittel zu verfolgen und
60 2243 1297 2312 die diesfalſigen Beſchwerden zu erledigen, davon wird
57 2306 1296 2374 kuͤnftig umſtaͤndlicher zu handeln ſeyn. Indes pflegen
60 2365 1297 2436 die Nazionen zu Sicherung gegen dergleichen beſonders
60 2430 1296 2540 ungegruͤndete Anſpruͤche ſich gemeiniglich von andern
1200 239 1297 294 239
126 222 1168 295 in Anſehung des Eigenthums ihrer Lande.
172 354 1300 416 ienige, welcher von beider Reiche Unterthanen ſich kuͤnf-
172 418 1297 477 tig unterſtehet, auf einige Art die andere Seite auſſerhalb
175 476 1296 536 dieſer nun feſtgeſetzten Grenze zu vervortheilen oder zu
170 538 1298 593 beunruhigen, den Schaden erſetzen und eine gewiſſe Zeit
168 597 1311 656 nach Beſchaffenheit der Sache in der naͤchſten Feſtung
168 664 851 715 arbeiten ſoll. Ebendaſ. S. 134.
172 728 1299 784 In den Streitigkeiten zwiſchen Frankreich und Sardinien,
172 788 1297 847 wegen Aufhebung des Mandrin auf ſavoyiſchen Grund
174 853 1298 909 und Boden ließ letzterer Hof ein Memoire aufſetzen von
169 917 1299 978 welchem gemeldet wurde: Dans ce Memoire, qui a
174 976 1299 1041 de même été envoyé par la Cour de Turin à tous ſes
171 1040 1300 1103 Miniſtres dans les Cours étrangères S. M. Sard.
172 1102 1304 1159 declare, que le droit des Gens par rapport a Sa
170 1163 1299 1214 Souverainété ayant été enfraint a cette occaſion,
169 1220 1317 1282 Elle en a demandé une ſatisfaction proportionnée à
160 1281 1004 1335 la nature du grief. Ebendaſ. S. 339.
177 1348 1304 1410 M. vergl. uͤberhaupt Moſers Verſuch 5. Th. 5. B.
178 1416 1295 1477 5. Kap. Von Verletzung eines fremden Gebiets
173 1476 1293 1537 S. 278. ff. ingl. deſſen Beitraͤge in Fr. Zeit. 5. Th.
177 1541 598 1601 8. Kap. S. 337. ff.
