<?xml version="1.0" encoding="UTF-8"?>
<PcGts xmlns="http://schema.primaresearch.org/PAGE/gts/pagecontent/2019-07-15" xmlns:xsi="http://www.w3.org/2001/XMLSchema-instance" xsi:schemaLocation="http://schema.primaresearch.org/PAGE/gts/pagecontent/2019-07-15 http://schema.primaresearch.org/PAGE/gts/pagecontent/2019-07-15/pagecontent.xsd">
<Metadata>
<Creator>regJS2PAGE.py</Creator>
<Created>2021-02-16T10:52:53.642463</Created>
<LastChange>2021-02-16T10:52:53.642463</LastChange>
</Metadata>
<Page imageFilename="tmp/guenther_voelkerrecht02_1792_0176.png" imageWidth="1600" imageHeight="2762">
<TextRegion id="block_0" custom="structure {type:header;}">
<Coords points="352,182 352,258 1463,258 1463,182 352,182"/>
<TextLine id="line_0">
<Coords points="352,187 486,187 498,182 744,182 757,199 804,199 818,191 1035,191 1059,188 1463,188 1463,251 1059,251 1035,258 818,258 804,243 757,243 744,255 498,255 486,247 352,247 352,187"/>
<Baseline points="352,247 486,247 498,255 744,255 757,243 804,243 818,258 1035,258 1059,251 1463,251"/>
<TextEquiv><Unicode>Vom gemeinſch. u. geteilten, unvolkommenen</Unicode></TextEquiv>
</TextLine>

</TextRegion>
<TextRegion id="block_1" custom="structure {type:pageNum;}">
<Coords points="236,188 236,242 325,242 325,188 236,188"/>
<TextLine id="line_1">
<Coords points="236,188 325,188 325,242 236,242 236,188"/>
<Baseline points="236,242 325,242"/>
<TextEquiv><Unicode>162</Unicode></TextEquiv>
</TextLine>

</TextRegion>
<TextRegion id="block_2" custom="structure {type:catch;}">
<Coords points="1455,2540 1455,2593 1564,2593 1564,2540 1455,2540"/>
<TextLine id="line_2">
<Coords points="1455,2540 1564,2540 1564,2593 1455,2593 1455,2540"/>
<Baseline points="1455,2593 1564,2593"/>
<TextEquiv><Unicode>lichen</Unicode></TextEquiv>
</TextLine>

</TextRegion>
<TextRegion id="block_3" custom="structure {type:note;}">
<Coords points="383,319 383,389 367,389 367,451 367,452 367,506 368,506 368,573 368,575 368,636 368,637 368,696 369,702 369,761 370,764 370,828 371,826 371,892 372,887 372,941 373,941 373,1000 377,996 377,1061 379,1053 379,1125 379,1117 379,1197 376,1191 376,1265 376,1252 376,1320 375,1322 375,1380 375,1392 375,1443 377,1454 377,1515 388,1512 388,1574 381,1571 381,1637 384,1632 384,1697 387,1700 387,1758 390,1764 390,1820 390,1827 304,1827 304,1886 304,1896 392,1896 392,1972 391,1957 391,2019 392,2024 392,2086 392,2090 287,2090 287,2152 287,2151 394,2151 394,2218 406,2214 406,2279 394,2281 394,2343 394,2345 394,2409 392,2408 392,2470 393,2469 393,2539 1562,2539 1562,2469 1558,2470 1558,2408 1559,2409 1559,2345 1558,2343 1558,2281 1557,2279 1557,2214 1354,2214 1354,2218 1354,2151 1553,2151 1553,2152 1553,2090 1549,2086 1549,2024 1548,2019 1548,1957 1547,1972 1547,1896 1548,1886 1548,1827 1574,1827 1574,1820 1574,1764 1547,1764 1547,1758 1547,1700 1545,1697 1545,1632 1542,1637 1542,1571 1545,1574 1545,1512 1478,1512 1478,1515 1478,1454 1540,1454 1540,1443 1540,1392 1543,1380 1543,1322 1544,1320 1544,1252 1537,1265 1537,1191 1538,1197 1538,1117 1537,1125 1537,1053 1544,1061 1544,996 1543,1000 1543,941 1541,941 1541,887 1533,892 1533,826 1537,828 1537,764 1528,761 1528,702 1527,696 1527,637 1524,636 1524,575 1523,573 1523,506 1523,506 1523,452 1528,451 1528,389 1521,389 1521,319 383,319"/>
<TextLine id="line_3">
<Coords points="383,324 476,324 502,325 556,325 588,324 810,324 841,325 1189,325 1213,326 1310,326 1331,319 1521,319 1521,373 1331,373 1310,367 1213,367 1189,379 841,379 810,377 588,377 556,389 502,389 476,375 383,375 383,324"/>
<Baseline points="383,375 476,375 502,389 556,389 588,377 810,377 841,379 1189,379 1213,367 1310,367 1331,373 1521,373"/>
<TextEquiv><Unicode>Daß die Beraubung des Lehns wegen eines Lehnsfeh-</Unicode></TextEquiv>
</TextLine>

<TextLine id="line_4">
<Coords points="367,390 440,390 463,395 531,395 563,390 718,390 746,390 856,390 882,394 969,394 982,404 1093,404 1114,390 1199,390 1227,389 1421,389 1445,391 1528,391 1528,426 1445,426 1421,441 1227,441 1199,440 1114,440 1093,435 982,435 969,437 882,437 856,432 746,432 718,432 563,432 531,430 463,430 440,451 367,451 367,390"/>
<Baseline points="367,451 440,451 463,430 531,430 563,432 718,432 746,432 856,432 882,437 969,437 982,435 1093,435 1114,440 1199,440 1227,441 1421,441 1445,426 1528,426"/>
<TextEquiv><Unicode>lers nur alsdann Statt habe wenn dieſe Strafe in dem</Unicode></TextEquiv>
</TextLine>

<TextLine id="line_5">
<Coords points="367,452 640,452 672,452 804,452 829,454 1064,454 1086,456 1199,456 1220,455 1261,455 1275,486 1287,486 1333,452 1523,452 1523,503 1333,503 1287,506 1275,506 1261,504 1220,504 1199,506 1086,506 1064,502 829,502 804,502 672,502 640,506 367,506 367,452"/>
<Baseline points="367,506 640,506 672,502 804,502 829,502 1064,502 1086,506 1199,506 1220,504 1261,504 1275,506 1287,506 1333,503 1523,503"/>
<TextEquiv><Unicode>Lehnsvertrage darauf ausdruͤcklich geſetzt iſt, behauptet</Unicode></TextEquiv>
</TextLine>

<TextLine id="line_6">
<Coords points="368,526 470,526 497,513 631,513 654,518 741,518 764,511 912,511 929,519 1016,519 1036,519 1068,519 1093,518 1181,518 1204,514 1244,514 1264,515 1451,515 1459,506 1523,506 1523,551 1459,551 1451,559 1264,559 1244,556 1204,556 1181,558 1093,558 1068,559 1036,559 1016,565 929,565 912,573 764,573 741,567 654,567 631,560 497,560 470,560 368,560 368,526"/>
<Baseline points="368,560 470,560 497,560 631,560 654,567 741,567 764,573 912,573 929,565 1016,565 1036,559 1068,559 1093,558 1181,558 1204,556 1244,556 1264,559 1451,559 1459,551 1523,551"/>
<TextEquiv><Unicode>unter andern auch Wolff Inſt. I. Nat. et Gent. P. II.</Unicode></TextEquiv>
</TextLine>

<TextLine id="line_7">
<Coords points="368,593 404,593 429,580 691,580 747,578 871,578 902,575 1002,575 1028,586 1088,586 1120,580 1248,580 1274,585 1357,585 1408,576 1524,576 1524,627 1408,627 1357,631 1274,631 1248,629 1120,629 1088,622 1028,622 1002,626 902,626 871,622 747,622 691,636 429,636 404,621 368,621 368,593"/>
<Baseline points="368,621 404,621 429,636 691,636 747,622 871,622 902,626 1002,626 1028,622 1088,622 1120,629 1248,629 1274,631 1357,631 1408,627 1524,627"/>
<TextEquiv><Unicode>c. 16. §. 747. Wenn indes der Vaſall der, beſon-</Unicode></TextEquiv>
</TextLine>

<TextLine id="line_8">
<Coords points="368,648 448,648 481,644 711,644 732,645 998,645 1024,642 1415,642 1423,637 1527,637 1527,683 1423,683 1415,696 1024,696 998,695 732,695 711,694 481,694 448,685 368,685 368,648"/>
<Baseline points="368,685 448,685 481,694 711,694 732,695 998,695 1024,696 1415,696 1423,683 1527,683"/>
<TextEquiv><Unicode>dere Ergebenheit erfodernden, Lehnsverbindlichkeit nicht</Unicode></TextEquiv>
</TextLine>

<TextLine id="line_9">
<Coords points="369,719 437,719 466,709 557,709 580,705 708,705 741,708 884,708 913,710 1016,710 1046,706 1223,706 1245,702 1528,702 1528,755 1245,755 1223,757 1046,757 1016,760 913,760 884,761 741,761 708,761 580,761 557,760 466,760 437,749 369,749 369,719"/>
<Baseline points="369,749 437,749 466,760 557,760 580,761 708,761 741,761 884,761 913,760 1016,760 1046,757 1223,757 1245,755 1528,755"/>
<TextEquiv><Unicode>nur nicht gemaͤs ſondern durch offenbare Beleidigungen</Unicode></TextEquiv>
</TextLine>

<TextLine id="line_10">
<Coords points="370,775 436,775 464,771 678,771 691,800 705,800 746,775 916,775 942,778 1110,778 1140,767 1205,767 1238,764 1410,764 1437,766 1537,766 1537,805 1437,805 1410,818 1238,818 1205,816 1140,816 1110,821 942,821 916,822 746,822 705,822 691,822 678,828 464,828 436,812 370,812 370,775"/>
<Baseline points="370,812 436,812 464,828 678,828 691,822 705,822 746,822 916,822 942,821 1110,821 1140,816 1205,816 1238,818 1410,818 1437,805 1537,805"/>
<TextEquiv><Unicode>des Lehnsherrn, geradezu entgegen ſich betraͤgt, kann</Unicode></TextEquiv>
</TextLine>

<TextLine id="line_11">
<Coords points="371,844 460,844 488,829 611,829 625,833 721,833 755,833 857,833 873,826 1533,826 1533,892 873,892 857,873 755,873 721,883 625,883 611,883 488,883 460,875 371,875 371,844"/>
<Baseline points="371,875 460,875 488,883 611,883 625,883 721,883 755,873 857,873 873,892 1533,892"/>
<TextEquiv><Unicode>man dieſen wohl kaum der Ungerechtigkeit beſchuldigen</Unicode></TextEquiv>
</TextLine>

<TextLine id="line_12">
<Coords points="372,905 479,905 499,905 535,905 555,894 644,894 661,894 783,894 790,892 910,892 918,918 933,918 961,893 1070,893 1090,892 1313,892 1315,888 1394,888 1405,887 1541,887 1541,932 1405,932 1394,929 1315,929 1313,938 1090,938 1070,934 961,934 933,939 918,939 910,931 790,931 783,941 661,941 644,940 555,940 535,938 499,938 479,935 372,935 372,905"/>
<Baseline points="372,935 479,935 499,938 535,938 555,940 644,940 661,941 783,941 790,931 910,931 918,939 933,939 961,934 1070,934 1090,938 1313,938 1315,929 1394,929 1405,932 1541,932"/>
<TextEquiv><Unicode>wenn er auch ſeiner Seits, durch Einziehung des Lehns,</Unicode></TextEquiv>
</TextLine>

<TextLine id="line_13">
<Coords points="373,957 443,957 468,955 633,955 653,948 818,948 847,946 957,946 962,948 1217,948 1225,951 1301,951 1310,941 1543,941 1543,992 1310,992 1301,991 1225,991 1217,994 962,994 957,991 847,991 818,996 653,996 633,1000 468,1000 443,993 373,993 373,957"/>
<Baseline points="373,993 443,993 468,1000 633,1000 653,996 818,996 847,991 957,991 962,994 1217,994 1225,991 1301,991 1310,992 1543,992"/>
<TextEquiv><Unicode>den Vertrag aufhebt. Bey Gelegenheit der Streitigkei-</Unicode></TextEquiv>
</TextLine>

<TextLine id="line_14">
<Coords points="377,1003 437,1003 445,1000 635,1000 635,1006 825,1006 836,998 908,998 915,997 1048,997 1066,996 1186,996 1200,997 1371,997 1390,996 1544,996 1544,1047 1390,1047 1371,1041 1200,1041 1186,1049 1066,1049 1048,1049 915,1049 908,1043 836,1043 825,1056 635,1056 635,1061 445,1061 437,1053 377,1053 377,1003"/>
<Baseline points="377,1053 437,1053 445,1061 635,1061 635,1056 825,1056 836,1043 908,1043 915,1049 1048,1049 1066,1049 1186,1049 1200,1041 1371,1041 1390,1047 1544,1047"/>
<TextEquiv><Unicode>ten zwiſchen Rußland und Polen wegen Curland aͤuſſerte</Unicode></TextEquiv>
</TextLine>

<TextLine id="line_15">
<Coords points="379,1073 522,1073 535,1082 548,1082 590,1060 631,1060 652,1079 702,1079 724,1067 855,1067 874,1063 1082,1063 1101,1074 1149,1074 1174,1066 1293,1066 1322,1053 1430,1053 1454,1053 1537,1053 1537,1096 1454,1096 1430,1115 1322,1115 1293,1113 1174,1113 1149,1101 1101,1101 1082,1104 874,1104 855,1119 724,1119 702,1108 652,1108 631,1110 590,1110 548,1113 535,1113 522,1125 379,1125 379,1073"/>
<Baseline points="379,1125 522,1125 535,1113 548,1113 590,1110 631,1110 652,1108 702,1108 724,1119 855,1119 874,1104 1082,1104 1101,1101 1149,1101 1174,1113 1293,1113 1322,1115 1430,1115 1454,1096 1537,1096"/>
<TextEquiv><Unicode>erſteres: Si vn prince feudataire ne peut, ſans être</Unicode></TextEquiv>
</TextLine>

<TextLine id="line_16">
<Coords points="379,1130 556,1130 584,1128 689,1128 719,1132 843,1132 866,1121 912,1121 929,1125 1086,1125 1097,1157 1110,1157 1146,1121 1230,1121 1245,1125 1370,1125 1387,1117 1432,1117 1442,1118 1538,1118 1538,1177 1442,1177 1432,1164 1387,1164 1370,1186 1245,1186 1230,1168 1146,1168 1110,1181 1097,1181 1086,1186 929,1186 912,1171 866,1171 843,1172 719,1172 689,1175 584,1175 556,1197 379,1197 379,1130"/>
<Baseline points="379,1197 556,1197 584,1175 689,1175 719,1172 843,1172 866,1171 912,1171 929,1186 1086,1186 1097,1181 1110,1181 1146,1168 1230,1168 1245,1186 1370,1186 1387,1164 1432,1164 1442,1177 1538,1177"/>
<TextEquiv><Unicode>coupable d’vn crime de felonie, être privé de fiefs</Unicode></TextEquiv>
</TextLine>

<TextLine id="line_17">
<Coords points="376,1216 434,1216 434,1199 491,1199 517,1214 543,1214 569,1200 711,1200 738,1194 968,1194 981,1227 993,1227 1031,1197 1080,1197 1114,1195 1204,1195 1234,1194 1336,1194 1369,1191 1537,1191 1537,1233 1369,1233 1336,1235 1234,1235 1204,1249 1114,1249 1080,1238 1031,1238 993,1250 981,1250 968,1257 738,1257 711,1261 569,1261 543,1243 517,1243 491,1244 434,1244 434,1265 376,1265 376,1216"/>
<Baseline points="376,1265 434,1265 434,1244 491,1244 517,1243 543,1243 569,1261 711,1261 738,1257 968,1257 981,1250 993,1250 1031,1238 1080,1238 1114,1249 1204,1249 1234,1235 1336,1235 1369,1233 1537,1233"/>
<TextEquiv><Unicode>qu’il a acquis légalement, de quel droit ſoutien-</Unicode></TextEquiv>
</TextLine>

<TextLine id="line_18">
<Coords points="376,1271 472,1271 486,1277 526,1277 542,1282 592,1282 622,1279 697,1279 727,1266 763,1266 798,1266 887,1266 921,1264 1055,1264 1090,1263 1180,1263 1211,1261 1295,1261 1316,1265 1398,1265 1425,1252 1544,1252 1544,1311 1425,1311 1398,1301 1316,1301 1295,1302 1211,1302 1180,1304 1090,1304 1055,1305 921,1305 887,1307 798,1307 763,1306 727,1306 697,1320 622,1320 592,1309 542,1309 526,1310 486,1310 472,1311 376,1311 376,1271"/>
<Baseline points="376,1311 472,1311 486,1310 526,1310 542,1309 592,1309 622,1320 697,1320 727,1306 763,1306 798,1307 887,1307 921,1305 1055,1305 1090,1304 1180,1304 1211,1302 1295,1302 1316,1301 1398,1301 1425,1311 1544,1311"/>
<TextEquiv><Unicode>dra-t-on que le Duc Erneſt Iean doit être privé</Unicode></TextEquiv>
</TextLine>

<TextLine id="line_19">
<Coords points="375,1337 426,1337 453,1336 513,1336 541,1333 700,1333 730,1333 813,1333 843,1332 949,1332 978,1327 1042,1327 1071,1329 1263,1329 1305,1328 1344,1328 1368,1322 1466,1322 1498,1327 1543,1327 1543,1360 1498,1360 1466,1380 1368,1380 1344,1367 1305,1367 1263,1376 1071,1376 1042,1371 978,1371 949,1372 843,1372 813,1372 730,1372 700,1375 541,1375 513,1378 453,1378 426,1377 375,1377 375,1337"/>
<Baseline points="375,1377 426,1377 453,1378 513,1378 541,1375 700,1375 730,1372 813,1372 843,1372 949,1372 978,1371 1042,1371 1071,1376 1263,1376 1305,1367 1344,1367 1368,1380 1466,1380 1498,1360 1543,1360"/>
<TextEquiv><Unicode>de ſes Duches ſans avoir été entendu, ni jugé et</Unicode></TextEquiv>
</TextLine>

<TextLine id="line_20">
<Coords points="375,1400 460,1400 476,1397 594,1397 600,1396 766,1396 787,1397 974,1397 991,1396 1031,1396 1050,1401 1185,1401 1201,1394 1320,1394 1351,1392 1392,1392 1405,1394 1540,1394 1540,1431 1405,1431 1392,1432 1351,1432 1320,1443 1201,1443 1185,1433 1050,1433 1031,1434 991,1434 974,1436 787,1436 766,1436 600,1436 594,1439 476,1439 460,1440 375,1440 375,1400"/>
<Baseline points="375,1440 460,1440 476,1439 594,1439 600,1436 766,1436 787,1436 974,1436 991,1434 1031,1434 1050,1433 1185,1433 1201,1443 1320,1443 1351,1432 1392,1432 1405,1431 1540,1431"/>
<TextEquiv><Unicode>ſans avoir commis de crime ni contre le roi, ni contre</Unicode></TextEquiv>
</TextLine>

<TextLine id="line_21">
<Coords points="377,1463 416,1463 445,1460 683,1460 749,1455 927,1455 935,1457 1098,1457 1137,1466 1172,1466 1195,1454 1269,1454 1298,1456 1353,1456 1379,1464 1478,1464 1478,1510 1379,1510 1353,1501 1298,1501 1269,1501 1195,1501 1172,1496 1137,1496 1098,1508 935,1508 927,1510 749,1510 683,1515 445,1515 416,1503 377,1503 377,1463"/>
<Baseline points="377,1503 416,1503 445,1515 683,1515 749,1510 927,1510 935,1508 1098,1508 1137,1496 1172,1496 1195,1501 1269,1501 1298,1501 1353,1501 1379,1510 1478,1510"/>
<TextEquiv><Unicode>la republique. Moſers Verſuch 1. Th. S. 154.</Unicode></TextEquiv>
</TextLine>

<TextLine id="line_22">
<Coords points="388,1525 508,1525 547,1522 741,1522 800,1519 889,1519 919,1520 1073,1520 1101,1512 1165,1512 1193,1514 1329,1514 1356,1518 1545,1518 1545,1573 1356,1573 1329,1568 1193,1568 1165,1560 1101,1560 1073,1571 919,1571 889,1566 800,1566 741,1574 547,1574 508,1570 388,1570 388,1525"/>
<Baseline points="388,1570 508,1570 547,1574 741,1574 800,1566 889,1566 919,1571 1073,1571 1101,1560 1165,1560 1193,1568 1329,1568 1356,1573 1545,1573"/>
<TextEquiv><Unicode>Wenn uͤbrigens, nach Abgang des ganzen belehuten</Unicode></TextEquiv>
</TextLine>

<TextLine id="line_23">
<Coords points="381,1587 661,1587 680,1578 769,1578 789,1582 863,1582 871,1571 1136,1571 1149,1579 1318,1579 1338,1584 1397,1584 1416,1579 1542,1579 1542,1634 1416,1634 1397,1624 1338,1624 1318,1627 1149,1627 1136,1633 871,1633 863,1633 789,1633 769,1629 680,1629 661,1637 381,1637 381,1587"/>
<Baseline points="381,1637 661,1637 680,1629 769,1629 789,1633 863,1633 871,1633 1136,1633 1149,1627 1318,1627 1338,1624 1397,1624 1416,1634 1542,1634"/>
<TextEquiv><Unicode>Hauſes, oder ſonſt aus rechtmaͤſſigen Urſachen der Anfall</Unicode></TextEquiv>
</TextLine>

<TextLine id="line_24">
<Coords points="384,1650 459,1650 470,1644 663,1644 691,1640 930,1640 960,1640 1109,1640 1145,1632 1182,1632 1201,1640 1292,1640 1312,1645 1367,1645 1386,1645 1545,1645 1545,1697 1386,1697 1367,1684 1312,1684 1292,1682 1201,1682 1182,1691 1145,1691 1109,1692 960,1692 930,1694 691,1694 663,1694 470,1694 459,1686 384,1686 384,1650"/>
<Baseline points="384,1686 459,1686 470,1694 663,1694 691,1694 930,1694 960,1692 1109,1692 1145,1691 1182,1691 1201,1682 1292,1682 1312,1684 1367,1684 1386,1697 1545,1697"/>
<TextEquiv><Unicode>des nutzbaren Eigenthums erfolgt, ſo kann die Nazion,</Unicode></TextEquiv>
</TextLine>

<TextLine id="line_25">
<Coords points="387,1710 448,1710 478,1707 566,1707 577,1701 877,1701 904,1700 1072,1700 1085,1703 1199,1703 1213,1702 1312,1702 1332,1703 1466,1703 1468,1708 1547,1708 1547,1758 1468,1758 1466,1747 1332,1747 1312,1748 1213,1748 1199,1743 1085,1743 1072,1753 904,1753 877,1753 577,1753 566,1746 478,1746 448,1748 387,1748 387,1710"/>
<Baseline points="387,1748 448,1748 478,1746 566,1746 577,1753 877,1753 904,1753 1072,1753 1085,1743 1199,1743 1213,1748 1312,1748 1332,1747 1466,1747 1468,1758 1547,1758"/>
<TextEquiv><Unicode>der das Obereigenthum zuſteht, wider ihren Willen zur</Unicode></TextEquiv>
</TextLine>

<TextLine id="line_26">
<Coords points="390,1765 623,1765 647,1765 865,1765 876,1795 889,1795 923,1768 959,1768 981,1770 1039,1770 1064,1764 1181,1764 1198,1766 1263,1766 1286,1765 1400,1765 1417,1767 1574,1767 1574,1812 1417,1812 1400,1811 1286,1811 1263,1809 1198,1809 1181,1818 1064,1818 1039,1809 981,1809 959,1810 923,1810 889,1815 876,1815 865,1820 647,1820 623,1813 390,1813 390,1765"/>
<Baseline points="390,1813 623,1813 647,1820 865,1820 876,1815 889,1815 923,1810 959,1810 981,1809 1039,1809 1064,1818 1181,1818 1198,1809 1263,1809 1286,1811 1400,1811 1417,1812 1574,1812"/>
<TextEquiv><Unicode>anderweiten Verleihung, in der Regel mit Recht keines-</Unicode></TextEquiv>
</TextLine>

<TextLine id="line_27">
<Coords points="304,1833 514,1833 542,1827 722,1827 749,1835 911,1835 950,1834 1035,1834 1065,1828 1209,1828 1226,1834 1280,1834 1300,1829 1457,1829 1478,1834 1548,1834 1548,1876 1478,1876 1457,1884 1300,1884 1280,1876 1226,1876 1209,1878 1065,1878 1035,1886 950,1886 911,1882 749,1882 722,1884 542,1884 514,1883 304,1883 304,1833"/>
<Baseline points="304,1883 514,1883 542,1884 722,1884 749,1882 911,1882 950,1886 1035,1886 1065,1878 1209,1878 1226,1876 1280,1876 1300,1884 1457,1884 1478,1876 1548,1876"/>
<TextEquiv><Unicode>weges genoͤthigt werden, doch erklaͤrte die Kaiſerin von</Unicode></TextEquiv>
</TextLine>

<TextLine id="line_28">
<Coords points="392,1896 571,1896 606,1904 738,1904 768,1904 890,1904 906,1899 1105,1899 1147,1901 1218,1901 1250,1898 1295,1898 1324,1901 1478,1901 1505,1901 1547,1901 1547,1941 1505,1941 1478,1944 1324,1944 1295,1951 1250,1951 1218,1953 1147,1953 1105,1964 906,1964 890,1950 768,1950 738,1972 606,1972 571,1967 392,1967 392,1896"/>
<Baseline points="392,1967 571,1967 606,1972 738,1972 768,1950 890,1950 906,1964 1105,1964 1147,1953 1218,1953 1250,1951 1295,1951 1324,1944 1478,1944 1505,1941 1547,1941"/>
<TextEquiv><Unicode>Rußland 1730. wegen Curland: daß ſie niemals in</Unicode></TextEquiv>
</TextLine>

<TextLine id="line_29">
<Coords points="391,1960 448,1960 466,1957 745,1957 764,1962 932,1962 964,1965 1107,1965 1126,1971 1195,1971 1220,1966 1399,1966 1419,1966 1548,1966 1548,2017 1419,2017 1399,2019 1220,2019 1195,2011 1126,2011 1107,2017 964,2017 932,2015 764,2015 745,2015 466,2015 448,2002 391,2002 391,1960"/>
<Baseline points="391,2002 448,2002 466,2015 745,2015 764,2015 932,2015 964,2017 1107,2017 1126,2011 1195,2011 1220,2019 1399,2019 1419,2017 1548,2017"/>
<TextEquiv><Unicode>die Incorporation willigen, ſondern das Land bey ſeinem</Unicode></TextEquiv>
</TextLine>

<TextLine id="line_30">
<Coords points="392,2024 509,2024 517,2025 734,2025 752,2025 871,2025 879,2060 893,2060 923,2031 1170,2031 1192,2033 1333,2033 1356,2044 1400,2044 1422,2032 1549,2032 1549,2080 1422,2080 1400,2084 1356,2084 1333,2084 1192,2084 1170,2086 923,2086 893,2082 879,2082 871,2070 752,2070 734,2077 517,2077 509,2074 392,2074 392,2024"/>
<Baseline points="392,2074 509,2074 517,2077 734,2077 752,2070 871,2070 879,2082 893,2082 923,2086 1170,2086 1192,2084 1333,2084 1356,2084 1400,2084 1422,2080 1549,2080"/>
<TextEquiv><Unicode>Recht handhaben wuͤrde, einen eignen Herzog zu haben,</Unicode></TextEquiv>
</TextLine>

<TextLine id="line_31">
<Coords points="287,2092 467,2092 485,2092 525,2092 550,2090 611,2090 637,2091 693,2091 721,2091 914,2091 932,2095 1019,2095 1042,2098 1197,2098 1260,2091 1433,2091 1457,2094 1553,2094 1553,2149 1457,2149 1433,2152 1260,2152 1197,2141 1042,2141 1019,2147 932,2147 914,2146 721,2146 693,2133 637,2133 611,2132 550,2132 525,2129 485,2129 467,2131 287,2131 287,2092"/>
<Baseline points="287,2131 467,2131 485,2129 525,2129 550,2132 611,2132 637,2133 693,2133 721,2146 914,2146 932,2147 1019,2147 1042,2141 1197,2141 1260,2152 1433,2152 1457,2149 1553,2149"/>
<TextEquiv><Unicode>der es als ein polniſches Lehn erkenne. Moſers Ver-</Unicode></TextEquiv>
</TextLine>

<TextLine id="line_32">
<Coords points="394,2154 470,2154 501,2163 532,2163 550,2151 627,2151 657,2155 714,2155 735,2167 830,2167 856,2161 969,2161 1007,2163 1049,2163 1067,2162 1154,2162 1173,2160 1228,2160 1255,2165 1354,2165 1354,2218 1255,2218 1228,2204 1173,2204 1154,2210 1067,2210 1049,2218 1007,2218 969,2215 856,2215 830,2213 735,2213 714,2199 657,2199 627,2201 550,2201 532,2194 501,2194 470,2207 394,2207 394,2154"/>
<Baseline points="394,2207 470,2207 501,2194 532,2194 550,2201 627,2201 657,2199 714,2199 735,2213 830,2213 856,2215 969,2215 1007,2218 1049,2218 1067,2210 1154,2210 1173,2204 1228,2204 1255,2218 1354,2218"/>
<TextEquiv><Unicode>ſuch 1. Th. S. 145. vergl. 5. Th. S. 184.</Unicode></TextEquiv>
</TextLine>

<TextLine id="line_33">
<Coords points="406,2217 472,2217 501,2217 588,2217 604,2221 663,2221 682,2219 897,2219 907,2243 920,2243 930,2227 1053,2227 1070,2230 1149,2230 1167,2223 1287,2223 1304,2214 1557,2214 1557,2268 1304,2268 1287,2279 1167,2279 1149,2268 1070,2268 1053,2270 930,2270 920,2264 907,2264 897,2269 682,2269 663,2260 604,2260 588,2267 501,2267 472,2261 406,2261 406,2217"/>
<Baseline points="406,2261 472,2261 501,2267 588,2267 604,2260 663,2260 682,2269 897,2269 907,2264 920,2264 930,2270 1053,2270 1070,2268 1149,2268 1167,2279 1287,2279 1304,2268 1557,2268"/>
<TextEquiv><Unicode>So muß der Johanniter-Orden dem Koͤnig von Sicilien</Unicode></TextEquiv>
</TextLine>

<TextLine id="line_34">
<Coords points="394,2291 516,2291 546,2283 612,2283 639,2281 751,2281 766,2294 838,2294 861,2287 988,2287 1007,2287 1156,2287 1180,2291 1279,2291 1302,2289 1434,2289 1455,2285 1558,2285 1558,2328 1455,2328 1434,2343 1302,2343 1279,2332 1180,2332 1156,2341 1007,2341 988,2334 861,2334 838,2329 766,2329 751,2330 639,2330 612,2322 546,2322 516,2334 394,2334 394,2291"/>
<Baseline points="394,2334 516,2334 546,2322 612,2322 639,2330 751,2330 766,2329 838,2329 861,2334 988,2334 1007,2341 1156,2341 1180,2332 1279,2332 1302,2343 1434,2343 1455,2328 1558,2328"/>
<TextEquiv><Unicode>wegen des Lehns von Malta iaͤhrlich einen Falken uͤber-</Unicode></TextEquiv>
</TextLine>

<TextLine id="line_35">
<Coords points="394,2348 526,2348 546,2349 617,2349 638,2345 701,2345 724,2349 813,2349 836,2352 1078,2352 1103,2351 1476,2351 1487,2355 1559,2355 1559,2387 1487,2387 1476,2409 1103,2409 1078,2408 836,2408 813,2392 724,2392 701,2395 638,2395 617,2387 546,2387 526,2396 394,2396 394,2348"/>
<Baseline points="394,2396 526,2396 546,2387 617,2387 638,2395 701,2395 724,2392 813,2392 836,2408 1078,2408 1103,2409 1476,2409 1487,2387 1559,2387"/>
<TextEquiv><Unicode>reichen und bey ieder ſicilianiſchen Thronveraͤnderung von</Unicode></TextEquiv>
</TextLine>

<TextLine id="line_36">
<Coords points="392,2422 528,2422 552,2410 607,2410 635,2408 726,2408 752,2415 915,2415 992,2420 1079,2420 1108,2420 1294,2420 1314,2419 1370,2419 1380,2419 1413,2419 1434,2417 1558,2417 1558,2461 1434,2461 1413,2468 1380,2468 1370,2461 1314,2461 1294,2460 1108,2460 1079,2470 992,2470 915,2461 752,2461 726,2459 635,2459 607,2451 552,2451 528,2455 392,2455 392,2422"/>
<Baseline points="392,2455 528,2455 552,2451 607,2451 635,2459 726,2459 752,2461 915,2461 992,2470 1079,2470 1108,2460 1294,2460 1314,2461 1370,2461 1380,2468 1413,2468 1434,2461 1558,2461"/>
<TextEquiv><Unicode>neuem die Lehn nehmen. Hier verdienen die, wegen</Unicode></TextEquiv>
</TextLine>

<TextLine id="line_37">
<Coords points="393,2482 455,2482 475,2469 834,2469 853,2483 918,2483 935,2479 1166,2479 1183,2482 1329,2482 1347,2487 1430,2487 1438,2471 1562,2471 1562,2531 1438,2531 1430,2524 1347,2524 1329,2539 1183,2539 1166,2538 935,2538 918,2525 853,2525 834,2530 475,2530 455,2523 393,2523 393,2482"/>
<Baseline points="393,2523 455,2523 475,2530 834,2530 853,2525 918,2525 935,2538 1166,2538 1183,2539 1329,2539 1347,2524 1430,2524 1438,2531 1562,2531"/>
<TextEquiv><Unicode>der Lehnsabhaͤngigkeit des Koͤnigreichs Neapel vom paͤpſt-</Unicode></TextEquiv>
</TextLine>

</TextRegion>
</Page>
</PcGts>