1600 2723
70 330 1356 397 und kuͤndigten unterm 26. Jul. 1581 der Krone Spa-
70 392 1355 458 nien den Gehorſam foͤrmlich auf, indem ſie ſich fuͤr einen
68 453 768 514 unabhaͤngigen Staat erklaͤrten.
592 1824 742 1883 §. 4.
154 1892 1186 1968 Anerkennung der Unabhaͤngigkeit.
130 1981 1326 2064 Ein freier Staat, der ſeine Unabhaͤngigkeit auf eine
38 2046 1325 2124 rechtmaͤßige Art erlangt hat, muß, vermoͤge der unter
38 2108 1323 2192 allen Nazionen von Natur zu beobachtenden Gleichheit,
36 2171 1321 2254 auch von den uͤbrigen dafuͤr erkant werden; und es pfle-
36 2234 1321 2315 gen gewoͤnlich keine Schwierigkeiten deshalb gemacht zu
35 2297 1322 2371 werden. Allein iene eigenmaͤchtige Anmaßung der Sou-
34 2360 1315 2432 verainetaͤt iſt zu Begruͤndung der Unabhaͤngigkeit keines-
32 2421 1315 2496 weges hinlaͤnglich, und kan nicht eher fuͤr rechtmaͤßig
1293 234 1358 284 77
270 205 1216 282 und den europaͤiſchen insbeſondere.
1191 2513 1312 2560 ange-
199 534 1353 599 Du Mont Corps diplom. T. X. P. I. n. 158. p. 322.
184 596 768 646 T. V. P. I. n. 175. p. 368.
159 670 1349 743 Portugal riß ſich 1640 von der ſpaniſchen Her-
60 737 289 794 ſchaft los.
193 806 1351 866 Luſitania liberata ab iniuſto Caſtellanorum dominio re-
176 869 1348 937 ſtituta legitimo principi Iohanni IV. Lond. 1645. fol.
142 947 1346 1023 Die krimmiſchen und nogaiſchen Tatarn entzo-
54 1013 1347 1084 gen ſich 1772 der Bothmaͤßigkeit der ottomanniſchen
52 1074 1132 1140 Pforte, und erklaͤrten ſich fuͤr ein freies Volk.
185 1152 1213 1222 Mercure hiſt. et polit. T. I. Fevr. 1773. p. 218.
108 1217 1343 1291 Moſers Verſuch des europ. Voͤlker, 6. Th. 7. Kap. §. 12.
162 1279 321 1328 S. 127.
138 1354 1340 1433 Die nordamerikaniſchen Staaten endlich fielen
49 1420 1338 1494 von ihrem Mutterlande England ab, und verbanden ſich
47 1485 1336 1554 unterm 4. Jul. 1774. zu Behauptung ihrer Freiheit und
43 1546 403 1606 Unabhaͤngigkeit.
174 1623 847 1684 Mercure hiſt. Oct. 1776. p. 435.
98 1696 874 1758 Moſers Verſuch am ang. O. S. 131.
