1600 2568
339 338 935 382 Auch von Beust erwähnt derſelben.
337 409 1334 455 Auf ſolche Weiſe machte dann ſpäter dieſe Nachricht die
271 471 1006 516 Runde in faſt allen älteren Poſtgeſchichten.
337 544 1333 588 Posselt macht aus Spanien ſogar „Frankreich“ und fügt
269 606 1327 650 hinzu: „aber dieſe Nachricht iſt auch die letzte. Von hier an
273 667 1116 712 bis auf's Jahr 1464 ſchweigt die Poſtgeſchichte!“
336 739 1327 785 Auch Matthias läßt Karl den Großen Courierſtraßen
270 802 1328 847 von Deutſchland nach Jtalien und durch Frankreich nach Spa-
273 864 1329 908 nien einrichten und beruft ſich namentlich auf Neufville und
270 927 1331 972 Daniel. Erſterer hat aber die Nachricht, wie erwähnt, von
272 990 1330 1034 Tabouet, und Tabouet gibt ſeine Quelle nicht an. Mir dünkt,
271 1052 1330 1096 als dürfe man der nur flüchtig hingeworfenen Skizze des Ta-
270 1114 1329 1158 bouet einen ſo großen Werth nicht beimeſſen, denn er ſchrieb
270 1176 1329 1222 weder eine Geſchichte der Poſten, noch eine Biographie Kaiſer
269 1238 1327 1284 Karl's, ſondern er bringt dieſe Nachricht nur vorübergehend
271 1301 527 1344 als „Beiſpiele.“
335 1374 1329 1418 Dagegen erwähnt Einhart, der gewiſſenhafte und ausführ-
270 1430 1326 1480 liche Biograph Karl des Großen, nichts von dieſer wichtigen
271 1499 466 1541 Anordnung.
338 1558 1328 1614 Eben ſo vergeblich forſchte ich in Le pere Gabriel Da-
270 1631 1330 1676 niel, welchen Matthias citiert, nach der Errichtung dieſer
270 1693 1330 1738 Poſtanſtalten, wiewohl die Ausführlichkeit dieſes Werkes eine
776 235 836 266 142
380 1878 1328 1915 von Beust, Verſuch einer ausführlichen Erklärung des Poſt-
271 1926 828 1960 regals. Jena 1747. Theil I. pag. 67.
380 1967 1327 2003 Posselt, Wiſſenſchaftliches Magazin für Aufklärung, Kehl 1785.
273 2013 512 2048 Band I. Heft 3.
381 2056 1274 2092 Matthias, über Poſten und Poſtregal, Berlin 1832. Bd. I.
381 2099 1327 2136 Le pere Gabriel Daniel, Histoire de france, Paris 1755. Tom II.
