1600 2699
73 311 1324 361 empfohlen;  allein es läßt ſich ſchlechterdings nicht behaupten,
70 370 1324 416 daß dieſer, ohnehin auch nicht alle Schwierigkeiten beſeitigende
68 425 1322 473 Termin, ein gemeiner Völkergrundſatz geworden ſei. In Ländern
68 483 1323 530 des franzöſiſchen Civilrechtes entſcheidet der auf kriegeriſche Zuſtände
67 541 1321 589 vorzüglich paſſende Grundſatz: En fait de meubles la possession
67 601 265 634 vaut titre.
472 682 907 720 Appropriation im Seekriege.
144 753 1322 801 137. Dehnt der Krieg ſein Gebiet auch auf die See aus, ſo
67 811 1322 859 ſind nicht allein die Schiffe der feindlichen Staatsgewalten gegen-
67 868 1322 915 ſeitig dem Recht der Eroberung und Aneignung unterworfen, wenn
67 924 1324 973 ſie bis zum Frieden behauptet werden können, ſondern man legt
66 982 1323 1031 ſich auch eine unbedingte Appropriationsbefugniß gegen feindliche
66 1039 1324 1088 Privatſchiffe und Güter bei,  wovon man nur etwa die Fahr-
66 1097 1324 1145 zeuge und Geräthſchaften der Fiſcher an den Küſten menſchenfreund-
67 1154 1285 1205 lich ausnimmt,  desgleichen ſchiffbrüchige und verſchlagene Güter.
140 1212 1323 1260 Wenigſtens bis zur letzten allgemeinen Pacification Europas
66 1269 1324 1316 war der Seekrieg, wie wir ihn ſchon nannten, noch immer vor-
65 1326 1323 1372 zugsweiſe ein Raubkrieg gegen den Seehandel, worin auch ſo lange
64 1383 1323 1430 keine Aenderung zu erwarten iſt, als Habſucht, Geld und Krä-
65 1440 1323 1488 merintereſſen den vorzüglichſten Einfluß auf Entſtehung und Füh-
66 1497 673 1544 rung der Kriege äußern werden.
139 1553 1322 1601 Der bisherige Grundſatz war: alles feindliche Gut zur See,
66 1611 1321 1660 es gehöre dem Staat oder dem Einzelnen, iſt gute Priſe der ſich
1259 227 1323 260 231
74 224 1126 269 §. 137. Voͤlkerrecht im Zuſtand des Unfriedens.
156 1683 418 1723 Groot III, 6, 3.
154 1732 511 1764 Code civil Art. 2279.
155 1778 1321 1818 Betrachtungen über dieſen Gegenſtand ſ. in Büſch, über das Beſtreben der
141 1825 1319 1866 Völker neuerer Zeit, einander in ihrem Seehandel recht wehe zu thun.
142 1873 1320 1915 Hamb. 1800. Jouffroy, dr. maritime, p. 57 s. Zachariä 40 B. IV,
146 1920 1321 1963 1, S. 111. Hinſichtlich der Praxis vgl. man N. Carlos Abreu, tratado
141 1969 1320 2009 jurid. politico sobre las presas marit. Cadix 1746. Franz. 1758 u. 1802.
145 2014 1321 2056 R. J. Valin zur Ordonn. v. 1681. und ſein traité des prises ou prin-
145 2065 1321 2103 cipes de la iurispr. franç. concernant les prises; à la Rochelle et Par.
146 2110 1320 2153 1782. v. Steck, Verſ. über Handels- und Schiffahrtsvertr. Halle 1782.
145 2159 1321 2197 S. 171. G. F. de Martens, Essai concernant les armateurs. 1795. u.
144 2205 1320 2247 deutſch im ſelb. J. Nau, Völkerſeerecht, §. 265 f. Wheaton, intern.
146 2255 437 2293 L. IV, 3, §. 9 f.
157 2300 1322 2342 In Frankreich haben die Gerichte ſich ſehr beſtimmt dahin ausgeſprochen,
146 2348 1322 2391 daß nicht einmal zur Ausübung von Repreſſalien Fiſcherböte des Feindes
148 2396 1100 2438 als gute Priſe behandelt werden dürften. Sirey, I, 2, 331.
162 2445 936 2484 Respect pour le malheur! Sirey, ebdſ. p. 296.
