1600 2699
168 302 1297 349 anderen einen Verkehr mit ſolchen Artikeln abſchneiden, deren
169 359 1266 407 dieſer Staat zu ſeiner Exiſtenz weſentlich bedarf (§. 30.).
72 416 1298 463 III. Kein Staat kann ohne Feindſeligkeit einer anderen Nation
167 474 1297 522 den unſchädlichen Gebrauch von Land- und Waſſerſtraßen in
169 530 1299 578 ſeinem Gebiet verſperren, um dadurch von einem dritten Ort
170 588 1299 637 die nöthigen geiſtigen oder leiblichen Bedürfniſſe zu beziehen
172 646 574 693 oder dahin zu führen.
70 704 1300 750 IV. Kein Staat kann ohne Beleidigung und Verletzung einen an-
170 761 1299 808 deren Staat von der Verkehrsconcurrenz nach einem dritten
168 818 1300 866 Staat ausſchließen, wenn dieſer nicht ſelbſt die Ausſchließung
168 875 612 923 will und geltend macht.
85 932 1300 980 V. Jede Nation muß, wenn und ſo weit ſie ſich dem Verkehr
169 990 1302 1037 öffnet, Treu und Glauben bewahren. Sie darf dieſe nicht
169 1047 1300 1096 zu ihrem Vortheil mißbrauchen;  nur eine ſonſt unabwend-
171 1106 603 1153 bare Noth entſchuldigt.
71 1163 1302 1210 VI. Jeder Handel und Verkehr, welcher den allgemeinen Men-
172 1221 1301 1268 ſchenrechten zuwiderläuft, iſt geächtet. Niemand begeht ein
170 1278 893 1325 Unrecht, wer ihn ſtört oder vernichtet.
237 1335 1302 1381 Dies iſt das Geſetz des Sclavenhandels. Die Beſtre-
169 1392 1302 1440 bungen der Europäiſchen Nationen gegen ihn, vornehmlich
170 1448 1303 1496 ſeit dem Wiener Congreß,  ſind bekannt, aber noch nicht
1254 217 1295 249 57
51 213 1069 258 §. 32. Voͤlkerrecht im Zuſtand des Friedens.
140 1573 1303 1615 Die Aelteren nennen es das ius transitus oder passagii innoxii, ſtreiten
130 1621 1304 1663 aber darüber, ob es ein vollkommenes oder unvollkommenes Recht ſei. Nur
130 1670 1304 1711 die Nothwendigkeit menſchlicher Bedürfniſſe giebt ein beſtimmtes Recht, wie
128 1718 1302 1759 ſchon Cocceji und nach ihm Günther I, 225. Not. c. bemerkt hat. S.
128 1766 1303 1806 auch Pufendorf, J. N. III, 3, 6. Die Verſagung von etwas dem Einen
127 1813 1303 1855 bloß Nützlichen, dem Anderen Unſchädlichen iſt höchſtens ein unfreundliches
128 1862 1303 1901 Benehmen. Viele, z. B. Groot, II, 2, 13 und Vattel II, 123. 132 —
131 1908 1304 1948 134 nehmen auch hier ein Recht an, müſſen aber natürlich das Urtheil
132 1955 1251 1996 über Schädlichkeit und Nichtſchädlichkeit dem Eigenthümer vorbehalten.
144 2003 1304 2044 Vormals wurden Prätenſionen dieſer Art auf Alleinhandel nach Oſt- und
131 2051 1305 2091 Weſtindien gemacht. Begreiflich können Colonien eines Staates hier nicht
129 2099 1305 2138 als dritter Staat behandelt werden. Sie hängen von dem Mutterlande
128 2146 1304 2186 und deſſen Beſtimmung ab. Oft hat dieſes ſich den Alleinhandel dahin
127 2194 1304 2234 vorbehalten. Wir erinnern an die droits municipaux der Franzöſiſchen
129 2241 269 2275 Colonien.
141 2289 1286 2332 Dahin gehört Verletzung des Poſtgeheimniſſes. S. v. Kamptz, Lit. §. 94.
143 2336 1303 2378 Pariſer Frieden v. 1814 mit Großbritannien Zuſ. Art. 1. Declaration der
128 2385 1301 2425 Bevollm. der 8 Europ. Mächte v. 8. Febr. 1815. Päbſtl. Breve v. 3. Dcbr.
130 2432 1303 2472 1839. Martens (Murhard) N. 5. XVI, 1034. Sodann verſchiedene Spe-
