1600 2699
43 289 1295 346 gleich; der Antheil eines jeden an den Vortheilen und Laſten des
42 345 1296 401 Vereins muß ſich aber nach dem Maaße der Fonds und Kräfte
43 406 955 458 beſtimmen, womit er dem Verein beigetreten iſt.
113 461 1295 513 Keine Veränderung in der Bundesverfaſſung kann gegen den
41 517 1298 573 Widerſpruch auch nur Eines Bundesgliedes von der Mehrheit
42 574 1298 631 durchgeſetzt werden; kein Bundesglied kann aber auch die Ausfüh-
44 632 1296 689 rung der Vereinsgrundſätze auf dem verfaſſungsmäßigen Wege, ſo
45 690 1298 745 lange der Verein beſteht, durch ſeinen Widerſpruch verhindern;
45 747 1297 803 auch iſt es keine Verletzung der Vereinspflichten, wenn einzelne
46 803 1298 857 Glieder für ſich eine Maaßregel in Ausführung bringen, welche
45 860 1297 913 der Grundverfaſſung nicht widerſtreitet und keinem andern Ver-
45 926 365 972 einsgliede ſchadet.
117 974 1299 1029 Selbſt wo das Princip der Stimmenmehrheit entſcheidend iſt,
43 1031 1299 1085 kann dennoch hierdurch keinem Einzelnen oder mehreren derſelben
47 1088 1300 1143 eine Leiſtung auferlegt werden, die nicht ſchon in den grundverfaſ-
48 1147 1300 1203 ſungsmäßigen Verpflichtungen enthalten iſt, und noch viel weniger
49 1205 1298 1257 eine Beſtimmung getroffen werden, welche ſich auf die vom Verein
48 1261 1298 1315 unabhängigen Rechtsverhältniſſe der Einzelnen bezieht, ohne freie
46 1324 588 1373 Zuſtimmung der Betheiligten.
369 1424 933 1465 Allgemeine Wirkungen der Verträge.
120 1494 1299 1546 94. Alle Verträge verpflichten zur vollſtändigen redlichen Er-
50 1551 1299 1605 füllung  deſſen, was dadurch zu leiſten übernommen worden, und
48 1608 1301 1665 zwar nicht bloß desjenigen, was dadurch buchſtäblich verſprochen,
48 1667 1301 1720 ſondern auch desjenigen, was dem Weſen eines jeden Vertrages,
50 1723 1302 1775 ſo wie der übereinſtimmenden Abſicht der Contrahenten gemäß iſt
51 1780 1301 1835 (dem ſ. g. Geiſt der Verträge). — Die Verpflichtung, welche der
51 1838 1301 1893 dispoſitionsfähige Repräſentant für den Staat, ſelbſt in einem ge-
1233 202 1296 233 165
42 203 1074 254 §. 94. Voͤlkerrecht im Zuſtand des Friedens.
144 1943 1302 1988 Dies iſt der Sinn des Satzes: in re pari potiorem esse prohibentis
127 1987 1303 2035 causam (L. 28 D. comm. divid.) anwendbar auch auf Staatengemein-
127 2037 1231 2085 ſchaften. Vgl. Ludolph. Hugo, de statu region. Germ. c. 6. §. 7.
138 2083 1301 2130 Dies ſind die ſ. g. iura singulorum. Eine nähere Beſtimmung derſelben
127 2131 1299 2180 hat von jeher Schwierigkeiten gemacht, namentlich in Folge des Weſtphäl.
127 2182 1301 2227 Osnab. Friedens V, 52. Darüber ſ. ab Ickstadt, Opusc. t. II, 1 — 5.
128 2227 1302 2275 Eine, das Obige ausſprechende, Feſtſetzung enthält für den deutſchen Bund
129 2275 1302 2320 die Wiener Schlußacte v. 1820. Art. 15. Vgl. Klüber öffentl. R. des
130 2331 345 2370 t. B. §. 129.
144 2374 1068 2418 Neyron, de vi Foederum inter gentes. Goetting. 1778.
147 2421 1100 2463 Alle Verträge ſind nach Völkerrecht bonae fidei contractus!
