<?xml version="1.0" encoding="UTF-8"?>
<PcGts xmlns="http://schema.primaresearch.org/PAGE/gts/pagecontent/2019-07-15" xmlns:xsi="http://www.w3.org/2001/XMLSchema-instance" xsi:schemaLocation="http://schema.primaresearch.org/PAGE/gts/pagecontent/2019-07-15 http://schema.primaresearch.org/PAGE/gts/pagecontent/2019-07-15/pagecontent.xsd">
<Metadata>
<Creator>regJS2PAGE.py</Creator>
<Created>2021-02-16T10:57:02.396940</Created>
<LastChange>2021-02-16T10:57:02.396940</LastChange>
</Metadata>
<Page imageFilename="tmp/hilbert_mathematische_1900_0032.png" imageWidth="1600" imageHeight="2566">
<TextRegion id="block_0" custom="structure {type:body;}">
<Coords points="217,251 217,301 213,303 213,352 212,360 212,392 212,497 299,497 299,541 299,548 212,548 212,592 213,599 213,646 214,653 214,698 214,749 257,749 257,785 257,812 298,812 298,855 298,861 214,861 214,903 213,912 213,955 214,963 214,1009 213,1013 213,1052 214,1063 214,1110 214,1114 214,1161 214,1165 214,1213 213,1223 213,1255 213,1315 338,1315 338,1352 338,1376 298,1376 298,1423 298,1427 215,1427 215,1472 213,1478 213,1526 215,1528 215,1571 214,1582 214,1627 214,1677 269,1677 269,1716 269,1739 298,1739 298,1787 298,1792 214,1792 214,1840 1490,1840 1490,1792 1490,1787 1490,1739 1430,1739 1430,1716 1430,1677 1044,1677 1044,1627 1044,1582 1489,1582 1489,1571 1489,1528 1489,1526 1489,1478 1485,1472 1485,1427 1488,1423 1488,1376 1363,1376 1363,1352 1363,1315 362,1315 362,1255 362,1223 1485,1223 1485,1213 1485,1165 1486,1161 1486,1114 1488,1110 1488,1063 1489,1052 1489,1013 1488,1009 1488,963 1486,955 1486,912 1488,903 1488,861 1484,855 1484,812 1442,812 1442,785 1442,749 643,749 643,698 643,653 1484,653 1484,646 1484,599 1485,592 1485,548 1485,541 1485,497 337,497 337,392 337,360 1485,360 1485,352 1485,303 1486,301 1486,251 217,251"/>
<TextLine id="line_0">
<Coords points="217,258 431,258 456,269 505,269 530,256 582,256 606,256 735,256 757,256 838,256 861,255 926,255 946,254 1056,254 1072,253 1082,253 1105,253 1160,253 1182,253 1370,253 1392,251 1486,251 1486,284 1392,284 1370,294 1182,294 1160,285 1105,285 1082,295 1072,295 1056,286 946,286 926,287 861,287 838,287 757,287 735,301 606,301 582,289 530,289 505,290 456,290 431,298 217,298 217,258"/>
<Baseline points="217,298 431,298 456,290 505,290 530,289 582,289 606,301 735,301 757,287 838,287 861,287 926,287 946,286 1056,286 1072,295 1082,295 1105,285 1160,285 1182,294 1370,294 1392,284 1486,284"/>
<TextEquiv><Unicode>hinausläuft, wo die Summe über alle Ideale j des gegebenen Zahl-</Unicode></TextEquiv>
</TextLine>

<TextLine id="line_1">
<Coords points="213,310 353,310 376,310 394,310 417,320 458,320 481,308 675,308 705,308 751,308 780,306 847,306 869,306 933,306 963,305 1014,305 1036,305 1139,305 1169,304 1224,304 1248,303 1358,303 1388,303 1398,303 1433,305 1485,305 1485,335 1433,335 1398,344 1388,344 1358,335 1248,335 1224,336 1169,336 1139,337 1036,337 1014,337 963,337 933,346 869,346 847,338 780,338 751,339 705,339 675,340 481,340 458,340 417,340 394,340 376,340 353,352 213,352 213,310"/>
<Baseline points="213,352 353,352 376,340 394,340 417,340 458,340 481,340 675,340 705,339 751,339 780,338 847,338 869,346 933,346 963,337 1014,337 1036,337 1139,337 1169,336 1224,336 1248,335 1358,335 1388,344 1398,344 1433,335 1485,335"/>
<TextEquiv><Unicode>körpers k zu erstrecken ist und n(j) die Norm des Ideals j be-</Unicode></TextEquiv>
</TextLine>

<TextLine id="line_2">
<Coords points="212,360 337,360 337,392 212,392 212,360"/>
<Baseline points="212,392 337,392"/>
<TextEquiv><Unicode>deutet.</Unicode></TextEquiv>
</TextLine>

<TextLine id="line_3">
<Coords points="299,503 357,503 389,513 494,513 528,501 610,501 644,500 716,500 752,499 943,499 972,498 1144,498 1177,509 1234,509 1259,498 1325,498 1347,497 1485,497 1485,529 1347,529 1325,530 1259,530 1234,529 1177,529 1144,530 972,530 943,541 752,541 716,531 644,531 610,532 528,532 494,533 389,533 357,534 299,534 299,503"/>
<Baseline points="299,534 357,534 389,533 494,533 528,532 610,532 644,531 716,531 752,541 943,541 972,530 1144,530 1177,529 1234,529 1259,530 1325,530 1347,529 1485,529"/>
<TextEquiv><Unicode>Ich nenne noch drei speciellere Probleme aus der Zahlen-</Unicode></TextEquiv>
</TextLine>

<TextLine id="line_4">
<Coords points="212,553 355,553 385,551 527,551 558,551 645,551 677,551 758,551 793,550 844,550 868,549 1261,549 1292,548 1378,548 1402,549 1485,549 1485,580 1402,580 1378,580 1292,580 1261,591 868,591 844,582 793,582 758,582 677,582 645,583 558,583 527,584 385,584 355,592 212,592 212,553"/>
<Baseline points="212,592 355,592 385,584 527,584 558,583 645,583 677,582 758,582 793,582 844,582 868,591 1261,591 1292,580 1378,580 1402,580 1485,580"/>
<TextEquiv><Unicode>theorie, nämlich eines über die Reciprocitätsgesetze, eines über</Unicode></TextEquiv>
</TextLine>

<TextLine id="line_5">
<Coords points="213,603 462,603 486,602 712,602 744,601 811,601 842,601 894,601 923,600 1045,600 1077,610 1134,610 1167,599 1237,599 1259,599 1395,599 1424,599 1484,599 1484,630 1424,630 1395,631 1259,631 1237,631 1167,631 1134,631 1077,631 1045,632 923,632 894,632 842,632 811,632 744,632 712,643 486,643 462,646 213,646 213,603"/>
<Baseline points="213,646 462,646 486,643 712,643 744,632 811,632 842,632 894,632 923,632 1045,632 1077,631 1134,631 1167,631 1237,631 1259,631 1395,631 1424,630 1484,630"/>
<TextEquiv><Unicode>diophantische Gleichungen und ein drittes aus dem Gebiete der</Unicode></TextEquiv>
</TextLine>

<TextLine id="line_6">
<Coords points="214,654 470,654 492,653 643,653 643,686 492,686 470,698 214,698 214,654"/>
<Baseline points="214,698 470,698 492,686 643,686"/>
<TextEquiv><Unicode>quadratischen Formen.</Unicode></TextEquiv>
</TextLine>

<TextLine id="line_7">
<Coords points="257,756 280,756 310,754 411,754 430,753 476,753 498,752 699,752 717,751 1036,751 1056,749 1091,749 1109,749 1255,749 1274,749 1442,749 1442,782 1274,782 1255,781 1109,781 1091,775 1056,775 1036,784 717,784 699,785 498,785 476,779 430,779 411,780 310,780 280,780 257,780 257,756"/>
<Baseline points="257,780 280,780 310,780 411,780 430,779 476,779 498,785 699,785 717,784 1036,784 1056,775 1091,775 1109,781 1255,781 1274,782 1442,782"/>
<TextEquiv><Unicode>9. Beweis des allgemeinsten Reciprocitätsgesetzes im beliebigen Zahlkörper.</Unicode></TextEquiv>
</TextLine>

<TextLine id="line_8">
<Coords points="298,817 368,817 397,817 485,817 516,815 677,815 701,815 894,815 923,814 980,814 1012,814 1069,814 1091,813 1404,813 1431,812 1484,812 1484,842 1431,842 1404,851 1091,851 1069,844 1012,844 980,844 923,844 894,853 701,853 677,855 516,855 485,847 397,847 368,849 298,849 298,817"/>
<Baseline points="298,849 368,849 397,847 485,847 516,855 677,855 701,853 894,853 923,844 980,844 1012,844 1069,844 1091,851 1404,851 1431,842 1484,842"/>
<TextEquiv><Unicode>Für einen beliebigen Zahlkörper soll das Reciprocitätsgesetz der</Unicode></TextEquiv>
</TextLine>

<TextLine id="line_9">
<Coords points="214,869 284,869 310,868 503,868 525,867 665,867 696,866 832,866 865,875 960,875 989,865 999,865 1031,864 1101,864 1135,862 1299,862 1320,861 1488,861 1488,893 1320,893 1299,903 1135,903 1101,894 1031,894 999,894 989,894 960,896 865,896 832,903 696,903 665,896 525,896 503,898 310,898 284,898 214,898 214,869"/>
<Baseline points="214,898 284,898 310,898 503,898 525,896 665,896 696,903 832,903 865,896 960,896 989,894 999,894 1031,894 1101,894 1135,903 1299,903 1320,893 1488,893"/>
<TextEquiv><Unicode>l ten Potenzreste bewiesen werden, wenn l eine ungerade Primzahl</Unicode></TextEquiv>
</TextLine>

<TextLine id="line_10">
<Coords points="213,917 370,917 393,916 460,916 482,916 605,916 638,926 734,926 757,915 767,915 790,915 860,915 883,915 1008,915 1038,924 1101,924 1124,914 1144,914 1168,913 1246,913 1270,912 1338,912 1360,912 1486,912 1486,943 1360,943 1338,944 1270,944 1246,944 1168,944 1144,944 1124,944 1101,946 1038,946 1008,946 883,946 860,946 790,946 767,945 757,945 734,947 638,947 605,955 482,955 460,948 393,948 370,950 213,950 213,917"/>
<Baseline points="213,950 370,950 393,948 460,948 482,955 605,955 638,947 734,947 757,945 767,945 790,946 860,946 883,946 1008,946 1038,946 1101,946 1124,944 1144,944 1168,944 1246,944 1270,944 1338,944 1360,943 1486,943"/>
<TextEquiv><Unicode>bedeutet und ferner, wenn l eine Potenz von 2 oder eine Potenz</Unicode></TextEquiv>
</TextLine>

<TextLine id="line_11">
<Coords points="214,969 304,969 326,968 517,968 538,966 708,966 729,966 783,966 829,965 891,965 916,965 1132,965 1156,964 1211,964 1237,963 1405,963 1439,973 1488,973 1488,993 1439,993 1405,1001 1237,1001 1211,995 1156,995 1132,1005 916,1005 891,996 829,996 783,997 729,997 708,997 538,997 517,1009 326,1009 304,1000 214,1000 214,969"/>
<Baseline points="214,1000 304,1000 326,1009 517,1009 538,997 708,997 729,997 783,997 829,996 891,996 916,1005 1132,1005 1156,995 1211,995 1237,1001 1405,1001 1439,993 1488,993"/>
<TextEquiv><Unicode>einer ungeraden Primzahl ist. Die Aufstellung des Gesetzes, so-</Unicode></TextEquiv>
</TextLine>

<TextLine id="line_12">
<Coords points="213,1019 275,1019 307,1018 359,1018 382,1017 616,1017 639,1016 851,1016 882,1027 955,1027 977,1015 1124,1015 1156,1014 1326,1014 1356,1013 1489,1013 1489,1045 1356,1045 1326,1045 1156,1045 1124,1047 977,1047 955,1047 882,1047 851,1048 639,1048 616,1050 382,1050 359,1050 307,1050 275,1052 213,1052 213,1019"/>
<Baseline points="213,1052 275,1052 307,1050 359,1050 382,1050 616,1050 639,1048 851,1048 882,1047 955,1047 977,1047 1124,1047 1156,1045 1326,1045 1356,1045 1489,1045"/>
<TextEquiv><Unicode>wie die wesentlichen Hülfsmittel zum Beweise desselben werden</Unicode></TextEquiv>
</TextLine>

<TextLine id="line_13">
<Coords points="214,1070 291,1070 315,1070 377,1070 400,1069 451,1069 473,1069 602,1069 627,1068 783,1068 819,1078 914,1078 936,1077 1011,1077 1034,1066 1084,1066 1108,1077 1172,1077 1194,1065 1256,1065 1280,1063 1488,1063 1488,1096 1280,1096 1256,1096 1194,1096 1172,1097 1108,1097 1084,1097 1034,1097 1011,1097 936,1097 914,1098 819,1098 783,1109 627,1109 602,1110 473,1110 451,1100 400,1100 377,1102 315,1102 291,1109 214,1109 214,1070"/>
<Baseline points="214,1109 291,1109 315,1102 377,1102 400,1100 451,1100 473,1110 602,1110 627,1109 783,1109 819,1098 914,1098 936,1097 1011,1097 1034,1097 1084,1097 1108,1097 1172,1097 1194,1096 1256,1096 1280,1096 1488,1096"/>
<TextEquiv><Unicode>sich, wie ich glaube, ergeben, wenn man die von mir entwickelte</Unicode></TextEquiv>
</TextLine>

<TextLine id="line_14">
<Coords points="214,1121 355,1121 371,1121 426,1121 441,1120 592,1120 609,1119 667,1119 684,1119 760,1119 771,1117 1073,1117 1084,1117 1106,1117 1123,1116 1188,1116 1204,1115 1307,1115 1323,1114 1486,1114 1486,1155 1323,1155 1307,1147 1204,1147 1188,1148 1123,1148 1106,1158 1084,1158 1073,1149 771,1149 760,1150 684,1150 667,1150 609,1150 592,1161 441,1161 426,1152 371,1152 355,1153 214,1153 214,1121"/>
<Baseline points="214,1153 355,1153 371,1152 426,1152 441,1161 592,1161 609,1150 667,1150 684,1150 760,1150 771,1149 1073,1149 1084,1158 1106,1158 1123,1148 1188,1148 1204,1147 1307,1147 1323,1155 1486,1155"/>
<TextEquiv><Unicode>Theorie des Körpers der l ten Einheitswurzeln  und meine Theorie</Unicode></TextEquiv>
</TextLine>

<TextLine id="line_15">
<Coords points="214,1172 270,1172 302,1171 425,1171 436,1190 446,1190 458,1170 714,1170 743,1169 893,1169 924,1168 958,1168 986,1168 1162,1168 1186,1167 1295,1167 1326,1165 1485,1165 1485,1206 1326,1206 1295,1199 1186,1199 1162,1209 986,1209 958,1199 924,1199 893,1211 743,1211 714,1213 458,1213 446,1194 436,1194 425,1204 302,1204 270,1204 214,1204 214,1172"/>
<Baseline points="214,1204 270,1204 302,1204 425,1204 436,1194 446,1194 458,1213 714,1213 743,1211 893,1211 924,1199 958,1199 986,1209 1162,1209 1186,1199 1295,1199 1326,1206 1485,1206"/>
<TextEquiv><Unicode>des relativ - quadratischen Körpers in gehöriger Weise verallge-</Unicode></TextEquiv>
</TextLine>

<TextLine id="line_16">
<Coords points="213,1223 362,1223 362,1255 213,1255 213,1223"/>
<Baseline points="213,1255 362,1255"/>
<TextEquiv><Unicode>meinert.</Unicode></TextEquiv>
</TextLine>

<TextLine id="line_17">
<Coords points="338,1323 376,1323 405,1319 605,1319 624,1318 671,1318 689,1318 851,1318 870,1318 943,1318 962,1316 1190,1316 1209,1315 1363,1315 1363,1347 1209,1347 1190,1349 962,1349 943,1343 870,1343 851,1344 689,1344 671,1344 624,1344 605,1352 405,1352 376,1346 338,1346 338,1323"/>
<Baseline points="338,1346 376,1346 405,1352 605,1352 624,1344 671,1344 689,1344 851,1344 870,1343 943,1343 962,1349 1190,1349 1209,1347 1363,1347"/>
<TextEquiv><Unicode>10. Entscheidung der Lösbarkeit einer Diophantischen Gleichung.</Unicode></TextEquiv>
</TextLine>

<TextLine id="line_18">
<Coords points="298,1383 382,1383 404,1380 754,1380 778,1379 961,1379 993,1378 1054,1378 1075,1377 1194,1377 1216,1376 1361,1376 1382,1376 1488,1376 1488,1408 1382,1408 1361,1408 1216,1408 1194,1418 1075,1418 1054,1410 993,1410 961,1420 778,1420 754,1423 404,1423 382,1414 298,1414 298,1383"/>
<Baseline points="298,1414 382,1414 404,1423 754,1423 778,1420 961,1420 993,1410 1054,1410 1075,1418 1194,1418 1216,1408 1361,1408 1382,1408 1488,1408"/>
<TextEquiv><Unicode>Eine Diophantische Gleichung mit irgend welchen Unbe-</Unicode></TextEquiv>
</TextLine>

<TextLine id="line_19">
<Coords points="215,1435 363,1435 389,1432 456,1432 488,1432 548,1432 570,1442 697,1442 717,1430 906,1430 929,1428 1279,1428 1301,1427 1349,1427 1371,1438 1485,1438 1485,1467 1371,1467 1349,1458 1301,1458 1279,1460 929,1460 906,1462 717,1462 697,1472 570,1472 548,1462 488,1462 456,1463 389,1463 363,1465 215,1465 215,1435"/>
<Baseline points="215,1465 363,1465 389,1463 456,1463 488,1462 548,1462 570,1472 697,1472 717,1462 906,1462 929,1460 1279,1460 1301,1458 1349,1458 1371,1467 1485,1467"/>
<TextEquiv><Unicode>kannten und mit ganzen rationalen Zahlencoefficienten sei vorge-</Unicode></TextEquiv>
</TextLine>

<TextLine id="line_20">
<Coords points="213,1485 302,1485 336,1495 408,1495 440,1483 497,1483 530,1483 580,1483 616,1482 783,1482 805,1480 940,1480 951,1503 957,1503 989,1479 1069,1479 1103,1478 1239,1478 1270,1478 1333,1478 1366,1478 1489,1478 1489,1508 1366,1508 1333,1509 1270,1509 1239,1509 1103,1509 1069,1510 989,1510 957,1516 951,1516 940,1520 805,1520 783,1521 616,1521 580,1514 530,1514 497,1514 440,1514 408,1515 336,1515 302,1526 213,1526 213,1485"/>
<Baseline points="213,1526 302,1526 336,1515 408,1515 440,1514 497,1514 530,1514 580,1514 616,1521 783,1521 805,1520 940,1520 951,1516 957,1516 989,1510 1069,1510 1103,1509 1239,1509 1270,1509 1333,1509 1366,1508 1489,1508"/>
<TextEquiv><Unicode>legt: man soll ein Verfahren angeben, nach welchem sich mittelst</Unicode></TextEquiv>
</TextLine>

<TextLine id="line_21">
<Coords points="215,1538 299,1538 322,1535 482,1535 504,1534 630,1534 652,1543 708,1543 734,1533 940,1533 963,1531 1150,1531 1176,1529 1251,1529 1278,1530 1311,1530 1334,1529 1381,1529 1407,1528 1489,1528 1489,1559 1407,1559 1381,1560 1334,1560 1311,1560 1278,1560 1251,1569 1176,1569 1150,1562 963,1562 940,1571 734,1571 708,1564 652,1564 630,1564 504,1564 482,1571 322,1571 299,1567 215,1567 215,1538"/>
<Baseline points="215,1567 299,1567 322,1571 482,1571 504,1564 630,1564 652,1564 708,1564 734,1571 940,1571 963,1562 1150,1562 1176,1569 1251,1569 1278,1560 1311,1560 1334,1560 1381,1560 1407,1559 1489,1559"/>
<TextEquiv><Unicode>einer endlichen Anzahl von Operationen entscheiden läßt, ob die Glei-</Unicode></TextEquiv>
</TextLine>

<TextLine id="line_22">
<Coords points="214,1588 312,1588 334,1587 368,1587 390,1595 512,1595 535,1585 709,1585 732,1583 852,1583 875,1582 975,1582 996,1582 1044,1582 1044,1613 996,1613 975,1614 875,1614 852,1614 732,1614 709,1615 535,1615 512,1625 390,1625 368,1617 334,1617 312,1627 214,1627 214,1588"/>
<Baseline points="214,1627 312,1627 334,1617 368,1617 390,1625 512,1625 535,1615 709,1615 732,1614 852,1614 875,1614 975,1614 996,1613 1044,1613"/>
<TextEquiv><Unicode>chung in ganzen rationalen Zahlen lösbar ist.</Unicode></TextEquiv>
</TextLine>

<TextLine id="line_23">
<Coords points="269,1687 307,1687 337,1683 530,1683 549,1683 664,1683 683,1682 730,1682 749,1681 901,1681 919,1680 1121,1680 1139,1677 1430,1677 1430,1704 1139,1704 1121,1713 919,1713 901,1714 749,1714 730,1707 683,1707 664,1708 549,1708 530,1716 337,1716 307,1710 269,1710 269,1687"/>
<Baseline points="269,1710 307,1710 337,1716 530,1716 549,1708 664,1708 683,1707 730,1707 749,1714 901,1714 919,1713 1121,1713 1139,1704 1430,1704"/>
<TextEquiv><Unicode>11. Quadratische Formen mit beliebigen algebraischen Zahlencoefficienten.</Unicode></TextEquiv>
</TextLine>

<TextLine id="line_24">
<Coords points="298,1748 426,1748 446,1745 572,1745 594,1744 759,1744 783,1744 844,1744 871,1743 1010,1743 1038,1742 1096,1742 1121,1739 1374,1739 1396,1739 1490,1739 1490,1771 1396,1771 1374,1782 1121,1782 1096,1773 1038,1773 1010,1775 871,1775 844,1775 783,1775 759,1776 594,1776 572,1787 446,1787 426,1779 298,1779 298,1748"/>
<Baseline points="298,1779 426,1779 446,1787 572,1787 594,1776 759,1776 783,1775 844,1775 871,1775 1010,1775 1038,1773 1096,1773 1121,1782 1374,1782 1396,1771 1490,1771"/>
<TextEquiv><Unicode>Unsere jetzige Kenntnis der Theorie der quadratischen Zahl-</Unicode></TextEquiv>
</TextLine>

<TextLine id="line_25">
<Coords points="214,1800 337,1800 356,1798 379,1798 411,1799 500,1799 531,1807 591,1807 625,1796 659,1796 688,1795 751,1795 782,1794 908,1794 940,1795 988,1795 1023,1794 1145,1794 1173,1794 1225,1794 1255,1792 1490,1792 1490,1830 1255,1830 1225,1824 1173,1824 1145,1824 1023,1824 988,1825 940,1825 908,1833 782,1833 751,1827 688,1827 659,1826 625,1826 591,1827 531,1827 500,1829 411,1829 379,1838 356,1838 337,1840 214,1840 214,1800"/>
<Baseline points="214,1840 337,1840 356,1838 379,1838 411,1829 500,1829 531,1827 591,1827 625,1826 659,1826 688,1827 751,1827 782,1833 908,1833 940,1825 988,1825 1023,1824 1145,1824 1173,1824 1225,1824 1255,1830 1490,1830"/>
<TextEquiv><Unicode>körper  setzt uns in den Stand, die Theorie der quadratischen</Unicode></TextEquiv>
</TextLine>

</TextRegion>
<TextRegion id="block_1" custom="structure {type:pageNum;}">
<Coords points="214,179 214,214 276,214 276,179 214,179"/>
<TextLine id="line_26">
<Coords points="214,179 276,179 276,214 214,214 214,179"/>
<Baseline points="214,214 276,214"/>
<TextEquiv><Unicode>276</Unicode></TextEquiv>
</TextLine>

</TextRegion>
<TextRegion id="block_2" custom="structure {type:header;}">
<Coords points="748,175 748,210 964,210 964,175 748,175"/>
<TextLine id="line_27">
<Coords points="748,177 780,177 799,175 964,175 964,210 799,210 780,204 748,204 748,177"/>
<Baseline points="748,204 780,204 799,210 964,210"/>
<TextEquiv><Unicode>D. Hilbert,</Unicode></TextEquiv>
</TextLine>

</TextRegion>
<TextRegion id="block_3" custom="structure {type:note;}">
<Coords points="349,1909 349,1944 349,1955 215,1955 215,1994 215,1996 348,1996 348,2033 348,2047 214,2047 214,2079 214,2083 348,2083 348,2121 348,2125 213,2125 213,2164 212,2169 212,2210 214,2211 214,2251 212,2255 212,2292 214,2298 214,2337 214,2348 214,2383 488,2383 488,2348 1491,2348 1491,2337 1491,2298 1490,2292 1490,2255 1490,2251 1490,2211 1491,2210 1491,2169 1489,2164 1489,2125 1487,2121 1487,2083 505,2083 505,2079 505,2047 1489,2047 1489,2033 1489,1996 1077,1996 1077,1994 1077,1955 1489,1955 1489,1944 1489,1909 349,1909"/>
<TextLine id="line_28">
<Coords points="349,1916 458,1916 477,1915 525,1915 545,1915 696,1915 715,1913 923,1913 934,1927 942,1927 951,1912 1130,1912 1157,1911 1222,1911 1251,1910 1292,1910 1311,1910 1423,1910 1442,1909 1489,1909 1489,1934 1442,1934 1423,1935 1311,1935 1292,1935 1251,1935 1222,1936 1157,1936 1130,1944 951,1944 942,1931 934,1931 923,1939 715,1939 696,1941 545,1941 525,1941 477,1941 458,1941 349,1941 349,1916"/>
<Baseline points="349,1941 458,1941 477,1941 525,1941 545,1941 696,1941 715,1939 923,1939 934,1931 942,1931 951,1944 1130,1944 1157,1936 1222,1936 1251,1935 1292,1935 1311,1935 1423,1935 1442,1934 1489,1934"/>
<TextEquiv><Unicode>Bericht der Deutschen Mathematiker - Vereinigung über die Theorie der</Unicode></TextEquiv>
</TextLine>

<TextLine id="line_29">
<Coords points="215,1960 418,1960 436,1959 613,1959 633,1957 681,1957 701,1958 745,1958 767,1958 840,1958 878,1955 992,1955 1011,1955 1077,1955 1077,1981 1011,1981 992,1981 878,1981 840,1982 767,1982 745,1989 701,1989 681,1983 633,1983 613,1991 436,1991 418,1994 215,1994 215,1960"/>
<Baseline points="215,1994 418,1994 436,1991 613,1991 633,1983 681,1983 701,1989 745,1989 767,1982 840,1982 878,1981 992,1981 1011,1981 1077,1981"/>
<TextEquiv><Unicode>algebraischen Zahlkörper, Bd. IV, 1897. Fünfter Teil.</Unicode></TextEquiv>
</TextLine>

<TextLine id="line_30">
<Coords points="348,2002 570,2002 589,2001 726,2001 753,1999 800,1999 821,2001 853,2001 882,1998 936,1998 962,1998 1141,1998 1169,1997 1216,1997 1235,1997 1266,1997 1287,1996 1346,1996 1366,1996 1390,1996 1409,1996 1489,1996 1489,2023 1409,2023 1390,2022 1366,2022 1346,2022 1287,2022 1266,2022 1235,2022 1216,2023 1169,2023 1141,2024 962,2024 936,2025 882,2025 853,2025 821,2025 800,2026 753,2026 726,2033 589,2033 570,2028 348,2028 348,2002"/>
<Baseline points="348,2028 570,2028 589,2033 726,2033 753,2026 800,2026 821,2025 853,2025 882,2025 936,2025 962,2024 1141,2024 1169,2023 1216,2023 1235,2022 1266,2022 1287,2022 1346,2022 1366,2022 1390,2022 1409,2023 1489,2023"/>
<TextEquiv><Unicode>Mathematische Annalen, Bd. 51 und Nachrichten der K. Ges. d. Wiss.</Unicode></TextEquiv>
</TextLine>

<TextLine id="line_31">
<Coords points="214,2057 248,2057 267,2047 410,2047 431,2047 505,2047 505,2071 431,2071 410,2079 267,2079 248,2074 214,2074 214,2057"/>
<Baseline points="214,2074 248,2074 267,2079 410,2079 431,2071 505,2071"/>
<TextEquiv><Unicode>zu Göttingen 1898.</Unicode></TextEquiv>
</TextLine>

<TextLine id="line_32">
<Coords points="348,2090 497,2090 517,2089 605,2089 619,2088 669,2088 683,2088 897,2088 910,2085 1147,2085 1160,2084 1367,2084 1387,2083 1487,2083 1487,2108 1387,2108 1367,2116 1160,2116 1147,2118 910,2118 897,2113 683,2113 669,2114 619,2114 605,2115 517,2115 497,2121 348,2121 348,2090"/>
<Baseline points="348,2121 497,2121 517,2115 605,2115 619,2114 669,2114 683,2113 897,2113 910,2118 1147,2118 1160,2116 1367,2116 1387,2108 1487,2108"/>
<TextEquiv><Unicode>Hilbert, Ueber den Dirichletschen biquadratischen Zahlenkörper, Mathe-</Unicode></TextEquiv>
</TextLine>

<TextLine id="line_33">
<Coords points="213,2134 342,2134 369,2132 504,2132 533,2131 580,2131 601,2133 648,2133 677,2131 765,2131 793,2130 835,2130 863,2129 977,2129 1006,2128 1053,2128 1081,2126 1380,2126 1412,2125 1489,2125 1489,2151 1412,2151 1380,2159 1081,2159 1053,2154 1006,2154 977,2155 863,2155 835,2156 793,2156 765,2157 677,2157 648,2164 601,2164 580,2157 533,2157 504,2164 369,2164 342,2161 213,2161 213,2134"/>
<Baseline points="213,2161 342,2161 369,2164 504,2164 533,2157 580,2157 601,2164 648,2164 677,2157 765,2157 793,2156 835,2156 863,2155 977,2155 1006,2154 1053,2154 1081,2159 1380,2159 1412,2151 1489,2151"/>
<TextEquiv><Unicode>matische Annalen, Bd. 45; Ueber die Theorie der relativquadratischen Zahl-</Unicode></TextEquiv>
</TextLine>

<TextLine id="line_34">
<Coords points="212,2179 326,2179 351,2176 475,2176 499,2175 546,2175 565,2175 718,2175 737,2173 948,2173 956,2172 1146,2172 1168,2172 1232,2172 1263,2169 1316,2169 1342,2169 1491,2169 1491,2195 1342,2195 1316,2195 1263,2195 1232,2196 1168,2196 1146,2204 956,2204 948,2199 737,2199 718,2201 565,2201 546,2201 499,2201 475,2202 351,2202 326,2210 212,2210 212,2179"/>
<Baseline points="212,2210 326,2210 351,2202 475,2202 499,2201 546,2201 565,2201 718,2201 737,2199 948,2199 956,2204 1146,2204 1168,2196 1232,2196 1263,2195 1316,2195 1342,2195 1491,2195"/>
<TextEquiv><Unicode>körper, Berichte der Deutschen Mathematiker - Vereinigung 1897 und Mathema-</Unicode></TextEquiv>
</TextLine>

<TextLine id="line_35">
<Coords points="214,2221 299,2221 319,2219 446,2219 467,2218 514,2218 536,2220 587,2220 611,2218 699,2218 719,2217 762,2217 781,2216 895,2216 915,2215 962,2215 981,2214 1236,2214 1255,2213 1375,2213 1404,2211 1490,2211 1490,2237 1404,2237 1375,2245 1255,2245 1236,2241 981,2241 962,2241 915,2241 895,2242 781,2242 762,2243 719,2243 699,2243 611,2243 587,2251 536,2251 514,2244 467,2244 446,2245 319,2245 299,2247 214,2247 214,2221"/>
<Baseline points="214,2247 299,2247 319,2245 446,2245 467,2244 514,2244 536,2251 587,2251 611,2243 699,2243 719,2243 762,2243 781,2242 895,2242 915,2241 962,2241 981,2241 1236,2241 1255,2245 1375,2245 1404,2237 1490,2237"/>
<TextEquiv><Unicode>tische Annalen. Bd. 51; Ueber die Theorie der relativ-Abelschen Körper, Nach-</Unicode></TextEquiv>
</TextLine>

<TextLine id="line_36">
<Coords points="212,2264 316,2264 335,2262 359,2262 379,2262 410,2262 431,2262 490,2262 510,2261 534,2261 553,2261 633,2261 654,2268 687,2268 708,2261 853,2261 875,2260 955,2260 983,2257 1153,2257 1172,2256 1218,2256 1237,2255 1395,2255 1415,2255 1490,2255 1490,2280 1415,2280 1395,2287 1237,2287 1218,2281 1172,2281 1153,2289 983,2289 955,2290 875,2290 853,2292 708,2292 687,2285 654,2285 633,2287 553,2287 534,2287 510,2287 490,2287 431,2287 410,2287 379,2287 359,2287 335,2287 316,2289 212,2289 212,2264"/>
<Baseline points="212,2289 316,2289 335,2287 359,2287 379,2287 410,2287 431,2287 490,2287 510,2287 534,2287 553,2287 633,2287 654,2285 687,2285 708,2292 853,2292 875,2290 955,2290 983,2289 1153,2289 1172,2281 1218,2281 1237,2287 1395,2287 1415,2280 1490,2280"/>
<TextEquiv><Unicode>richten d. K. Ges. d. Wiss. zu Göttingen 1898; Grundlagen der Geometrie, Fest-</Unicode></TextEquiv>
</TextLine>

<TextLine id="line_37">
<Coords points="214,2306 311,2306 336,2312 384,2312 402,2304 568,2304 586,2304 632,2304 653,2304 740,2304 750,2318 759,2318 767,2302 866,2302 876,2316 884,2316 891,2301 1035,2301 1060,2301 1087,2301 1103,2299 1258,2299 1284,2298 1396,2298 1417,2298 1491,2298 1491,2330 1417,2330 1396,2332 1284,2332 1258,2332 1103,2332 1087,2326 1060,2326 1035,2328 891,2328 884,2320 876,2320 866,2329 767,2329 759,2322 750,2322 740,2330 653,2330 632,2330 586,2330 568,2337 402,2337 384,2331 336,2331 311,2333 214,2333 214,2306"/>
<Baseline points="214,2333 311,2333 336,2331 384,2331 402,2337 568,2337 586,2330 632,2330 653,2330 740,2330 750,2322 759,2322 767,2329 866,2329 876,2320 884,2320 891,2328 1035,2328 1060,2326 1087,2326 1103,2332 1258,2332 1284,2332 1396,2332 1417,2330 1491,2330"/>
<TextEquiv><Unicode>schrift zur Enthüllung des Gauss - Weber - Denkmals in Göttingen, Leipzig 1899,</Unicode></TextEquiv>
</TextLine>

<TextLine id="line_38">
<Coords points="214,2349 323,2349 335,2348 401,2348 419,2348 435,2348 447,2349 488,2349 488,2375 447,2375 435,2382 419,2382 401,2376 335,2376 323,2383 214,2383 214,2349"/>
<Baseline points="214,2383 323,2383 335,2376 401,2376 419,2382 435,2382 447,2375 488,2375"/>
<TextEquiv><Unicode>Kapitel VIII § 83.</Unicode></TextEquiv>
</TextLine>

</TextRegion>
</Page>
</PcGts>