1600 2566
217 224 1490 268 der automorphen Funktionen  untersucht worden und endlich
215 274 1489 324 haben Fedorow, Schoenflies und neuerdings Rohn den Be-
216 325 1488 366 weis dafür erbracht, daß es im Euklidischen Raume nur eine
214 376 1488 427 endliche Zahl wesentlich verschiedener Arten von Bewegungsgruppen
213 426 1488 476 mit Fundamentalbereich giebt. Während nun die den elliptischen und
214 477 1486 518 hyperbolischen Raum betreffenden Resultate und Beweismethoden
213 528 1483 578 unmittelbar auch für den n-dimensionalen Raum Geltung haben,
213 579 1484 623 so scheint die Verallgemeinerung des den Euklidischen Raum be-
211 630 1484 676 treffenden Satzes erhebliche Schwierigkeiten zu bieten und es ist
212 681 1481 727 daher die Untersuchung der Frage wünschenswert, ob es auch im
211 733 1482 772 n-dimensionalen Euklidischen Raume nur eine endliche Anzahl
213 783 1479 829 wesentlich verschiedener Arten von Bewegungsgruppen mit Funda-
213 835 554 874 mentalbereich giebt.
296 884 1481 934 Ein Fundamentalbereich einer jeden Bewegungsgruppe zu-
212 935 1482 983 sammen mit den congruenten aus der Gruppe entspringenden Be-
209 985 1483 1033 reichen liefert offenbar eine lückenlose Ueberdeckung des Raumes.
208 1036 1485 1083 Es erhebt sich die Frage, ob ferner auch solche Polyeder existiren, die
208 1088 1483 1134 nicht als Fundamentalbereiche von Bewegungsgruppen auftreten und
206 1140 1483 1187 mittelst derer dennoch durch geeignete Aneinanderlagerung congruenter
207 1190 1481 1237 Exemplare eine lückenlose Erfüllung des ganzen Raumes möglich ist.
207 1240 1479 1286 Ich weise auf die hiermit in Zusammenhang stehende, für die Zahlen-
206 1290 1478 1337 theorie wichtige und vielleicht auch der Physik und Chemie ein-
207 1341 1477 1391 mal Nutzen bringende Frage hin, wie man unendlich viele Körper
206 1391 1480 1440 von der gleichen vorgeschriebenen Gestalt, etwa Kugeln mit ge-
205 1443 1480 1490 gebenem Radius oder reguläre Tetraeter mit gegebener Kante
205 1494 1489 1538 (bez. in vorgeschriebener Stellung) im Raume am dichtesten ein-
204 1545 1480 1587 betten, d. h. so lagern kann, daß das Verhältnis des erfüllten
206 1595 1343 1642 Raumes zum nichterfüllten Raume möglichst groß ausfällt.
291 1758 1474 1802 Ueberblicken wir die Entwickelung der Theorie der Func-
202 1808 1475 1850 tionen im letzten Jahrhundert, so bemerken wir vor Allem die
202 1859 1476 1904 fundamentale Rolle derjenigen Klasse von Functionen, die wir
201 1909 1477 1951 heute als analytische Functionen bezeichnen — eine Klasse von
200 1959 1477 2006 Functionen, die wohl dauernd im Mittelpunkt des mathematischen
200 2010 641 2045 Interesses stehen wird.
286 2062 1473 2111 Wir könnten nach sehr verschiedenen Gesichtspunkten aus
200 2112 1473 2153 der Fülle aller denkbaren Functionen umfassende Klassen heraus-
217 145 279 178 286
748 148 957 183 D. Hilbert,
334 2191 1227 2231 Leipzig 1897. Vgl. insbesondere Abschnitt I, Kap. 2—3.
334 2235 1208 2273 Symmetrie der regelmäßigen Systeme von Figuren 1890.
333 2277 1133 2317 Krystallsysteme und Krystallstructur, Leipzig 1891.
334 2321 825 2352 Mathematische Annalen Bd. 53.
