1600 2130
214 256 1389 296 Unterſchied bemerkten, der ſich wirklich zwiſchen ihnen befindet.  Weil man die
213 300 1388 341 Villen aus den Beſchreibungen der alten Schriftſteller genauer kennt, als die Gaͤrten,
213 346 1373 387 und jene auch mehr als dieſe auf gewiſſe beſtimmte Regeln gebracht zu ſeyn ſchienen:
212 391 1388 432 ſo hat man zuweilen den eigenthuͤmlichen Ruhm der Villen zugleich den Gaͤrten zuge-
212 435 1389 475 theilt, und dieſen eben ſo vielen Werth beygelegt. Wenn man die Gaͤrten der Roͤ-
211 479 1387 521 mer gelobt hat, ſo iſt es faſt immer der Villen wegen geſchehen, zu welchen ſie ein
209 522 1386 564 gewiſſes Zubehoͤr abgaben. Und es ſcheint, daß man ſie deswegen weniger unter-
210 568 962 614 ſucht hat, um ſie deſto allgemeiner ruͤhmen zu koͤnnen.
214 187 258 213 22
425 173 1176 220 Erſter Abſchnitt. Ausſicht in die Gaͤrten
1325 637 1388 680 Aus
209 719 776 758 beygebracht wird, iſt blos eine Sammlung
209 760 776 796 von dahin gehoͤrigen Stellen ohne Beur-
208 801 436 837 theilung. —
267 843 775 877 Zur zwoten Claſſe. Unter den Wer-
207 884 773 917 ken, worin die Villen der Alten mehr von
206 925 773 957 der Seite der Architektur und des Ge-
205 961 782 1000 ſchmacks betrachtet werden, zeichnen ſich
206 1007 775 1042 dieſe vornehmlich aus. Scamozzi in ſei-
205 1047 774 1081 ner Idea dell’ Architettura univerſale hat
205 1087 773 1124 im 12ten Kapitel des 3ten Buchs eine Ab-
204 1126 772 1164 bildung des pliniſchen Laurentin gegeben;
203 1169 771 1205 allein er iſt ſehr von der Beſchreibung des
202 1211 771 1245 Roͤmers abgewichen, und hat zu ſichtbar
203 1248 772 1287 den Geſchmack ſeines Landes in der Archi-
202 1292 771 1329 tektur untergeſchoben. — Les plans et
201 1331 770 1365 les deſcriptions de deux maiſons de cam-
200 1367 771 1402 pagne de Pline. Paris 1699. Londres 1707.
200 1405 770 1441 8. In dieſem Werk iſt Felibien etwas ge-
202 1446 770 1480 nauer, als Scamozzi, doch ebenfalls von
200 1488 767 1522 dem Plinius abweichend und noch zu ſehr
199 1526 767 1563 nach dem neuern franzoͤſiſchen Geſchmack
199 1568 766 1604 abgemeſſen. — The Villas of the An-
199 1608 766 1642 cients illuſtrated by Robert Caſtell. Lon-
201 1646 764 1683 don 1728. gr. Fol. Dieſes praͤchtig ge-
199 1688 762 1724 druckte und verzierte Werk enthaͤlt in 3
198 1729 763 1763 Abtheilungen eine Ueberſetzung der Be-
199 1770 762 1807 ſchreibung des Plinius von ſeinen beyden
197 1808 760 1844 Villen, Anmerkungen uͤber die Theile und
196 1851 761 1888 Einrichtungen derſelben, Plane und Auf-
815 721 1383 758 riſſe von beyden, und vermiſchte Betrach-
816 761 1384 800 tungen uͤber die Landhaͤuſer der Roͤmer
815 801 1383 839 uͤberhaupt; aber auch dieſer Schriftſteller
815 842 1383 881 hat ſich in vielen Stuͤcken nicht genau ge-
813 885 1381 922 nug an den Roͤmer gehalten, welches
812 924 1382 960 ſchon der beruͤhmte Ioh. Matth. Gesner
813 968 1384 1005 (Acta Eruditorum Lipſ. an. 1731. p. 111.)
814 1008 1381 1042 gezeigt hat. — Délices des Maiſons de
815 1048 1381 1082 Campagne appellées le Laurentin et la
814 1086 1379 1125 Maiſon de Toſcane. 8. Amſterdam 1736.
812 1125 1380 1167 Es iſt das oben angefuͤhrte Werk des Fe-
811 1167 1379 1208 libien; man findet darin die ſcamozziſche
810 1209 1377 1247 Beſchreibung mit einer Kritik, Riſſe und
811 1249 1377 1288 einige aus dem Plinius uͤberſetzte Nach-
811 1289 1376 1329 richten. — Crubſacius wahrſcheinlicher
810 1329 1375 1368 Entwurf von des juͤngern Plinius Land-
810 1371 1376 1414 hauſe und Garten, Laurentin. 8. Leipzig
810 1410 1374 1448 1760. Dieſer Schriftſteller, Oberland-
810 1451 1380 1493 baumeiſter und Profeſſor zu Dresden, hat
810 1491 1373 1536 ſich genau an die Beſchreibung des Pli-
806 1534 1371 1574 nius gehalten und ſeinen Entwurf der
804 1574 1369 1615 Wahrſcheinlichkeit am naͤchſten gebracht.
804 1615 1369 1655 Nach einer Ueberſetzung der pliniſchen Be-
804 1657 1386 1696 ſchreibung erlaͤutert er die verſchiedenen
803 1697 1368 1735 Theile der Ville in gruͤndlichen Anmerkun-
802 1740 1368 1776 gen, die hie und da den Felibien widerle-
802 1780 1066 1814 gen und berichtigen.
877 1823 1367 1859 Columella lib. 2. cap. 3. Plin. Nat.
800 1859 1086 1894 Hiſtor. lib. 19. c. 20.
