1600 2506
265 262 1354 321 Die Urſache des periodiſchen Austretens des Orinoko
170 312 1353 371 wirkt in gleichem Maße auf alle Flüſſe, die im heißen Erd-
170 360 1354 421 ſtrich entſpringen. Nach der Frühlings-Tag- und Nachtgleiche
169 408 1351 464 verkündet das Aufhören der Seewinde den Eintritt der Regen-
169 456 1352 519 zeit. Das Steigen der Flüſſe, die man als natürliche Re-
170 505 1353 565 genmeſſer betrachten kann, iſt der Regenmenge, die in den
169 552 1352 612 verſchiedenen Landſtrichen fällt, proportional. Mitten in den
169 600 1353 653 Wäldern am oberen Orinoko und Rio Negro ſchienen mir
168 648 1351 708 über 2,43 bis 2,7 m Regen im Jahre zu fallen. Die Ein-
173 699 1352 759 geborenen unter dem trüben Himmel von Esmeralda und am
168 746 1352 806 Atabapo wiſſen daher auch ohne die geringſte Kenntnis von
168 795 1352 854 der Phyſik, ſo gut wie einſt Eudoxus und Eratoſthenes, daß
168 843 1353 900 das Austreten großer Ströme allein vom tropiſchen Regen
170 893 1353 951 herrührt. Der ordnungsmäßige Verlauf im Steigen und
170 941 1351 999 Fallen des Orinoko iſt folgender. Gleich nach der Frühlings-
171 989 1353 1047 Tag- und Nachtgleiche (das Volk nimmt den 25. März an)
172 1040 1355 1091 bemerkt man, daß der Fluß zu ſteigen anfängt, anfangs nur
172 1087 1353 1140 um 2,5 cm in 24 Stunden; im April fällt der Fluß zu-
172 1134 1355 1185 weilen wieder; das Maximum des Hochwaſſers erreicht er im
173 1183 1355 1239 Juli, bleibt voll (im ſelben Niveau) vom Ende Juli bis zum
174 1231 1355 1287 25. Auguſt, und fällt dann allmählich, aber langſamer, als
174 1277 1354 1337 er geſtiegen. Im Januar und Februar iſt er auf dem Mi-
173 1325 1356 1380 nimum. In beiden Welten haben die Ströme der nördlichen
176 1375 1356 1433 heißen Zone ihre Hochwaſſer ungefähr zur ſelben Zeit. Ganges,
175 1422 1358 1481 Nigir und Gambia erreichen wie der Orinoko ihr Maximum
176 1469 1358 1528 im Auguſt. Der Nil bleibt um zwei Monate zurück, ſei es
177 1517 1359 1577 infolge gewiſſer lokaler klimatiſcher Verhältniſſe in Abeſſinien,
177 1567 1362 1625 ſei es wegen der Länge ſeines Laufes vom Lande Berber oder
179 1615 1359 1671 vom 17. Breitengrade bis zur Teilung am Delta. Die ara-
179 1664 1363 1722 biſchen Geographen behaupten, in Sennaar und Abeſſinien
180 1712 1361 1770 ſteige der Nil ſchon im April (ungefähr wie der Orinoko);
180 1762 1361 1812 in Kairo wird aber das Steigen erſt gegen das Sommer-
181 1810 1365 1867 ſolſtitium merklich und der höchſte Waſſerſtand tritt Ende
183 1857 1366 1914 September ein. Auf dieſem erhält ſich der Fluß bis Mitte
184 1904 1367 1958 Oktober; das Minimum fällt im April und Mai, alſo in
184 1952 1367 2013 eine Zeit, wo in Guyana die Flüſſe ſchon wieder zu ſteigen
186 2001 1369 2061 anfangen. Aus dieſer raſchen Ueberſicht ergibt ſich, daß wenn
186 2049 1371 2108 auch die Form der natürlichen Kanäle und lokale klimatiſche
730 168 797 204 173
323 2163 1373 2206 Strabo Lib. XVII. Diodorus Siculus Lib. I, c. 5.
323 2206 1246 2252 Etwa 40 bis 50 Tage nach dem Sommerſolſtitium.
325 2250 1247 2298 Etwa 80 bis 90 Tage nach dem Sommerſolſtitium.
