1600 2635
86 265 1288 319 dafür im Gegenſatz zur Negation den Ausdruck der Contra-
86 327 1288 385 vindication, war auch für die Vindication von Sachen und
80 387 1292 448 Erbſchaften vorhanden. Auch rückſichtlich ihrer war es, wie auf
72 452 1286 510 der Hand liegt, für den Beklagten nicht gleichgültig, ob der Rich-
52 515 1288 573 ter bloß erkennen durfte, daß der Vindicant nicht Eigenthümer
85 577 1287 635 oder Erbe ſei, oder aber poſitiv daß es der Beklagte ſei. Man
81 640 1287 694 denke z. B. an den Fall, daß zwei Erbprätendenten miteinander
82 701 1284 761 im Streit liegen, von denen der eine auf Grund eines Teſta-
83 767 1283 820 ments, der andere wegen angeblicher Nichtigkeit des Teſtaments
82 827 1283 886 auf Grund ſeines Inteſtaterbrechts, den Nachlaß in Anſpruch
80 889 1284 949 nimmt, jeder aber ſich in Beſitz von Nachlaßgegenſtänden geſetzt
79 951 1282 1009 hat. Soll hier etwa der eine, nachdem er im erſten Proceß als
79 1013 1282 1072 Beklagter die Gültigkeit des Teſtaments nachgewieſen hat, als
74 1076 1281 1133 Kläger auftreten, um den gelieferten Nachweis noch einmal zu
77 1139 212 1188 führen?
148 1214 1279 1269 So alt wie die Begriffe des Miteigenthums und des Mit-
76 1276 1281 1332 erbrechts ſind begreiflicherweiſe auch die Klagen, mit denen ſie
76 1340 1280 1395 geltend gemacht werden, nämlich die Theil-Vindication der Sache
66 1401 1278 1456 und der Erbſchaft  und die Theilungsklagen (act. communi
73 1464 1280 1518 dividundo und familiae erciscundae). Es wirft ſich nun die
72 1527 1277 1580 Frage auf, ob in derſelben Weiſe wie die vindicatio ſo auch die
72 1589 1275 1642 contravindicatio auf einen Theil habe gerichtet werden kön-
69 1652 1277 1705 nen, nicht zwar auf einen körperlichen Theil  — denn bei
236 175 1113 222 A. Der Proceß. Vertheidigung — Doppelklage. §. 52.
1245 185 1290 215 95
237 1821 1275 1867 Einen Fall der contravindicatio im juſtinianiſchen Recht ſ. L. 8
68 1873 1276 1918 §. 13 de inoff. test. (5. 2) .. in modum contradictionis querelam
67 1915 1279 1970 inducat, quemadmodum ageret si non possideret, sed peteret. Wie hier
64 1971 1274 2016 die contravindicatio contradictio, ſo wird in L. 27 §. 2 de lib. caus.
62 2021 1275 2069 (40. 12) der Contravindicant Contradictor genannt — das vindicare hatte
64 2068 624 2114 ſich zu einem dicere abgeſchwächt.
227 2131 1272 2178 Daß das Edict eine neuere Form dafür aufgeſtellt hat (L. 1 pr. si
63 2182 648 2225 pars 5. 4), ſteht dem nicht im Wege.
222 2241 1271 2289 Bei der her. pet. natürlich auch nicht auf einzelne Sachen aus
62 2292 1271 2340 dem Nachlaß, das wäre eine Cumulation der her. pet. und reivind. geweſen.
61 2341 1269 2390 Daß übrigens die contravindic. auch bei ihr Statt fand, ergibt ſich daraus,
