1600 2635
259 281 1473 335 wöhnt hatte die Bezeichnung eines jus zu erblicken (Note 44),
261 346 1473 399 es erübrigte ihm folglich nur die Faſſung, welche wir oben zurück-
260 409 1475 463 gewieſen haben, die der „actiones in factum“. Die Formel lau-
260 470 1474 521 tete auf die Thatſache (factum), auf welche der Anſpruch des
259 532 1475 588 Klägers ſich gründete, und zwar, da dieſe Thatſache regelmäßig
260 594 1474 650 der Vergangenheit angehört, im Gegenſatz zu dem Infinitiv
260 656 1476 712 Präſentis des Civilrechts im Infinitiv perfecti.  Um hier nun
259 715 1473 773 den Beklagten, welcher die angegebene Entſtehung des kläge-
260 782 1476 834 riſchen Anſpruchs zwar einräumte, aber die ſpätere Aufhebung
259 844 1472 897 deſſelben behauptete, Raum zu dieſer Behauptung zu geben,
260 906 1476 959 mußte natürlich der Formel ein darauf gerichteter Zuſatz als
261 969 1476 1023 zweites Glied einverleibt werden. Die actiones in factum waren
260 1032 1472 1085 daher in der Regel zweigliedrig, ſie enthielten zwei Fragen:
262 1094 1477 1146 eine im Intereſſe des Klägers — das Klagfundament — eine
261 1155 1475 1208 im Intereſſe des Beklagten, bald als negative Beſchränkung
260 1216 1475 1271 des Klagfundaments, bald als exceptio gefaßt.  Einige For-
260 1279 1475 1333 meln waren bloß eingliederig; hier ſteckte das nöthige Ver-
261 1343 1315 1396 theidigungsmaterial ſchon im poſitiven Klagfundament.
334 1403 1475 1458 Wenn ich den ſo eben entwickelten Gegenſatz in der Faſſung
259 196 305 226 58
346 191 1396 235 Zweites Buch. Erſter Abſchn. III. Die Technik. A. Die Analytik.
410 1542 1475 1589 z. B. A. A. apud N. N. mensam deposuisse — convenisse
260 1594 1475 1635 inter A. A. et N. N., ut res pignoris nomine obligata esset — patronum
261 1640 1477 1692 in jus vocatum esse, Gaj. IV. 46, 47. Nur wo die Klage von einer
262 1694 1477 1743 gegenwärtigen Thatſache abhing, z. B. beim interd. uti possidetis vom
261 1744 1474 1792 gegenwärtigen Beſitz, ward natürlich das Präſens gebraucht: possidetis.
410 1794 1477 1837 Beiſpiel der erſten Form: .. rem deposuisse (poſitiver Theil des
260 1846 1477 1892 Klagfundaments) eamque dolo malo Ni Ni Ao Ao redditam non esse (ne-
261 1895 1475 1942 gativer Theil). Beiſpiel beider Formen bei der act. hypothecaria: (Note 45)
318 1945 1476 1987 … obligata esset (poſitiver Theil) eamque pecuniam solutam non esse
260 1998 1475 2040 neque eo nomine satisdatum esse neque per A. A. stetisse, quominus sol-
260 2045 1475 2089 veretur (nach Bachofen Pfandrecht I. S. 49 — negativer Theil) si non
261 2099 1474 2137 voluntate creditoris veniit (exceptio, L. 8 §. 9 quib. mod. pig. 20. 6).
409 2151 1476 2191 z. B. .. patronum contra edictum … in jus vocatum esse
261 2197 1476 2241 Gaj. IV. 46, in dem contra edictum ſteckte der Stoff zur Vertheidigung
261 2246 1475 2293 (z. B. L. 11 de in jus 2. 4), ebenſo bei den poſſeſſoriſchen Interdicten
262 2302 1471 2341 .. possidetis nec vi nec clam nec precario alter ab altero (L. 1
261 2354 613 2392 pr. uti poss. 43. 17).
