1600 2680
153 131 1133 181 I. Gegenſatz der natürl. u. juriſt. Anſchauungsweiſe. §. 37.
27 221 1282 284 Recht gehört, ſein würde. Die engliſche Jurisprudenz athmet
30 284 1283 345 bei all’ ihrer Unbekanntſchaft mit der römiſchen faſt denſelben
32 348 1281 406 Geiſt, wie die altrömiſche. Dieſelbe Handhabung der Form,
30 410 1260 471 dieſelbe Pedanterie, dieſelben Umwege und Scheingeſchäfte;
33 472 1284 534 ſelbſt die Fictionen fehlen nicht. Für dieſe freilich etwas ſchwer-
35 536 1289 598 fällige und baroke Art der juriſtiſchen Technik [den juriſtiſchen
30 599 1285 660 Rococoſtyl] fehlt dem Laien das Verſtändniß in dem Maße,
34 663 1290 725 daß ſie ihm kaum etwas Anderes, als ein Lächeln abnöthigen
33 726 1291 786 wird. Aber auch ganz abgeſehen von dieſen, einer niederen Ent-
36 790 1291 851 wicklungsſtufe angehörigen Formen der juriſtiſchen Technik wird
39 853 1292 916 letztere ſelbſt in ihrer vollendetſten Geſtalt, in der Reinheit des
40 915 1294 979 claſſiſchen Styls, dem Laien vielfach ein Räthſel und ein Stein
39 979 1295 1037 des Anſtoßes ſein. Daß der Juriſt da, wo er, der Laie, nur
42 1039 1296 1098 einen Akt bemerkt, deren zwei annimmt,  oder da, wo Je-
42 1104 1296 1162 ner überall keinen Akt wahrnimmt, einen oder gar mehre ſta-
44 1166 1299 1229 tuirt  und umgekehrt da, wo ein äußerer Akt in der That
44 1228 1299 1295 vorliegt, denſelben nicht ſieht, oder ihn in ganz anderer Weiſe
48 1292 1308 1357 auffaßt, als er äußerlich erſcheint;  daß er Geſchäfte, die
48 1357 1299 1421 äußerlich ſich durchaus gleichſehen, ganz verſchieden behan-
48 1420 1298 1481 delt:  — alles dieſes wird dem Laien unnatürlich erſcheinen.
1209 128 1279 158 327
207 1614 1306 1671 z. B. wenn der Schuldner im Auftrage des Gläubigers an eine
52 1665 1307 1721 dritte Perſon zahlt, einmal eine Zahlung des Schuldners an den Gläubi-
55 1716 1308 1776 ger und ſodann ein Rechtsgeſchäft zwiſchen Gläubiger und der dritten Per-
55 1768 1306 1824 ſon (ſei es gleichfalls eine solutio, oder eine Schenkung, oder ein Darlehn,
56 1820 1309 1870 oder ein anderes Geſchäft); L. 44 de solut. (46. 3). Auf ſolche Fälle be-
54 1873 1307 1930 zieht ſich die Bemerkung des Juriſten in L. 3 §. 12 de don. i. v. et u.
56 1923 1293 1979 (24. 1): celeritate inter se conjungendarum actionum unam occultari.
211 1986 1313 2043 z. B. wenn der Pächter die Sache vom Verpächter kauft, eine Tra-
58 2039 1312 2090 dition von jenem an dieſen und von dieſem zurück an jenen (traditio brevi
59 2090 1218 2142 manu; der entgegengeſetzte Hergang beim constitutum possessorium).
216 2152 1315 2208 z. B. die Ratihabition eines früheren ungültigen Geſchäfts als Ab-
64 2207 1313 2261 ſchluß eines neuen L. 1 §. 2 pro donato (41. 6) quasi nunc donasse
65 2272 200 2303 videtur.
224 2300 1317 2370 z. B. die Aneignung einer vom Eigenthümer preisgegebenen Sache
