1600 2635
355 248 1420 308 Für den Formularproceß iſt die Sache außer Zweifel,
281 310 1497 370 und ich brauche wohl nicht erſt auszuführen, daß und warum
282 372 1493 435 man von ihm auf die frühere Form des Proceſſes ſchließen darf.
355 433 1500 498 Eine größere Berechtigung geſtehe ich einem andern Einwurf
279 494 1496 554 zu,  nämlich dem, daß die Stellung, die der Prätor im ältern
280 557 1494 622 Proceß einnahm (B. 2 S. 665), zu jenem ſelbſtändigen Eingrei-
281 619 1495 682 fen, wie meine Anſicht es ihm zumuthet, nicht paſſe. Allein
280 683 1493 745 verdient dieſes Eingreifen in Wirklichkeit den Namen eines ſelb-
280 744 1495 806 ſtändigen, iſt dem Belieben und individuellen Ermeſſen des Prä-
280 806 1496 871 tors hier etwa ein größerer Spielraum geöffnet, als bei irgend
279 869 1497 932 einer andern Procedur des Proceſſes? Wenn der Beklagte der
276 931 1492 992 reivindicatio den Einwand des Nießbrauchs oder Erbrechts ent-
277 994 1495 1057 gegenſetzt, ſo iſt es für den Prätor ein ebenſolches Muß, daß er
275 1055 1494 1119 ſtatt des Vindicationsproceſſes die Negatorienklage oder den
276 1112 1492 1181 Erbſchaftsproceß einleitet, als daß er im Vindicationsproceß
274 1179 1489 1244 dem Scheinkampf Einhalt gebietet oder die Vindicien ertheilt,
274 1243 1492 1309 und wenn ich der Sache den Ausdruck gegeben habe: der Kläger
273 1307 1491 1366 werde gezwungen  ſich einer andern Klagformel zu bedie-
274 1367 1492 1424 nen, ſo iſt dieſer Zwang wiederum kein anderer, als wenn der
271 1429 1488 1492 Kläger ſich im Formularproceß die exceptio gefallen laſſen muß.
270 1492 1488 1557 In dem einen wie in dem andern Falle handelt es ſich nicht um
273 1554 1489 1618 eine Beſchränkung des Klägers in der Wahl der Klage — in
282 155 328 184 88
370 155 1424 207 Zweites Buch. Erſter Abſchn. III. Die Technik. A. Die Analytik.
268 1685 1487 1738 überhaupt zu beſtimmen, ob und welche Klage anzuſtellen war; ſ. z. B. L. 23
270 1736 678 1776 §. 10 ad leg. Aq. (9. 2).
435 1795 1488 1847 Wenn es dafür einer einzelnen Stelle bedürfte, ſo diene dazu: Ci-
267 1850 1486 1899 cero orat. part. c. 28: Atque etiam ante judicium de constituendo ipso
262 1896 1485 1947 judicio solet esse contentio, quum aut sitne actio illi qui agit aut jamne
266 1943 1484 1990 sit aut num jam esse desierit aut illane lege, hisve verbis sit actio
266 1997 433 2032 quaeritur.
440 2054 1484 2108 Wer auf ſolche Aeußerungen überhaupt ein Gewicht legt, könnte
263 2103 1482 2158 die von Cicero pro Caec. c. 3 §. 8: praetor is, qui judicia dat, nunquam
264 2156 1482 2209 petitori praestituit, qua actione illum uti velit gegen mich benutzen; ich
264 2203 987 2252 finde nicht nöthig dagegen etwas zu bemerken.
426 2268 1482 2316 So drückt auch Gajus ſich bei der Klage des Argentarius und Bono-
263 2318 778 2357 rum emptor aus, ſ. oben S. 79.
