1600 2659
185 222 1197 264 A. Stellung des Indiv. Beſchränkung durch die Sitte. §. 31.
76 315 1307 367 ſchaft, die ihm den Schutz deſſelben verlieh, außer Acht gelaſſen
76 378 178 428 hatte.
145 439 1305 493 Wie ſchrumpft nun aber, wenn man ſich dies alles verge-
72 502 1304 554 genwärtigt, jene abſtracte Freiheit des Privatrechts zuſammen,
74 564 1306 616 oder richtiger geſagt wie ſehr verliert ſie das Unnatürliche, durch
72 628 1308 680 das ſie uns bei oberflächlicher Betrachtung ſo ſehr abſtößt. Die
74 692 1305 744 leere Tafel der abſtracten Freiheit bedeckt ſich mit allerhand
71 754 1304 806 Limitationen, Vorausſetzungen, Beſchränkungen, die nicht min-
72 818 1302 869 der wirkſam ſind, als wenn das Geſetz ſelbſt ſie aufgeſtellt hätte.
54 879 1302 932 Die energiſche Kraft der Sitte, der Cenſor, die Wahlcomitien,
68 944 1304 995 die Volksgerichte, das geſammte römiſche Leben mit allen ſei-
70 1006 1302 1056 nen thatſächlichen Gewalten bildet den in der Regel überſehe-
71 1068 1306 1120 nen Subtrahend des abſtracten Rechts, und wir brauchen nur
69 1132 1304 1183 die Subtraction vorzunehmen, um ein ſehr verſtändiges prak-
69 1195 1302 1248 tiſches Reſultat zu gewinnen. Daſſelbe lautet folgendermaßen.
67 1257 1304 1311 Der Einzelne hat die ihm anvertraute abſolute Gewalt nur zum
68 1322 1302 1373 Zweck des richtigen, nicht zum Zweck des rein willkühr-
71 1384 1302 1436 lichen Gebrauchs. Der Staat verbietet aber den Mißbrauch
68 1447 1301 1498 nur ſoweit, als derſelbe abſolut und unbedingt verwerflich
67 1509 1302 1562 iſt, d. h. ſolche Aeußerungen der ſubjektiven Gewalt, die ſchlecht-
67 1570 1301 1626 hin, mögen die Vorausſetzungen ſein, welche ſie wollen,
68 1634 1301 1686 nicht zu dulden ſind, nicht aber diejenigen, die nur hypothe-
69 1695 1299 1750 tiſch ſich als Mißbrauch qualificiren laſſen.  Um ſie zu
65 1759 1301 1810 verbieten, müßte das Geſetz in ein unüberſehbares Detail
65 1823 1300 1874 von Vorausſetzungen und Möglichkeiten eingehen und würde
66 1886 1296 1938 doch Gefahr laufen, bald zu wenig, bald zu viel zu thun.
1240 225 1309 255 149
214 1995 1299 2038 Derartige Beſchränkungen ſind die über den Verſchwender verhängte
69 2044 1299 2092 Entziehung der Vermögensverwaltung, die Beſchränkung des dem Vater zu-
66 2095 1296 2139 ſtehenden Rechts, den Sohn zu verkaufen, auf dreimalige Ausübung, das
67 2147 439 2184 Zinsmaximum u. a. m.
222 2196 1297 2239 z. B. Verhängung der Todesſtrafe über den Sohn von Seiten des
63 2247 1299 2288 Vaters, Auflöſung der Ehe von Seiten des Mannes u. ſ. w. können durch-
64 2295 1298 2340 aus gerechtfertigt und umgekehrt gar nicht zu entſchuldigen ſein; jenes, wenn
62 2346 1298 2390 der Sohn ein todeswürdiges Verbrechen begangen, die Frau die Ehe ge-
64 2396 1188 2442 brochen, dieſes, wenn gar kein oder kein hinreichender Grund vorliegt.
