1600 2680
255 251 1512 307 zwiſchen den Juriſten und Laien der damaligen Zeit nicht in
257 314 1511 367 eine Verſchiedenheit ihres Wiſſens, ſondern des Könnens
253 376 1510 434 ſetzen wollen; die Ueberlegenheit der erſteren habe ſich lediglich
255 440 1508 496 auf die Anwendung des Rechts bezogen. Allein dieſer Be-
253 504 1509 560 hauptung ſtehen nicht bloß alle äußern Zeugniſſe, ſondern auch
250 567 1511 623 die innere Wahrſcheinlichkeit entgegen. Waren auch die Geſetze
249 629 1511 686 Jedermann vor Augen, ſo war doch die Interpretation Sache
252 693 1508 747 der Pontifices;  bot auch die Oeffentlichkeit der Gerichts-
250 754 1511 811 ſitzungen Gelegenheit, den Gang des Verfahrens und das rein
249 819 1509 875 Aeußerliche der Klagformulare kennen zu lernen, ſo war doch
248 881 1508 937 ſchon die Kenntniß, wo und wie die verſchiedenen Formeln an-
249 948 1510 1003 zuwenden, welcher Sinn mit ihnen zu verbinden etwas mehr
248 1008 1508 1065 Theoretiſches, durch das bloße Zuſehen nicht ſo leicht zu Erler-
248 1075 1511 1129 nendes. Allein der entſcheidende Umſtand iſt der, daß es außer
247 1136 1508 1192 der Volksſitte und den Geſetzen noch eine dritte Rechtsquelle das
248 1197 1432 1256 Recht der Wiſſenſchaft oder das jus civile im engern Sinn
249 1263 1343 1318 gab, zu der nur der Pontifex völlig freien Zutritt hatte.
324 1325 1506 1381 Als nothwendiger Inhalt dieſer pontificiſchen Rechts-
246 1387 1507 1446 disciplin ſtellt ſich uns zunächſt dar die Tradition der bisheri-
246 1450 1508 1508 gen Praxis. Daß der Boden zur Bildung einer conſtanten
245 1513 1506 1574 Praxis ein höchſt geeigneter war, wird eben ſo wenig der Bemer-
246 1578 1506 1636 kung bedürfen, als daß die Fortpflanzung derſelben durch ſchrift-
245 1642 1508 1698 liche und mündliche Tradition ſich der Natur der Sache nach nur
249 1706 1507 1762 auf die Mitglieder des Collegs beſchränkte. Im Volk mußte die
247 1767 1506 1825 Erinnerung wichtiger Rechtsfälle und Entſcheidungen leicht ver-
243 1831 1507 1888 fliegen, bei jenem Colleg hingegen ward ſie fixirt und pflanzte
244 1893 1507 1951 ſich treu von einer Generation zur andern fort.  Den zweiten
256 136 334 190 420
348 159 1510 205 Zweites Buch. Erſter Abſchn. III. Die juriſt. Technik. B. Des ält. Rechts.
404 2042 916 2083 L. 2 §. 6 de orig. jur. (1. 2).
405 2091 1504 2138 S. die Darſtellung bei Pomponius L. 2 §. 5, 6 cit., in der das
237 2143 1506 2190 jus civile oder das alte Juriſten-Recht ſich unmittelbar an die XII Tafeln
243 2192 409 2232 anſchließt.
400 2243 1507 2293 Wie feſt und treu die römiſche juriſtiſche Tradition war, dafür gibt
240 2293 1507 2341 die Notiz bei Pomponius L. 2 §. 38 de orig. jur. (1. 2) über den erſten ple-
243 2343 1506 2395 bejiſchen Pontifex Maximus Tib. Coruncanius, daß man von demſelben zwar
