1600 2680
255 240 1516 295 daß die Anwendung deſſelben auf das Civilrecht nicht von den
253 300 1511 363 Pontifices, ſondern erſt von den ſpätern Juriſten herrühre,
254 365 1515 420 ſchwerlich mehr Beifall finden, ohne daß ich damit in Abrede
252 430 1512 487 nehmen will, daß nicht die ſpätern Juriſten noch lange in der-
251 492 1513 551 ſelben Weiſe fortgearbeitet hätten, wie ihre Vorgänger, und daß
252 556 1513 613 alſo nicht alles und jedes, was im Geiſt der letzteren gearbeitet
249 618 1510 677 iſt, unmittelbar ihnen angehörte. Darauf aber kömmt es auch
248 682 1506 739 nicht an, ob ſie den Bau ſelbſt bis ins Kleinſte ausgeführt,
247 745 1510 802 jeden einzelnen Stein ſelbſt eingefügt, ſondern ob ſie den Plan
249 810 1510 864 gemacht, den Styl beſtimmt und wenigſtens die Fundamente
246 871 1510 932 ſelbſt gelegt haben. Und davon, hoffe ich, ſoll der Leſer ſich jetzt
247 935 472 986 überzeugen.
323 998 1508 1054 Wir vergleichen zu dem Zweck zunächſt das ältere Recht mit
243 1061 1504 1121 der Religion rückſichtlich der Methode ihrer Bearbeitung.
242 1124 1506 1182 Die Methode iſt bei beiden genau dieſelbe, die charakteriſtiſchen
242 1186 1505 1247 Momente der ältern Technik, die uns die ſpätere Darſtellung
242 1251 1503 1306 vorführen wird, kehren ſämmtlich bei der Religion wieder. Zu-
241 1313 1503 1370 nächſt der Formalismus. Dieſelbe Beſtimmtheit,  dieſelbe
240 1376 1503 1434 ſcrupulöſe Genauigkeit in der Faſſung der Formeln,  dieſelbe
240 1437 1477 1498 Strenge in der Handhabung derſelben, wie im ältern Recht;
238 1504 1501 1561 das geringſte Verſehen im Ausſprechen der Formel begründete
237 1565 1422 1624 hier nicht minder wie im Legisactionenprozeß Nichtigkeit.
236 1628 1501 1687 Auf dieſe Uebereinſtimmung will ich aber kein ſo hohes Gewicht
236 1692 1500 1750 legen, denn der Zug und Hang zum Formalismus ſteckte tief im
234 1755 1497 1812 römiſchen Volk ſelbſt und bethätigte ſich auch da, wo den Ponti-
257 147 333 177 424
354 147 1520 196 Zweites Buch. Erſter Abſchn. III. Die juriſt. Technik. B. Des ält. Rechts.
393 1875 1497 1922 Verba certa, solemnia, legitima. S. die Belegſtellen bei Brisso-
233 1926 1494 1973 nius de voc. ac formul. lib. I, c. 181, 191 und anderwärts z. B. Festus
230 1976 1492 2019 sub fanum: .. certa verba. Cicero pro domo c. 47 .. solennibus verbis.
390 2025 1494 2073 z. B. die Formel sive deus sive dea es und seu quo alio nomine
231 2077 1032 2116 appellari volueris. Brissonius a. a. O. c. 89.
391 2127 1491 2174 Ambroſch, die Religionsbücher der Römer S. 29, 30. Daher das
229 2176 1489 2229 Vorſprechen der von einem weltlichen Beamten anzuwendenden Formel (z. B.
228 2226 1491 2276 beim öffentlichen votum, bei der devotio, dedicatio u. ſ. w.) durch den Pon-
226 2278 1490 2330 tif. Maximus. Brissonius c. 181, c. 192 und anderwärts, die Zuziehung
230 2326 986 2375 eines custos. Plinius Hist. nat. XXVIII, 3.
