1600 2635
262 309 1475 367 einige dieſer Contracte begreift ſich dies auch vom Standpunkt
259 372 1472 425 des materiellen Rechts aus, für andere aber ſchlechterdings nicht,
260 434 1476 488 denn warum ſollte z. B. der Uſufructuar dem Eigenthümer der
261 496 1475 550 Sache dieſelbe nicht vermiethen, der Pfandgläubiger dem Ver-
262 557 1474 616 pfänder die zum Fauſtpfand übergebene Sache nicht zum Pre-
263 621 1478 688 carium  überlaſſen dürfen? Auch rückſichtlich des Kaufs möchte
262 683 1478 740 ich dieſelbe Frage aufwerfen, und in der That haben die ſpätern
262 736 1477 803 Juriſten ſie nicht bloß rückſichtlich ſeiner bejaht, ſondern über-
264 807 1481 861 haupt die Regel in einer Weiſe eingeſchränkt, die ſie mit dem
265 860 1394 922 Intereſſe des materiellen Rechts mehr in Einklang ſetzt, als
338 994 1483 1044 Was war nun denn der urſprüngliche Sinn und Zweck der
265 1056 1480 1109 Regel? Die Antwort ſollen uns zwei Fälle geben! Angenom-
265 1118 1482 1169 men, es hätte ein Vermiether zu einer Zeit, als man im Formu-
267 1178 1483 1232 larproceß noch keine Exceptionen zuließ, auf Rückgabe der ver-
266 1242 1486 1293 mietheten Sache und auf Zahlung des Miethzinſes geklagt, der
268 1301 1485 1354 Miether aber inzwiſchen in Erfahrung gebracht, daß die Sache
268 1364 1486 1417 die ſeinige ſei; ſollte und konnte man ihn mit dieſem Einwand
270 1425 1487 1477 hören? Die Juriſten waren der Anſicht, daß dies in dem Fall
270 1488 1487 1541 der Billigkeit entſpreche, wenn er bereits zur Zeit des Abſchluſſes
270 1549 1488 1603 des Contracts Eigenthümer geweſen ſei.  Aber in welcher
271 1608 1509 1664 Form ſollte man dieſen Einwand zulaſſen? In ſeiner nackten
274 1676 1487 1727 Geſtalt als Berufung auf das eigene Eigenthum war er un-
273 1736 1491 1790 möglich, denn in dem Proceß über die Obligation kann nicht
273 1798 1490 1848 von der andern Seite die Eigenthumsfrage eingemiſcht
258 227 305 258 66
345 218 1394 263 Zweites Buch. Erſter Abſchn. III. Die Technik. A. Die Analytik.
422 1915 1491 1958 Puchta, welcher dieſe Möglichkeit annimmt und darauf ſeine ganze
274 1967 1492 2009 Anſicht von dem interd. Salvianum gründet (Inſtit. §. 251 Note b), hat die
278 2017 1489 2064 obige Regel überſehen, ſonſt hätte er vielleicht nicht in der Möglichkeit,
278 2067 1492 2109 ſondern der Unmöglichkeit des interd. de precario den Grund zur Ein-
279 2118 796 2160 führung jenes Interdicts erblickt.
425 2167 1491 2209 S. namentlich L. 34 §. 4 de cont. emt. (18. 1) und L. 28 de acq.
282 2222 502 2260 poss. (41. 2).
427 2265 1492 2307 Warum man den Einwand auf dieſen Fall beſchränkte, wird ſich aus
282 2314 1496 2359 der Theorie des Rechtsgeſchäfts (§. 53) ergeben, von legislativ politiſchen
284 2368 754 2409 Gründen ganz zu geſchweigen.
