1600 2680
282 232 1535 296 Hand. Ein Eintritt in fremde Rechte mag uns immerhin noch
282 297 1535 358 ſo natürlich erſcheinen, der ganze Vorgang beruht nichts deſto
283 362 1533 419 weniger auf Abſtraction, er geht rein auf dem Gebiete des
286 425 1534 486 Gedankens vor ſich, das natürliche Auge ſieht ihn nicht. Ganz
283 490 1533 548 anders, wenn der Gegenſtand ſelbſt (Sache oder Perſon) über-
283 555 1533 613 tragen wird, hier iſt ein ſichtbares Object vorhanden, an dem
281 617 1241 675 der Wechſel der Perſonen augenfällig hervortritt.
361 681 1535 741 Eine Spur dieſer alten Auffaſſung, von der ſich im übrigen
281 745 1536 803 das neuere römiſche Recht mehr und mehr emancipirt hat, iſt
280 808 1534 864 noch erhalten in der von Juſtinian in ſeinen Inſtitutionen ad-
281 871 1534 931 optirten und dadurch zur großen Celebrität gelangten Claſſifica-
280 935 1378 994 tion der Dinge in res corporales und incorporales.  Wäh-
280 999 1532 1057 rend alle übrigen Rechte zur letzteren Claſſe geſtellt werden,
270 1058 1534 1115 figurirt hier das Eigenthum als res corporalis. Ueber die Ver-
279 1122 1533 1179 kehrtheit dieſer Identificirung des Eigenthums mit ſeinem Ge-
280 1187 1534 1245 genſtande ſollte man meiner Anſicht nach kaum getheilter Mei-
280 1251 1535 1308 nung ſein können. Das Eigenthum iſt ebenſowohl eine res
278 1313 1537 1368 incorporalis, als die übrigen dinglichen Rechte, und bei der
279 1376 1532 1436 Uebertragung deſſelben geht juriſtiſch nicht die res corporalis,
278 1440 1532 1499 ſondern das Recht, die res incorporalis, über. Nichts deſto
279 1505 1532 1565 weniger hat dieſer ſyſtematiſche Fehler eine hiſtoriſche Wahr-
279 1568 1534 1626 heit, denn er enthält eben den völlig adäquaten Ausdruck der
279 1632 1534 1691 entwickelten älteren Vorſtellungsweiſe, wonach beim Eigenthum
278 1696 1141 1750 die Sache, ſo zu ſagen, das Recht verdeckte.
282 139 357 171 464
371 139 1533 193 Zweites Buch. Erſter Abſchn. III. Die juriſt. Technik. B. Des ält. Rechts.
465 1840 1534 1885 Es läßt ſich hier die Stelle von Quintilian. Inst. O. V, 10
279 1891 1536 1939 §. 111 sq. benutzen, worin er die Frage unterſucht, ob Forderungen Gegen-
276 1941 1533 1988 ſtand der occupatio bellica ſein können. Dabei heißt es in §. 116: non
276 1995 1532 2040 potuisse donari a victore jus, quia id demum sit ejus, quod teneat;
273 2046 1533 2091 jus, quod sit incorporale, apprehendi manu non posse … ut alia sit
278 2097 1531 2142 conditio heredis, alia victoris, quia ad illum jus, ad hunc res transeat.
458 2149 1532 2194 Iust. de reb. corporal. et incorpor. (2. 2). Ulp. XIX §. 11
277 2198 1204 2243 L. 14 pr. de serv. (8. 1) L. 1 §. 1 de R. D. (1. 8).
456 2249 1534 2296 Intereſſant iſt auch die Erſcheinung, auf die Windſcheid Die Actio
277 2299 1534 2346 des römiſchen Civilrechts S. 6 aufmerkſam macht, daß der römiſche Sprach-
277 2353 1528 2399 gebrauch „die Thatſache nennt ſtatt des Rechts auf dieſelbe“ z. B. pignus
