1600 2635
77 262 1284 313 dabei thätigen Perſonen: den Teſtator und die Zeugen be-
77 324 1286 373 ſchränkt, ſondern auch auf die honorirten Perſonen, gleich
75 373 1285 436 als ob dieſelben dabei ebenfalls wenigſtens geiſtig in Thätigkeit
75 447 1286 496 träten, erweitert ward. Eine Conſequenz davon war, daß ſie
71 510 1286 559 ſelbſt nicht auf den Fall der künftigen Fähigkeit bedacht werden
26 565 1284 624 konnten — ein Geſichtspunkt, aus dem ſich auch die Unzuläſſig-
73 633 809 684 keit der Einſetzung von postumi erklärt.
141 696 1285 749 Die perſönliche Fähigkeit, ſowohl die Rechts- als Hand-
8 752 1285 809 lungsfähigkeit, braucht nur im Moment der Handlung vor-
74 819 1288 871 handen zu ſein,  der ſpätere Wegfall derſelben iſt für das
3 877 1287 934 Rechtsgeſchäft, welches als Akt keine Dauer hat, völlig
72 944 1285 995 gleichgültig; inwieweit das Rechtsverhältniß dadurch be-
73 1007 1286 1056 troffen werden kann, gehört nicht hierher. Daß und warum
72 1069 1287 1118 bei pendenten Rechtsgeſchäften die Fortdauer der perſönlichen
70 1129 1284 1181 Rechtsfähigkeit erforderlich iſt, kann erſt unten entwickelt werden.
138 1194 1284 1244 Die zweite Vorausſetzung des Rechtsgeſchäfts iſt die juri-
70 1255 1286 1306 ſtiſche Möglichkeit ſeines Inhalts. Die neuere Jurisprudenz
68 1318 1285 1369 läßt in manchen Fällen Verträge auf den Fall der künftigen
68 1377 1206 1428 Möglichkeit zu,  von der ältern haben wir kein Beiſpiel.
136 1441 1282 1490 Die dritte Vorausſetzung iſt das Vorhandenſein der con-
39 1503 1284 1552 creten Verhältniſſe, durch welche die Wirkſamkeit der Dispoſition
69 1564 1281 1614 bedingt iſt, z. B. des Eigenthums, wenn es ſich um eine Ver-
69 1626 1283 1678 fügung handelt, die nur der Eigenthümer mit Erfolg treffen
68 1687 1282 1741 kann, der Erbſchaft, wenn ſie angetreten oder ausgeſchlagen wer-
68 1751 1282 1803 den ſoll. Gerade nach dieſer Seite hin hat das neuere Recht ſich
1219 172 1285 202 153
212 171 1096 211 B. Das Rechtsgeſchäft. Concentration deſſelben. §. 53.
65 1879 1282 1922 unter dem Gewand der Convalescenz oder Ratihabition eine neue, formloſe
64 1928 1279 1975 Wiederholung des Rechtsgeſchäfts, ſ. z. B. L. 1 §. 1 de leg. III. (33), L. 65
12 1979 1032 2023 §. 1 de R. N. (23. 2), ſ. jedoch L. 7 §. 18 de pact. (2. 14).
225 2028 1280 2075 Neueres Recht: Einſetzung der postumi und unfähiger Perſonen
65 2078 1278 2124 auf den Fall der Fähigkeit L. 62 pr. de her. inst. (28. 5), L. 51 pr. de
66 2128 267 2169 leg. II. (31).
220 2180 1275 2222 L. 2 qui test. (28. 1) .. ejus temporis, quo testamentum facit.
223 2228 1275 2272 z. B. L. 61 de cont. emt. (18. 1), L. 31 L. 98 de V. O. (45. 1),
2 2277 1276 2323 L. 41 §. 2 de leg. II. (31), L. 98 de cond. (35. 1), ſ. jedoch L. 34 §. 2
66 2329 885 2370 de cont. emt. (18. 1), L. 83 §. 5 de V. O. (45. 1).
