1600 2659
56 168 1210 212 I. Der Selbſtändigkeitstrieb. 3. Selbſterhaltungstrieb des Rechts. §. 27.
41 260 1274 313 dieſe Weiſe gebildet haben, deſſen Verbindung mit ſeinem ge-
43 324 1278 376 ſetzlichen Anknüpfungspunkt uns darum noch entgeht, weil dieſe
42 383 1278 439 Verbindung eine etwas gezwungene war. In dem jus civile
44 448 1277 501 fand alſo der rechtliche Bildungstrieb der Zeit bis zu einem ge-
46 511 1279 563 wiſſen Grade ſeine Befriedigung, wie ſpäter im prätoriſchen
50 574 1277 626 Edikt; über dieſen Grad hinaus half die Geſetzgebung nach.
50 638 1310 691 Aber gewiß bedurfte es dieſes Mittels nur in ſeltenen Fällen,
50 694 1277 752 wie denn von den Rechtsſätzen, deren Bildung dem gegenwärti-
48 765 1281 818 gen Syſtem angehört, nur wenige auf Geſetze zurückgeführt
45 826 1280 878 werden. Der bei weitem größte Theil derſelben hat ſich auf dem
44 890 1278 943 Wege der interpretatio gebildet, iſt alſo die Frucht eines lang-
42 952 1280 1006 ſamen, beſonnenen Entwicklungsprozeſſes und wird in ähnlicher
42 1014 1281 1067 Weiſe wie das prätoriſche Edikt in ſeiner ſchließlichen Geſtalt
42 1078 1279 1131 das Reſultat einer unausgeſetzten Sichtung und Verbeſſerung
42 1141 1279 1195 im Einzelnen geweſen ſein. Auch auf dem Gebiete des jus civile
43 1205 1278 1262 mag wie auf dem des prätoriſchen Rechts mancher Gedanke auf-
45 1268 1279 1327 getaucht ſein, der ſpäter ſpurlos verſchwunden iſt, mag die ſpä-
44 1332 1280 1386 tere Zeit auch wohl von den traditionell gewordenen Interpre-
45 1394 1280 1447 tationen und ſelbſtändigen Regeln der frühern Zeit abgegangen
42 1457 1279 1512 ſein. Ich halte es für um ſo nöthiger dies hervorzuheben, als
42 1519 1282 1572 man von dem Eindruck der Starrheit, welchen das ältere Recht
44 1582 1281 1638 macht, leicht auf einen demſelben entſprechenden Charakter der
45 1645 1280 1699 ältern Jurisprudenz ſchließen könnte. Gerade umgekehrt er-
43 1708 1282 1763 ſcheint ſie mir, wie bereits bemerkt, als Repräſentantin der
42 1772 1283 1829 Bewegung, als Vermittlerin des Fortſchrittes, und ich glaube
1235 169 1275 199 71
45 1943 1282 1991 wöhnlich ſchlechthin heißen, den Zuſatz, der auch vorkömmt: qui tunc jura
47 2001 506 2039 condiderunt, constituerunt.
177 2044 1283 2086 Es wäre ein verdienſtliches Unternehmen, mit dieſer Rückſicht einmal
49 2097 789 2140 die Rechtsſätze des ältern Rechts durchzugehn.
180 2146 1281 2191 So z. B. bei der usucapio pro herede (Gaj. IV. §. 54: .. olim
48 2198 1283 2243 ipsae hereditates usucapi credebantur … postea creditum est, ipsas
48 2246 1282 2291 hereditates usucapi non posse) hinſichtlich der Annahme eines furtum an
46 2295 1281 2343 unbeweglichen Sachen, hinſichtlich der Auslegung des Verbots der Uſucapion
46 2355 327 2387 von res furtivae.
