1600 2635
316 319 1518 373 blieb für ſich, hatte ihre beſondere formula  und war mit-
319 382 1531 440 hin durch einen beſondern  Urtheilsſpruch zu erledigen.
315 446 1519 501 Gegen eine derartige gleichzeitige Verhandlung mehrer Klagen
313 506 1520 564 vor demſelben Richter hatte das römiſche Recht ſo wenig etwas
313 570 1518 626 zu erinnern, daß es dieſelbe in ſpäterer Zeit ſogar auf indirectem
312 630 1517 690 Wege zu erzwingen ſuchte.  Um eine wirkliche Klagencumu-
312 694 1517 751 lation zuzulaſſen, d. h. die mehren Klagen in eine Formel zu
312 756 1519 813 bringen, hätten die Römer ihr ganzes Klagenſyſtem und die
311 817 1517 877 Theorie der Formeln aufgeben müſſen. In dem Legisactionen-
311 880 1516 937 proceß, wenigſtens für die urſprünglich alleinige Form des pro-
311 941 1518 1000 ceſſualiſchen Verfahrens, die durch sacramentum, ſtellten ſich der
308 1005 1516 1062 Klagencumulation noch ganz ſpecielle Gründe entgegen. Zu-
308 1066 1518 1126 nächſt nämlich das fiskaliſche Intereſſe. Jede Streitſache brachte
307 1128 1514 1185 dem betreffenden Fond (B. 1 S. 265) ein sacramentum ein,
307 1190 1515 1248 Klagencumulation hätte hier alſo ſo viel geheißen, als denſelben
306 1252 1514 1309 in ſeiner Einnahme verkürzen, mehre Proceſſe um den Preis
308 1314 1516 1371 eines sacramentum führen. Sodann die Proceßform. Der
307 1373 1513 1434 Streit wurde formell um das sacramentum geführt, und der Rich-
307 1438 1514 1497 terſpruch lautete auf sacramentum justum und injustum esse
308 1499 1510 1558 (B. 1 S. 158). Wie hätte nun wohl das Urtheil lauten ſollen,
305 1556 1511 1621 wenn bei der Verbindung mehrer Proceßſachen zu einem Pro-
307 1624 1510 1682 ceß der Richter in der einen dem Kläger, in der andern dem Be-
316 229 363 259 34
402 229 1440 275 Zweites Buch. Erſter Abſchn. III. Die Technik. A. Die Analytik.
462 1766 1512 1814 Quintilian. Inst. orat. III, 10. privata quoque judicia saepe
305 1815 1513 1863 unum judicem habere multis et diversis formulis solent. Wie hätte
304 1863 1511 1913 auch wohl die gemeinſame Formel für den Fall der L. 1 §. 4 quod leg. (43. 3),
303 1911 1510 1963 auf die man ſich u. a. beruft, die Verbindung der hered. pet. und des interd.
303 1964 782 2006 quod legatorum, lauten ſollen!
457 2013 1511 2067 Wenn Plank a. a. O. S. 90 den Richter in „einem Urtheile
303 2063 1510 2113 über ſämmtliche Anſprüche entſcheiden“ läßt, ſo iſt dies für den Formular-
303 2114 1511 2166 proceß nicht richtig, denn ſo viele formulae ſo viele Urtheile; durch die bloße
302 2161 1509 2218 zeitliche Aneinanderreihung der mehren Urtheile ſchmolzen ſie nicht zu einem
304 2213 468 2253 zuſammen.
429 2263 1507 2320 Das „ſpäter“ folgt aus der Form, in der es geſchah: der exceptio
302 2314 1509 2369 litis dividuae. Gaj. IV, 122. — Beiſpiele einer ſolchen Vereinigung mehrer
303 2362 1507 2414 Streitigkeiten unter einem Richter aus den Quellen bei Plank S. 67 Note 3.
