1600 2659
61 282 1300 339 Für die jetzige Periode und für Rom und Italien werden wir
61 346 1297 399 dies nicht annehmen dürfen, jedenfalls kann dadurch das In-
61 407 1298 463 tereſſe der Einrichtung, um die es ſich hier handelt, die recht-
63 470 1298 529 liche Unterordnung eines großen Theils des Steuerweſens un-
63 538 802 588 ter die Juſtiz nicht vermindert werden.
140 596 1298 648 Eine andere für den Geſichtspunkt, den wir hier verfolgen,
66 658 1297 718 höchſt charakteriſtiſche Erſcheinung iſt die Vorliebe der Römer,
66 723 1301 781 Streitigkeiten, die an und für ſich gar keine civilrechtliche Be-
64 787 1302 843 deutung hatten, auf dem Wege des Civilprozeſſes zur
64 850 1299 906 Entſcheidung zu bringen. Die sponsio praejudicialis, die pro-
61 913 1301 968 zeſſualiſche Wette, gab hierfür eine Form von unbegränzter
62 972 1299 1028 Weite; das Anerbieten einer ſolchen Sponſion brauchte aller-
63 1038 1301 1095 dings nicht angenommen zu werden, enthielt aber doch eine
62 1101 1301 1153 Art von moraliſchem Zwang. Wir finden nun nicht bloß, daß
62 1164 1299 1220 Privatperſonen ſich dieſes Mittels bedienten, ſondern auch Be-
65 1225 1300 1280 amte unter ſich, Beamte gegen Privatperſonen und umge-
64 1291 1302 1347 kehrt letztere gegen jene, um durch gerichtliche Erhärtung irgend
66 1355 1302 1408 eines vorgeſchützten Entſchuldigungsgrundes den Lauf einer
65 1415 1301 1472 gegen ſie verhängten Maßregel zu ſiſtiren. So diente dies
62 1480 1301 1532 Mittel namentlich auch dazu, um den Grund oder Ungrund ge-
63 1544 1301 1596 machter Beſchuldigungen zu conſtatiren, Jemanden auch ohne
67 1606 1299 1658 oder noch vor dem judicium publicum eines Verbrechens zu
65 1669 1300 1723 überführen, ſtaatsrechtliche Streitigkeiten zur Entſcheidung zu
67 1732 432 1787 bringen u. ſ. w.
137 1796 1298 1849 Die Neigung der Römer für die Ausdehnung des civil-
64 1859 1298 1912 prozeſſualiſchen Prinzips, die ſich hierin ſo recht ausſpricht,
124 191 1210 237 I. Der Selbſtändigkeitstrieb. 4. Verwirklichung des Rechts. §. 28.
1254 190 1300 221 85
69 2016 1300 2058 public.) quantae temeritatis sint publicanorum factiones, nemo est qui
71 2066 1301 2107 nesciat; iccirco Praetor ad compescendam eorum audaciam hoc edic-
70 2119 315 2158 tum proposuit.
203 2166 1304 2205 Der bekannte Fall bei Valer. Max. II. 8. 2 über den Anſpruch auf
68 2217 312 2257 einen Triumph.
203 2268 479 2306 Liv. III. 56, 57.
205 2318 562 2349 Val. Max. VI. 1. 10.
203 2365 1265 2409 Keller Civilprozeß §. 26 und die dort citirten Semestria deſſelben.
