1600 2659
265 272 1495 330 ich will nur diejenigen aufzählen, die die Römer ſelbſt als
264 337 1493 395 werthvolle Garantien der perſönlichen Freiheit namhaft ma-
264 400 1494 458 chen. Hierzu gehören namentlich: die Freizügigkeit,  die
262 464 1413 522 man ſogar dem Inquiſiten bis zum Urtheilsſpruch zugeſtand,
261 525 1493 584 der Schutz gegen die Willkühr der Beamten, der durch das
260 587 1494 648 Recht der Provokation an die Volksverſammlung,  das
259 651 1495 711 Interceſſionsrecht der Tribunen und höheren Magiſtrate und
259 714 1495 772 die Verantwortlichkeit der Beamten in umfaſſendſter Weiſe
253 778 1493 835 gewährleiſtet war. Sodann der geſtaltende Einfluß, den die
259 839 1490 898 Vorſtellung von der Würde des römiſchen Bürgers auf das
256 903 1489 961 Kriminalrecht ausgeübt hat, z. B. die Ausſchließung der Tor-
257 963 1492 1023 tur,  der Leibes- und grauſamer Lebensſtrafen,  und eine
255 1027 1407 1088 Reihe anderer nicht minder werthvoller Einrichtungen.
581 1700 638 1729 138
355 182 1496 231 Zweit. Buch. Erſt. Abſchn. II. Die Grundtriebe. III. Der Freiheitstrieb.
411 1142 1190 1184 Cic. pro Balbo c. 13. ſ. oben S. 59, Anm. 46.
414 1190 1490 1237 Die Verhaftung des Angeklagten war rechtlich möglich, wenn auch
255 1240 1491 1286 nicht nöthig, ſie ließ ſich jedoch, wenn ſie verfügt war, durch die Interceſſion
256 1290 1490 1337 eines Tribunen abwenden oder in Freilaſſung gegen Kaution verwandeln.
254 1340 1492 1388 Zu dem freien Exulationsrecht des Angeklagten (Sallust. Catil. 51) paßte
255 1390 1492 1438 ſie nicht recht, und es iſt daher erklärlich, daß ſie, wenn auch rechtlich nicht
255 1442 1487 1489 aufgehoben, ſich doch in der Praxis verlor und zur äußerſten Seltenheit ward.
256 1492 1156 1538 Geib, Geſchichte des röm. Kriminalproz. S. 119, 120.
413 1545 1487 1587 Cic. de orat. II. 48 .. patronam illam civitatis ac vindicem
254 1596 1489 1640 libertatis. Liv. III. 55: unicum praesidium libertatis. Ich erinnere ferner
253 1645 1264 1688 an das den Beamten geſetzte Maximum der Multa Gell. XI. 1.
410 1695 688 1736 Geib, S. 138 fl.
408 1748 1483 1791 Liv. X. 9. Cic. in Verr. II. V. c. 54—57. pro Rabirio c. 4, 5:
252 1798 1484 1841 carnifex vero et obductio capitis et nomen ipsum crucis absit non modo
251 1849 1486 1891 a corpore civium Rom., sed etiam a cogitatione, oculis, auribus. Ha-
251 1901 1486 1943 rum enim omnium rerum non solum eventus atque perpessio, sed
251 1950 1487 1994 etiam conditio, exspectatio, mentio ipsa denique in-
250 2000 1238 2041 digna cive Romano atque homine libero est.
408 2049 1485 2095 z. B. der Grundſatz der quarta accusatio (Geib, S. 116 fl. und
249 2100 1485 2145 die neueſte Unterſuchung darüber von Lange: die oskiſche Inſchrift der Ta-
250 2151 1484 2194 bula Bantina u. die röm. Volksgerichte. S. 65—86), inſofern er einmal
249 2202 1481 2248 dem Angeklagten die Gelegenheit gab, die öffentliche Meinung für ſich zu ge-
248 2252 1481 2296 winnen, und andererſeits der momentan erregten Leidenſchaft des Volks Zeit
248 2302 1479 2347 ließ, ſich abzukühlen. Ferner der Grundſatz, daß die Ausſagen der Sklaven
249 2354 1479 2399 gegen ihre Herren nicht angenommen werden ſollten (Geib, S. 142). Die
