1600 2680
260 246 1512 299 als civiliſtiſche kennen, war das Votum. Um der Terminologie:
256 310 1513 359 voti reus, damnatus, vota solvere, reddere, vota rata, irrita,
258 374 1513 426 caduca, titulus u. ſ. w. und des bereits angeführten Grund-
256 437 1514 487 ſatzes über die certa pecunia zu geſchweigen, ſo war das Votum
255 500 1514 552 dasjenige Verhältniß des geiſtlichen Rechts, bei dem von jeher
256 562 1512 616 Bedingungen vorkamen  und wo die Veranlaſſung zur Aus-
258 627 1435 678 bildung einer Theorie der Bedingungen unerläßlich war.
256 690 1515 741 Ebenſo war die ſchriftliche Aufzeichnung und die auf die „tabu-
255 753 1513 804 lae“ Bezug nehmende nuncupatio, die die ſpätere Form der
254 816 1477 867 Teſtamente bildete, bei dem Votum etwas ganz gewöhnliches.
332 879 1515 930 Auch die rückwirkende Kraft war dem geiſtlichen Recht bekannt
255 942 1514 992 und zwar bei einem Verhältniß, bei dem die Annahme, daß ſie
257 1006 1512 1057 hier von Alters her ſtattgefunden, ſchwerlich auf Widerſpruch
255 1067 1513 1120 ſtoßen dürfte.  Und wer wird nicht gleich an die exheredatio
255 1133 1511 1182 nominatim facta und inter ceteros erinnert, wenn er hört, daß
255 1194 1512 1246 derſelbe Gegenſatz auch bei Anrufung der Götter ſtattfand, und
254 1257 1513 1308 daß hier der Ausdruck ceteri ſogar ein techniſcher war?  Selbſt
254 1320 1511 1371 die Idee, daß die Erbeutung die normale Quelle des Eigen-
255 1383 1511 1433 thums ſei (Bd. 1 S. 108 fl.), fand in dem „capere“ der Ve-
256 1446 1511 1498 ſtaliſchen Jungfrau ihren religiöſen Ausdruck,  und das jus
259 155 332 185 428
354 154 1514 197 Zweites Buch. Erſter Abſchn. III. Die juriſt. Technik. B. Des ält. Rechts.
417 1577 1511 1619 Es gab unbedingte und bedingte Vota. Man vergleiche rückſichtlich
253 1628 1511 1669 der letzteren die Menge von Beiſpielen, die Brissonius a. a. O. c. 159—162
252 1679 1408 1721 zuſammengeſtellt hat, si bellatum prospere esset, si rediero u. ſ. w.
416 1730 1510 1771 Ein Verhältniß des weltlichen Rechts, bei dem daſſelbe ebenfalls
253 1780 1182 1820 von Alters her der Fall war, ſ. oben S. 176 Note 235.
416 1832 1509 1871 L. 28 §. 4 de stip. serv. (45. 3): .. heredis familia ex mortis
253 1883 1510 1922 tempore funesta facta intelligitur. Die Idee der rückwirkenden Kraft der
252 1932 1512 1975 Antretung der Erbſchaft für das Civilrecht wird in dieſer Stelle geradezu auf
252 1982 1510 2025 dies Argument geſtützt und es kann kaum zweifelhaft ſein, daß das geiſtliche
251 2032 1414 2076 Recht dieſe Idee hier früher hatte und haben mußte, als das Civilrecht.
413 2085 1509 2126 Brissonius a. a. O. c. 88. Liv. VI, 16: .. Jupiter … ceteri-
253 2136 1508 2179 que dii deaeque, und die dort abgedruckte Stelle von Servius: .. more
251 2188 1507 2228 Pontificum, per quos ritu veteri in omnibus sacris post speciales Deos,
253 2240 1510 2279 quos ad ipsum sacrum quod fiebat necesse erat invocari generaliter
252 2291 748 2321 omnia numina invocabantur.
403 2338 1506 2381 Gellius I, 12: veluti bello capta. Damit vergleiche man Gaj. IV, 16.
