1600 2659
94 187 1236 236 I. Der Selbſtändigkeitstrieb. 2. Zu-Sich-Kommen des Rechts. §. 26.
74 281 1315 338 entgegenſetzt. Sodann aber: ſtützte ſich nicht auch das Jus wie
74 343 1314 404 alles, was im römiſchen Staat beſtand und geſchah, wenigſtens
74 407 1314 464 auf die Zuſtimmung der Götter, wenn es auch nur den
74 468 1313 526 Willen des Volks zu ſeinem Inhalt hatte? Man nenne
77 533 1313 589 immerhin die Einholung der Zuſtimmung der Götter durch die
75 595 1310 654 Auſpicien eine leere Formalität, durch die das Volk ſich in ſei-
76 660 1309 714 nem materiellen Wollen nicht beſchränkt finden konnte: erkann-
74 724 1312 784 ten denn die Römer für dies Wollen nicht Rechtsprinzipien, alſo
72 786 1312 841 objektive Schranken an? Ich erinnere zuerſt an die bekannte
67 849 1309 911 Klauſel der Geſetzvorſchläge: si quid jus non esset rogari, ejus
68 912 1307 973 ea lege nihilum rogatum. Dieſe Klauſel allein, ſollte ich ſa-
67 977 1310 1034 gen, würde ſchon den Verſuch, die Idee von der Omnipotenz der
67 1038 1307 1099 Volksſouveränetät aus der heutigen Zeit ins römiſche Alterthum
67 1103 1308 1160 hinein zu übertragen, unmöglich machen. Man leſe dazu nun
66 1166 1306 1222 die Ausführungen Ciceros, der mit klaren Worten jene Omni-
66 1230 1306 1289 potenz der Volksgewalt in Abrede und ihr das Prinzip des ſub-
67 1292 1304 1351 jektiven Rechts als unantaſtbare Schranke gegenüber ſtellt.
66 1356 1305 1415 Auch an einer andern Stelle berührt er dieſelbe Frage, und man
66 1418 1301 1478 kann nicht beſtimmter und deutlicher jene ganze Idee verwerfen,
1266 198 1314 228 59
189 1589 1302 1638 Ich habe bei der folgenden Widerlegung manche Gründe, die ſich uns
64 1639 1302 1690 im Verlauf der ſpätern Darſtellung noch ergeben werden, gar nicht geltend
63 1691 1303 1740 gemacht. Ihre Benutzung an dieſer Stelle würde ein näheres Eingehen er-
60 1742 1302 1791 fordern, als es mit dem Grade der Beachtung, die die Schmidt’ſche Idee be-
63 1794 798 1835 anſpruchen darf, im Verhältniß ſtehen würde.
187 1859 887 1894 Brisson. de voc. ac. form. Lib. II. c. 19.
190 1919 1299 1967 Cic. pro Caecina c. 33: Quid est, quod jus non sit, quod populus
61 1969 1300 2015 jubere aut vetare non possit? Ut ne longius abeam (d. h. alſo: um nicht
62 2018 1298 2067 anderer Gründe, deren es mithin gibt, zu gedenken) declarat ista adscriptio
62 2069 1295 2113 esse aliquid. Nam nisi esset, hoc in omnibus legibus non adscriberetur.
63 2120 1295 2163 Sed quaero abs te, putesne si populus jusserit, me tuum aut item te meum
60 2172 1296 2219 servum esse, id jussum ratum atque firmum futurum? Perspicis hoc
59 2221 1296 2269 nihil esse. Primum illud concedis: non quidquid populus jus-
55 2273 1295 2320 serit, ratum esse oportere; pro Balbo c. 13: O jura praeclara
55 2324 1295 2369 atque divinitus jam inde a principio Romani nominis a majoribus nostris
54 2377 1280 2416 comparata, ne quis .... invitus civitate mutetur, neve in civitate ma
