1600 2680
235 252 1500 306 geſchichte könnte den Satz „im Anfang war das Wort“ als
235 316 1495 371 Motto über ihr erſtes Buch ſchreiben. Allen ungebildeten Völ-
234 382 1492 437 kern erſcheint das Wort, ſowohl das geſchriebene als das ge-
232 445 1496 499 ſprochene ſolenne Wort (die Formel) als etwas Geheimnißvol-
234 510 1496 562 les und der naive Glaube ſtattet es mit übernatürlicher Kraft
234 573 1492 627 aus. Nirgends war dieſer Glaube an das Wort mächtiger,
233 637 1490 690 als im alten Rom. Der Cultus des Worts geht durch alle Ver-
233 700 1494 753 hältniſſe des öffentlichen und Privatlebens, der Religion, Sitte
422 763 1492 813 und des Rechts.  Das Wort iſt dem alten Römer eine
229 828 1496 879 Macht, es bindet und löſt, und es hat, wenn auch nicht die
229 891 1492 945 Kraft, Berge, ſo doch Früchte auf ein fremdes Feld zu ver-
229 953 1495 1010 ſetzen.  Mit welcher Strenge und Pedanterie daher auch die
229 1021 1494 1073 alte Jurisprudenz auf ihrem Gebiete das Wort handhaben
229 1084 1492 1137 mochte, ſie gerieth dadurch mit der nationalen Denkweiſe in
228 1147 1491 1201 keinen Widerſpruch, ja im Gegentheil es gab eine Zeit, und ſie
226 1212 1491 1263 dauerte lange, wo dieſelbe Wortklauberei der Juriſten, die ſpä-
229 1275 1492 1328 terhin ein ſo dankbarer Stoff für die Perſiflage eines Cicero
228 1339 1492 1389 ward und ſelbſt aus dem Munde von Juriſten und Kaiſern ihr
226 1401 1484 1461 Verdammungsurtheil hören mußte,  in den Augen des Volks,
237 159 311 192 468
332 159 1497 205 Zweites Buch. Erſter Abſchn. III. Die juriſt. Technik. B. Des ält. Rechts.
406 1568 1485 1610 Es genügt auf das bekannte Werk von Brissonius de vocibus ac
224 1618 600 1662 formulis zu verweiſen.
405 1681 1486 1727 Die XII Tafeln enthielten gegen den Verſuch einer ſolchen An-
222 1732 1484 1780 wendung der Zauberſprüche Strafbeſtimmungen Plin. Hist. Nat. XXVIII,
223 1785 1485 1832 2, 4: qui fruges excantasset. Ueber die dem Wort beigelegte myſtiſche
220 1833 1015 1876 Kraft ſiehe die in Anm. 544 mitgetheilte Stelle.
405 1896 1481 1941 Gaj. IV § 30: nimia subtilitas veterum; Conſtantin in L. 1
220 1947 1483 1994 Cod. de form. subl. (2. 58): Juris formulae aucupatione syllabarum in-
220 1997 1483 2045 sidiantes, namentlich aber Cicero z. B. pro Caecina c. 23: aucupia ver-
221 2049 1479 2100 borum et literarnm tendiculas; de off. I c. 10, pro Murena c. 11—13,
222 2096 1481 2150 de orat. I, 55: praeco actionum, cantor formularum, auceps syllaba-
221 2129 1481 2198 rum. Keiner nahm übrigens wohl einen für das Verſtändniß jenes Wort-
218 2202 1483 2254 und Formelweſens ſo ungeeigneten Standpunkt ein, als Cicero. Denn ganz
219 2248 1481 2302 abgeſehen von ſeiner unverkennbaren Tendenz, die Jurisprudenz im Intereſſe
218 2304 1480 2354 der Redekunſt zu erniedrigen, einer Tendenz, die ihn eingeſtandenermaßen bei
214 2355 1480 2404 einer Rede pro Murena zu ſeiner bekannten Diatribe gegen die Juriſten ver-
