1600 2659
232 299 1469 351 als er es hier thut. Aber ganz abgeſehen von ſolchen Aus-
233 363 1468 414 ſprüchen der Römer ſelbſt bedarf es nur eines Blickes auf das
232 426 1469 478 ſubjektive Prinzip (§. 10—12), um ſich von der Irrigkeit der
235 492 927 542 obigen Behauptung zu überzeugen.
308 553 1470 605 In welchem Umfange ſich jenes Prinzip praktiſch bethätigen
232 617 1471 668 durfte, hing allerdings von der Geſetzgebung ab, es exiſtirte prak-
232 680 1476 730 tiſch nicht weiter, als die Geſetzgebung es anerkannt hatte, aber
233 741 1473 793 ſo wenig der Richterſpruch darum als Grund und Quelle des
233 805 1471 856 durch denſelben feſtgeſtellten ſubjektiven Rechts gilt, weil letzte-
234 868 1470 919 res nicht weiter exiſtirt, als es rechtskräftig anerkannt iſt, eben-
234 931 1470 984 ſowenig läßt ſich aus demſelben Grunde die geſetzgebende Ge-
233 992 1472 1046 walt des römiſchen Volks als Grund des Rechts bezeichnen.
232 1058 1476 1110 Nicht das war die römiſche Vorſtellung, als ob das Recht erſt
234 1122 1449 1172 mit dem Staat und der Geſetzgebung in die Welt gekommen;
234 1184 1476 1237 nicht weil es Geſetz, war es Recht, ſondern weil es Recht, war
233 211 283 241 60
419 208 1294 247 Zweites Buch. Erſter Abſchnitt. II. Die Grundtriebe.
236 1367 1477 1404 neat invitus. Haec sunt enim fundamenta firmissima nostrae libertatis,
237 1419 1267 1460 sui quemque juris et retinendi et dimittendi esse dominum.
370 1479 1474 1520 pro domo c. 29: Scilicet cum hoc juris a majoribus proditum sit,
238 1530 1474 1569 ut nemo civis Romanus aut libertatem aut civitatem possit amittere,
239 1580 1478 1622 nisi ipse autor factus sit .... quaero, si aut negasses aut tacuisses (der
237 1630 1478 1675 zu Arrogirende bei Vornahme der Arrogation), si tamen id XXX curiae
234 1682 1479 1723 jussissent, num id jussum esset ratum? Certe non. Quid ita? quia jus
239 1733 1480 1775 a majoribus nostris, qui non ficte et fallaciter populares, sed vere et
238 1783 1478 1826 sapienter fuerunt, ita comparatum est, ut civis Romanus libertatem
239 1834 1478 1875 nemo posset invitus amittere … c. 30: majores nostri … de civitate
239 1884 1480 1926 et libertate ea jura sanxerunt, quae nec vis temporum, nec potentia ma-
239 1934 1477 1976 gistratuum, nec res judicata, nec denique universipopuli Romani
240 1985 1478 2028 potestas, quae ceteris in rebus est maxima, labefactare possit. c. 40:
241 2038 1460 2079 Quid? non exceperas, ut si quod jus non esset rogare, ne esset rogatum?
239 2087 1480 2129 Jus igitur statuetis esse, unius cujusque vestrum sedes, aras, focos,
242 2132 1053 2180 deos penates subjectos esse libidini Tribunitiae?
370 2196 1482 2245 Dieſelbe Verwechſlung, die der oben genannte Schriftſteller ſich hier
238 2246 1480 2292 hat zu Schulden kommen laſſen, brachte vor Jahren Savigny’n wegen ſeiner
241 2297 1479 2342 Lehre über die Entſtehung des Rechts den Vorwurf der demokratiſchen Ten-
239 2348 1480 2392 denz ein. S. über dieſe Verwechſlung Stahl Rechtsphiloſ. Aufl. 2. B. 2.
237 2401 532 2443 Abth. 1. S. 193.
