1600 2635
35 251 1241 310 nehmen kann; die Klage verhält ſich auch bei ihr gegen die
35 312 1216 371 Mehrheit der Gegenſtände vollkommen indifferent.  Das In-
36 376 1241 426 dividualitäts- und Identitätsmoment, welches bei dem
37 439 1240 497 Eigenthum in der Sache, bei der Obligation in dem Ent-
38 501 1241 558 ſtehungsgrunde liegt, beruht hier auf der Delation: ſo
39 561 1244 616 viel Delationen ſo viel Klagen;  denn die Delation
42 625 1244 684 begründet, auch wenn Erbſchaft, Prätendent und Beklagter die-
44 687 1245 745 ſelben ſind, eine neue Frage, indem daraus, daß erſterer nicht im
45 750 1247 805 Teſtament oder in keinem gültigen eingeſetzt iſt, noch nichts für
46 813 1245 868 ſein Inteſtaterbrecht geſchloſſen werden kann, ihm aber anderer-
45 876 1246 931 ſeits nicht zugemuthet werden kann, unbeſtimmt ohne Detaillirung
41 938 1224 991 der causa ſchlechthin ſein „Erbrecht“ zur Verhandlung zu ſtellen;
42 999 1245 1053 denn die Verſchiedenheit des Delationsgrundes iſt beim Erb-
43 1061 1248 1117 recht nicht etwa, wie beim Eigenthum, eine bloße Verſchiedenheit
43 1124 1249 1176 des Grundes des Rechts, ſondern des Rechts ſelbſt, ſie gibt
46 1188 1250 1243 ihm möglicherweiſe z. B. wegen der im Teſtament angeordneten
46 1248 1249 1303 Vermächtniſſe oder abweichend von der Inteſtaterbfolgeordnung
131 162 1130 206 A. Der Proceß. Individualitätsmoment des Erbrechts. §. 51.
1192 160 1239 190 45
200 1402 1252 1440 Nam cum hereditatem peto, et corpora et actiones omnes, quae
48 1448 1252 1491 in hereditate sunt, videntur in petitionem deduci. L. 7 §. 5 de exc. rei
43 1497 1252 1544 jud. (44. 2). Die Klage erſtreckt ſich daher auch auf die Früchte, ohne daß
48 1547 1252 1593 es hier der Erwähnung derſelben bedurfte, L. 13 §. 7 L. 20 §. 2, 16 de
48 1597 1251 1644 her. pet. (5. 3), denn „fructus hereditatem augent L. 40 §. 1 ibid.
49 1647 1252 1692 hereditas et augmentum recipit et deminutionem“ L. 20 §. 3 ibid.
50 1695 1255 1743 L. 178 §. 1 de V. S. (50. 16) — ein Satz, der im Formularproceſſe für
49 1747 1254 1795 den Kläger dieſelbe Bedeutung hatte, wie der in §. 52 zu betrachtende, daß
49 1795 1256 1843 das Pekulium durch die Gegenforderungen des Herrn ipso jure vermindert
50 1854 496 1894 werde, für den Beklagten.
203 1901 1256 1949 L. 8 de her. pet. (4. 3.) Eine weitere Ausführung iſt hier eben
50 1952 1258 2000 ſo wenig am Orte, wie die Verfolgung des Zuſammenhanges, in dem unſer
51 2002 1258 2049 Thema mit der Lehre von der exc. rei jud. ſteht. Zum Beweiſe der Behaup-
52 2053 1257 2099 tung im Text diene ſtatt aller andern Gründe die in jure cessio der heredi-
53 2100 1258 2148 tas legitima, bei der offenbar in der Ceſſions- (und folglich auch in der Vin-
52 2152 1259 2198 dications-) Formel die hereditas als „legitima“ bezeichnet, alſo der
52 2202 1238 2250 Delegationsgrund angegeben geweſen ſein muß, denn man hätte ſonſt die-
53 2251 1258 2300 ſen Ceſſionsfall von dem der hered. testam. nicht unterſcheiden können,
54 2304 976 2350 was doch wegen der ſehr verſchiedenen Folgen wichtig war.
