1600 2680
146 209 1226 263 Haften an der Aeußerlichkeit. II. Die Wortinterpretation. §. 44.
69 299 1326 367 größter Sicherheit dargethan werden kann und auch dem Gegner
69 363 1326 428 nicht unbekannt war. Wer in ſeinem Teſtament ſeinen Sklaven
69 427 1328 493 zum alleinigen Erben einſetzt, gibt damit in der That aufs un-
72 488 1328 557 zweideutigſte zu erkennen, daß er demſelben auch die Freiheit
73 550 1351 619 zuwenden will, denn um Erbe zu werden, muß der Sklav frei
75 618 1332 684 ſein. Allein frei werden und Erbe werden iſt zweierlei, es han-
76 680 1333 745 delt ſich alſo um zwei an ſich völlig von einander unabhängige
75 745 1334 810 Dispoſitionen, die Worte des Teſtators betreffen aber nur eine
75 811 1253 875 derſelben, folglich wird der Sklave weder frei, noch Erbe.
75 874 1336 936 Wenn Jemand für den Fall, daß ſeine Kinder vor ihm ſterben
77 937 1337 1002 ſollten, einen Andern zum Erben einſetzt, ſo iſt offenbar ſeine
77 1002 1336 1065 Vorſtellung die, daß im entgegengeſetzten Fall die Kinder erben
78 1064 1335 1129 ſollen; man könnte letztere alſo auf Grund dieſer indirecten Be-
79 1128 1338 1193 rückſichtigung, auch ohne daß ſie ſelbſt ausdrücklich eingeſetzt
79 1191 1339 1254 ſind, aus dem Teſtament zur Erbſchaft berufen. Allein ſie ſind
80 1256 1340 1320 nicht ausdrücklich eingeſetzt, und folglich iſt, da ſie auch nicht
83 1320 1341 1380 ausdrücklich enterbt ſind, das Teſtament nichtig.  Aehnliche
84 1386 1340 1449 Beiſpiele gewährt das Erbrecht in Menge, namentlich in der
83 1448 1342 1511 Lehre von der Exheredation und Präterition. Der Vater kann
84 1512 1343 1575 ſeine Kinder beliebig von der Erbſchaft ausſchließen, mithin
86 1578 1343 1639 auch unter einer Bedingung. Geſetzt nun der Vater ernennt
85 1639 1347 1702 den Sohn unter einer caſuellen Bedingung zum Erben, ſo iſt
89 1704 1345 1767 offenbar ſeine Meinung, daß derſelbe für den entgegengeſetzten
87 1767 1343 1830 Fall ausgeſchloſſen ſein ſoll. Allein er hätte dies ausdrücklich
89 1832 1346 1896 ſagen müſſen, denn Einſetzung und Enterbung iſt zweierlei; —
88 1896 1345 1957 das Teſtament iſt nichtig.  Die Nichtigkeit tritt ſelbſt dann
1248 205 1323 236 477
269 2061 1346 2110 §. 2 I. quib. ex caus. (1. 6), worin zugleich die Aenderung von
92 2119 465 2164 Juſtinian referirt wird.
270 2164 1344 2207 L. 19 de hered. inst. (28. 5) L. 16 §. 1 de vulg. et pup.
94 2210 1349 2265 subst. (28. 6). Nach den meiſten neuern Pandektenlehrbüchern und ſelbſt
92 2263 1347 2316 nach dem von Puchta (§. 473 not. c) müßte dies noch heutzutage gelten!
94 2321 954 2367 S. dagegen v. Vangerow Leitfaden §. 449 Anm. 1.
274 2364 1348 2420 S. z. B. L. 83 de cond. et dem. (35. 1). Ebenſo verweiſe ich
93 2423 1052 2472 auf die cretio perfecta und imperfecta. Ulp. XXII, 34.
