1600 2586
212 199 1171 246 2. Der Staat — 1. Familienprinzip. Gentilvermögen. §. 14.
112 288 1309 338 iſt.  Die Popularklagen ſind nun ihrer urſprünglichen Idee
112 348 1308 399 nach beſtimmt, jenes eigenthümliche Verhältniß des
110 409 1308 460 ungetheilt-gemeinſamen Rechts zu ſchützen. Jedes
110 470 1310 521 Mitglied iſt an ſich klagberechtigt; wer wirklich Klage erhebt
110 529 1309 582 z. B. wegen Verletzung des gemeinſamen Begräbniſſes, der ver-
113 591 1308 641 tritt dadurch, daß er ſein eigenes Recht geltend macht, zu-
110 652 1310 702 gleich das Intereſſe ſeiner Genoſſen. Sein Klagfundament aber
113 713 1311 763 liegt in ſeinem eignen Recht, und der Umſtand, daß ſeine
112 773 1309 824 Thätigkeit zugleich den andern zu Gute kömmt, gibt ihr keines-
113 832 1309 884 weges den Charakter der Stellvertretung.  Dieſe Klagen laſ-
113 894 1311 943 ſen ſich alſo wegen jener familienartigen Gemeinſamkeit, die ſie
110 954 1309 1002 zu ſchützen beſtimmt ſind, als Ausflüſſe des Familienprinzips
112 1014 1311 1063 bezeichnen. Wenn die ſpätern römiſchen Juriſten in ihnen eine
108 1075 1311 1124 Ausnahme von dem Grundſatz: nemo alieno nomine lege agere
110 1136 1310 1185 potest erblicken, nämlich als ob der Kläger mittelſt ihrer das
110 1195 1311 1245 Recht und Intereſſe des Staats vertrete, ſo iſt dies von ihrem
114 1257 1311 1307 Standpunkt aus richtig, für die ältere Zeit aber verkehrt, und
112 1318 1310 1367 zwar ſelbſt für die res publicae verkehrt. Denn ſowie die Gen-
110 1379 1312 1427 tilſachen nicht im Eigenthum der Gens als gedachter juriſtiſcher
111 1439 1310 1487 Perſönlichkeit, ſondern in dem der Gentilen ſtehen, ſo auch die res
110 1499 1311 1547 publicae nicht in dem des Staats, ſondern ſämmtlicher Staats-
113 1559 1309 1608 angehörigen. Der einzelne alſo, der z. B. wegen Verletzung
112 1619 1310 1669 der Landſtraße klagt, ſtützt ſich auf ſein eignes Recht und In-
112 1680 1312 1730 tereſſe, nur daß die Beziehung dieſer Sache zu ihm hier eine
110 1741 1311 1792 ſchwächere und weniger in die Augen ſpringende iſt, als bei
1241 201 1307 231 187
263 1854 1311 1901 d. h. das ungetheilt-gemeinſame Eigenthum aller Mitglieder einer
117 1909 1311 1949 Corporation ward ſpäter als Eigenthum einer juriſtiſchen Perſon darge-
115 1956 1312 1997 ſtellt. Es wird vielleicht die Zeit kommen, wo man dieſen Schritt wieder zu-
112 2004 1312 2046 rückmacht und mit Aufgabe dieſer Fiction jenes natürliche Verhältniß juri-
112 2049 1313 2094 ſtiſch zu conſtruiren verſucht. Wenn der Verſuch erſt für das deutſche Recht
112 2103 1312 2145 befriedigend gelungen iſt, wird dies für das römiſche Recht ſchwerlich ohne
115 2153 359 2191 Einfluß bleiben.
264 2202 1309 2243 Es läßt ſich hier der Satz anwenden, den die L. 12 pr. de reb.
114 2252 1311 2293 auct. jud. (42. 5) enthält: aliquid ex ordine facit et ideo ceteris quoque
113 2302 241 2340 prodest.
