1600 2635
291 295 1499 357 geſtellte Klage eine perſönliche, ſo war die Sache ziemlich einfach.
290 356 1499 422 Der Kläger gab lediglich den Betrag ſeiner Forderung an,
291 419 1500 482 ohne daß ihm ein gleiches rückſichtlich der Höhe des Pekuliums
291 481 1500 545 obgelegen hätte;  er ſtellte vielmehr ſeinen Antrag nur unbe-
289 543 1499 604 ſtimmt auf Zahlung „bis zum Betrag des Pekuliums“, es be-
287 605 1499 667 durfte mithin nicht, wie bei der Dos, erſt eines Präjudicialver-
288 667 1501 731 fahrens über dieſen Betrag, ſondern dieſer Punkt erledigte ſich
288 729 1503 792 von ſelbſt bei Gelegenheit der Condemnation. Ungleich ſchwieri-
289 791 1504 855 ger aber ſtand die Sache, wenn die angeſtellte Klage eine dingliche
287 853 1504 913 war, alſo z. B. wenn der verſtorbene Herr des Sklaven das
286 911 1503 971 Pekulium ihm ſelber oder irgend einem Andern in Vindications-
286 975 1506 1042 form legirt hatte. Der Legatar konnte hier ſeine Klage nicht auf
285 1038 1500 1104 den Betrag oder den Werth des Pekuliums im Ganzen rich-
286 1100 1443 1163 ten, ſondern er mußte die einzelnen Sachen vindiciren,
286 1163 1504 1226 und von Sachen laſſen ſich Schulden nicht abziehen, denn
285 1223 1505 1288 Eigenthum und Obligation ſind irrationale Größen.  Der
285 1284 1505 1343 Behauptung des Klägers „die Sachen ſind mein“ konnte der
285 1346 1501 1415 Beklagte nicht entgegenſetzen „ich habe eine Forderung“, ſon-
283 1410 1505 1477 dern ſein Forderungsrecht mußte, wenn ſonſt das Abzugsrecht
284 1471 1501 1537 nicht verloren gehen ſollte, in dieſem Fall in eine Eigenthums-
285 1536 1503 1599 quote umſchlagen, das Recht auf einen Werth ſich zum Recht
284 1596 1501 1659 an der Subſtanz verdichten.  Damit waren Minuend und
285 1657 1502 1724 Subtrahend in gleichartige Größen verwandelt, und in demſelben
284 1719 1502 1790 Verhältniß, wie ſich der Betrag der Forderung des Beklagten
291 204 339 234 74
378 205 1424 258 Zweites Buch. Erſter Abſchn. III. Die Technik. A. Die Analytik.
283 1855 1537 1915 erescit, decrescit, moritur zu beziehen. Das Gegenſtück ſ. oben Note 32.
281 1901 1501 1960 Die Herbeiziehung des Begriffs der universitas juris (Dernburg Compen-
281 1950 1499 2010 ſation S. 119—129) iſt zur Erklärung unſerer Regel meiner Anſicht nach
283 2002 781 2046 weder nöthig, noch ausreichend.
432 2053 1500 2108 L. 30 pr. de pec. (15. 1) .. intenditur enim recte, etiamsi nihil
282 2101 511 2140 sit in peculio.
429 2152 1218 2205 L. 56 de R. V. (6. 1) .. singulas res .. petet.
364 2201 1497 2257 L. 5 pr. de imp. (25. 1) .. etenim absurdum est, deminutionem
282 2252 814 2295 corporis fieri propter pecuniam.
430 2301 1500 2353 Dieſer Gegenſatz iſt in der in den vorigen Noten citirten Stelle von
280 2347 650 2393 Ulpian ſehr klar erfaßt.
