<?xml version="1.0" encoding="UTF-8"?>
<PcGts xmlns="http://schema.primaresearch.org/PAGE/gts/pagecontent/2019-07-15" xmlns:xsi="http://www.w3.org/2001/XMLSchema-instance" xsi:schemaLocation="http://schema.primaresearch.org/PAGE/gts/pagecontent/2019-07-15 http://schema.primaresearch.org/PAGE/gts/pagecontent/2019-07-15/pagecontent.xsd">
<Metadata>
<Creator>regJS2PAGE.py</Creator>
<Created>2021-02-16T11:00:23.231280</Created>
<LastChange>2021-02-16T11:00:23.231280</LastChange>
</Metadata>
<Page imageFilename="tmp/jhering_recht03_1865_0060.png" imageWidth="1600" imageHeight="2635">
<TextRegion id="block_0" custom="structure {type:body;}">
<Coords points="277,268 277,321 279,333 279,386 277,396 277,447 276,449 276,510 275,520 275,571 276,582 276,633 276,643 276,702 277,706 277,759 274,768 274,820 275,829 275,883 275,893 275,945 274,954 274,1008 273,1019 273,1072 272,1081 272,1134 273,1143 273,1193 273,1204 346,1204 346,1257 346,1265 274,1265 274,1320 272,1328 272,1381 271,1391 271,1444 271,1453 346,1453 346,1507 346,1515 271,1515 271,1568 270,1579 270,1632 1477,1632 1477,1579 1479,1568 1479,1515 1481,1507 1481,1453 1388,1453 1388,1444 1388,1391 1480,1391 1480,1381 1480,1328 1478,1320 1478,1265 1481,1257 1481,1204 1071,1204 1071,1193 1071,1143 1479,1143 1479,1134 1479,1081 1481,1072 1481,1019 1482,1008 1482,954 1481,945 1481,893 1482,883 1482,829 1482,820 1482,768 1483,759 1483,706 1482,702 1482,643 1476,633 1476,582 1477,571 1477,520 1481,510 1481,449 1478,447 1478,396 1479,386 1479,333 1475,321 1475,268 277,268"/>
<TextLine id="line_0">
<Coords points="277,270 389,270 414,271 638,271 670,272 902,272 916,268 963,268 1015,271 1093,271 1125,272 1208,272 1235,272 1475,272 1475,313 1235,313 1208,311 1125,311 1093,311 1015,311 963,319 916,319 902,321 670,321 638,319 414,319 389,316 277,316 277,270"/>
<Baseline points="277,316 389,316 414,319 638,319 670,321 902,321 916,319 963,319 1015,311 1093,311 1125,311 1208,311 1235,313 1475,313"/>
<TextEquiv><Unicode>poſten umfaſſenden Abrechnung.  Wie beim Mandatsver-</Unicode></TextEquiv>
</TextLine>

<TextLine id="line_1">
<Coords points="279,333 423,333 444,334 478,334 500,335 599,335 618,334 673,334 693,334 771,334 787,335 854,335 867,336 920,336 934,335 1150,335 1166,336 1328,336 1341,336 1479,336 1479,386 1341,386 1328,383 1166,383 1150,382 934,382 920,372 867,372 854,383 787,383 771,382 693,382 673,381 618,381 599,382 500,382 478,380 444,380 423,380 279,380 279,333"/>
<Baseline points="279,380 423,380 444,380 478,380 500,382 599,382 618,381 673,381 693,382 771,382 787,383 854,383 867,372 920,372 934,382 1150,382 1166,383 1328,383 1341,386 1479,386"/>
<TextEquiv><Unicode>hältniß, ſo laſſen ſich auch hier die ſämmtlichen einzelnen Rechts-</Unicode></TextEquiv>
</TextLine>

<TextLine id="line_2">
<Coords points="277,397 431,397 458,400 568,400 581,404 642,404 670,398 790,398 818,396 1071,396 1094,399 1148,399 1174,398 1313,398 1339,399 1478,399 1478,439 1339,439 1313,447 1174,447 1148,436 1094,436 1071,445 818,445 790,435 670,435 642,435 581,435 568,446 458,446 431,446 277,446 277,397"/>
<Baseline points="277,446 431,446 458,446 568,446 581,435 642,435 670,435 790,435 818,445 1071,445 1094,436 1148,436 1174,447 1313,447 1339,439 1478,439"/>
<TextEquiv><Unicode>geſchäfte unter den einen Geſichtspunkt der fremden Vermö-</Unicode></TextEquiv>
</TextLine>

<TextLine id="line_3">
<Coords points="276,449 576,449 599,459 752,459 765,456 811,456 848,459 1049,459 1072,472 1201,472 1218,463 1300,463 1318,462 1364,462 1383,463 1481,463 1481,510 1383,510 1364,500 1318,500 1300,500 1218,500 1201,510 1072,510 1049,506 848,506 811,506 765,506 752,508 599,508 576,508 276,508 276,449"/>
<Baseline points="276,508 576,508 599,508 752,508 765,506 811,506 848,506 1049,506 1072,510 1201,510 1218,500 1300,500 1318,500 1364,500 1383,510 1481,510"/>
<TextEquiv><Unicode>gensverwaltung bringen.  Befremden erregen kann im erſten</Unicode></TextEquiv>
</TextLine>

<TextLine id="line_4">
<Coords points="275,520 437,520 460,521 513,521 532,521 763,521 788,522 848,522 876,522 1051,522 1071,521 1208,521 1238,525 1301,525 1318,525 1373,525 1391,522 1477,522 1477,570 1391,570 1373,563 1318,563 1301,571 1238,571 1208,570 1071,570 1051,570 876,570 848,560 788,560 763,570 532,570 513,560 460,560 437,559 275,559 275,520"/>
<Baseline points="275,559 437,559 460,560 513,560 532,570 763,570 788,560 848,560 876,570 1051,570 1071,570 1208,570 1238,571 1301,571 1318,563 1373,563 1391,570 1477,570"/>
<TextEquiv><Unicode>Moment die Beſtimmung des römiſchen Rechts, daß der Prä-</Unicode></TextEquiv>
</TextLine>

<TextLine id="line_5">
<Coords points="276,584 403,584 427,584 491,584 518,584 585,584 612,582 835,582 862,583 960,583 987,585 1047,585 1070,586 1125,586 1149,592 1217,592 1247,587 1326,587 1354,587 1476,587 1476,624 1354,624 1326,622 1247,622 1217,622 1149,622 1125,623 1070,623 1047,623 987,623 960,633 862,633 835,631 612,631 585,632 518,632 491,621 427,621 403,632 276,632 276,584"/>
<Baseline points="276,632 403,632 427,621 491,621 518,632 585,632 612,631 835,631 862,633 960,633 987,623 1047,623 1070,623 1125,623 1149,622 1217,622 1247,622 1326,622 1354,624 1476,624"/>
<TextEquiv><Unicode>legatar das ihm hinterlaſſene Legat mit der act. fam. ercisc.</Unicode></TextEquiv>
</TextLine>

<TextLine id="line_6">
<Coords points="276,644 443,644 470,646 543,646 556,643 602,643 630,646 737,646 762,646 845,646 862,647 972,647 999,648 1032,648 1057,659 1120,659 1137,648 1190,648 1209,648 1391,648 1409,661 1482,661 1482,697 1409,697 1391,702 1209,702 1190,686 1137,686 1120,686 1057,686 1032,693 999,693 972,696 862,696 845,693 762,693 737,684 630,684 602,692 556,692 543,692 470,692 443,694 276,694 276,644"/>
<Baseline points="276,694 443,694 470,692 543,692 556,692 602,692 630,684 737,684 762,693 845,693 862,696 972,696 999,693 1032,693 1057,686 1120,686 1137,686 1190,686 1209,702 1391,702 1409,697 1482,697"/>
<TextEquiv><Unicode>einklagen ſoll,  indem dieſe Klage ja nur die Erbtheile zum</Unicode></TextEquiv>
</TextLine>

<TextLine id="line_7">
<Coords points="277,706 507,706 527,707 596,707 615,708 668,708 682,707 798,707 817,708 892,708 912,709 980,709 997,709 1087,709 1100,708 1208,708 1223,710 1352,710 1373,712 1483,712 1483,750 1373,750 1352,759 1223,759 1208,758 1100,758 1087,758 997,758 980,747 912,747 892,746 817,746 798,756 682,756 668,755 615,755 596,755 527,755 507,756 277,756 277,706"/>
<Baseline points="277,756 507,756 527,755 596,755 615,755 668,755 682,756 798,756 817,746 892,746 912,747 980,747 997,758 1087,758 1100,758 1208,758 1223,759 1352,759 1373,750 1483,750"/>
<TextEquiv><Unicode>Gegenſtande hat, für Legate aber eine eigne Klage beſteht. Allein</Unicode></TextEquiv>
</TextLine>

<TextLine id="line_8">
<Coords points="274,771 339,771 358,768 523,768 543,769 669,769 687,770 765,770 784,770 985,770 1012,773 1067,773 1084,770 1209,770 1227,783 1290,783 1310,774 1379,774 1397,773 1482,773 1482,813 1397,813 1379,811 1310,811 1290,810 1227,810 1209,810 1084,810 1067,809 1012,809 985,820 784,820 765,816 687,816 669,817 543,817 523,818 358,818 339,807 274,807 274,771"/>
<Baseline points="274,807 339,807 358,818 523,818 543,817 669,817 687,816 765,816 784,820 985,820 1012,809 1067,809 1084,810 1209,810 1227,810 1290,810 1310,811 1379,811 1397,813 1482,813"/>
<TextEquiv><Unicode>das Prälegat enthält nach Auffaſſung der Römer nur eine Ver-</Unicode></TextEquiv>
</TextLine>

<TextLine id="line_9">
<Coords points="275,831 408,831 433,832 513,832 537,831 589,831 613,829 852,829 880,833 935,833 961,833 1130,833 1160,836 1227,836 1259,835 1332,835 1362,836 1482,836 1482,883 1362,883 1332,883 1259,883 1227,873 1160,873 1130,881 961,881 935,871 880,871 852,881 613,881 589,869 537,869 513,869 433,869 408,880 275,880 275,831"/>
<Baseline points="275,880 408,880 433,869 513,869 537,869 589,869 613,881 852,881 880,871 935,871 961,881 1130,881 1160,873 1227,873 1259,883 1332,883 1362,883 1482,883"/>
<TextEquiv><Unicode>fügung über die Realtheilung der Erbmaſſe und fällt mithin</Unicode></TextEquiv>
</TextLine>

<TextLine id="line_10">
<Coords points="275,898 372,898 389,895 439,895 453,893 802,893 831,895 904,895 916,898 971,898 985,896 1120,896 1134,898 1282,898 1295,898 1481,898 1481,937 1295,937 1282,945 1134,945 1120,944 985,944 971,933 916,933 904,943 831,943 802,943 453,943 439,930 389,930 372,930 275,930 275,898"/>
<Baseline points="275,930 372,930 389,930 439,930 453,943 802,943 831,943 904,943 916,933 971,933 985,944 1120,944 1134,945 1282,945 1295,937 1481,937"/>
<TextEquiv><Unicode>unter die Erbtheilungsklage. Auf der Gränze zwiſchen Kriminal-</Unicode></TextEquiv>
</TextLine>

<TextLine id="line_11">
<Coords points="274,958 342,958 359,954 571,954 592,957 672,957 690,957 746,957 763,955 1111,955 1132,961 1187,961 1206,960 1331,960 1350,962 1412,962 1429,962 1482,962 1482,1001 1429,1001 1412,1000 1350,1000 1331,1008 1206,1008 1187,999 1132,999 1111,1007 763,1007 746,994 690,994 672,1006 592,1006 571,1003 359,1003 342,993 274,993 274,958"/>
<Baseline points="274,993 342,993 359,1003 571,1003 592,1006 672,1006 690,994 746,994 763,1007 1111,1007 1132,999 1187,999 1206,1008 1331,1008 1350,1000 1412,1000 1429,1001 1482,1001"/>
<TextEquiv><Unicode>und Civilproceß liegt der Repetundenproceß, der ähnlich wie die</Unicode></TextEquiv>
</TextLine>

<TextLine id="line_12">
<Coords points="273,1019 384,1019 410,1023 476,1023 503,1021 557,1021 573,1019 699,1019 727,1020 779,1020 805,1020 980,1020 998,1021 1218,1021 1237,1025 1296,1025 1316,1023 1481,1023 1481,1063 1316,1063 1296,1062 1237,1062 1218,1072 998,1072 980,1069 805,1069 779,1057 727,1057 699,1065 573,1065 557,1057 503,1057 476,1056 410,1056 384,1067 273,1067 273,1019"/>
<Baseline points="273,1067 384,1067 410,1056 476,1056 503,1057 557,1057 573,1065 699,1065 727,1057 779,1057 805,1069 980,1069 998,1072 1218,1072 1237,1062 1296,1062 1316,1063 1481,1063"/>
<TextEquiv><Unicode>Klage aus der Tutel, die geſammte Verwaltung des Beamten</Unicode></TextEquiv>
</TextLine>

<TextLine id="line_13">
<Coords points="272,1081 341,1081 367,1081 431,1081 463,1083 590,1083 618,1081 671,1081 695,1082 780,1082 805,1082 957,1082 983,1084 1317,1084 1347,1086 1403,1086 1432,1099 1479,1099 1479,1125 1432,1125 1403,1134 1347,1134 1317,1133 983,1133 957,1131 805,1131 780,1129 695,1129 671,1128 618,1128 590,1119 463,1119 431,1118 367,1118 341,1118 272,1118 272,1081"/>
<Baseline points="272,1118 341,1118 367,1118 431,1118 463,1119 590,1119 618,1128 671,1128 695,1129 780,1129 805,1131 957,1131 983,1133 1317,1133 1347,1134 1403,1134 1432,1125 1479,1125"/>
<TextEquiv><Unicode>und alle daraus für ſeine früheren Amtseingeſeſſenen ſich er-</Unicode></TextEquiv>
</TextLine>

<TextLine id="line_14">
<Coords points="273,1143 437,1143 456,1143 642,1143 659,1154 730,1154 751,1143 979,1143 1001,1145 1071,1145 1071,1193 1001,1193 979,1193 751,1193 730,1189 659,1189 642,1191 456,1191 437,1191 273,1191 273,1143"/>
<Baseline points="273,1191 437,1191 456,1191 642,1191 659,1189 730,1189 751,1193 979,1193 1001,1193 1071,1193"/>
<TextEquiv><Unicode>gebenden Anſprüche zum Gegenſtande hat.</Unicode></TextEquiv>
</TextLine>

<TextLine id="line_15">
<Coords points="346,1204 415,1204 440,1205 607,1205 624,1205 854,1205 881,1207 937,1207 961,1209 1025,1209 1044,1207 1309,1207 1336,1211 1400,1211 1416,1209 1481,1209 1481,1248 1416,1248 1400,1247 1336,1247 1309,1257 1044,1257 1025,1246 961,1246 937,1255 881,1255 854,1255 624,1255 607,1254 440,1254 415,1243 346,1243 346,1204"/>
<Baseline points="346,1243 415,1243 440,1254 607,1254 624,1255 854,1255 881,1255 937,1255 961,1246 1025,1246 1044,1257 1309,1257 1336,1247 1400,1247 1416,1248 1481,1248"/>
<TextEquiv><Unicode>Die bisherige Ausführung hat den Geſichtspunkt, den wir</Unicode></TextEquiv>
</TextLine>

<TextLine id="line_16">
<Coords points="274,1266 358,1266 372,1265 440,1265 455,1265 518,1265 538,1267 590,1267 608,1267 661,1267 673,1267 883,1267 902,1269 1084,1269 1102,1271 1221,1271 1244,1282 1346,1282 1364,1271 1478,1271 1478,1319 1364,1319 1346,1320 1244,1320 1221,1318 1102,1318 1084,1318 902,1318 883,1317 673,1317 661,1305 608,1305 590,1314 538,1314 518,1314 455,1314 440,1311 372,1311 358,1304 274,1304 274,1266"/>
<Baseline points="274,1304 358,1304 372,1311 440,1311 455,1314 518,1314 538,1314 590,1314 608,1305 661,1305 673,1317 883,1317 902,1318 1084,1318 1102,1318 1221,1318 1244,1320 1346,1320 1364,1319 1478,1319"/>
<TextEquiv><Unicode>oben (S. 39) für die Obligation aufgeſtellt haben, gegen ſchein-</Unicode></TextEquiv>
</TextLine>

<TextLine id="line_17">
<Coords points="272,1329 350,1329 372,1328 640,1328 665,1330 702,1330 720,1329 838,1329 865,1331 1004,1331 1031,1332 1153,1332 1182,1336 1251,1336 1276,1334 1339,1334 1363,1333 1480,1333 1480,1381 1363,1381 1339,1371 1276,1371 1251,1371 1182,1371 1153,1379 1031,1379 1004,1378 865,1378 838,1378 720,1378 702,1367 665,1367 640,1378 372,1378 350,1366 272,1366 272,1329"/>
<Baseline points="272,1366 350,1366 372,1378 640,1378 665,1367 702,1367 720,1378 838,1378 865,1378 1004,1378 1031,1379 1153,1379 1182,1371 1251,1371 1276,1371 1339,1371 1363,1381 1480,1381"/>
<TextEquiv><Unicode>bare Abweichungen in Schutz nehmen ſollen, und wir dürfen</Unicode></TextEquiv>
</TextLine>

<TextLine id="line_18">
<Coords points="271,1391 337,1391 355,1391 444,1391 452,1391 554,1391 573,1391 824,1391 843,1394 963,1394 982,1392 1068,1392 1087,1395 1199,1395 1217,1395 1388,1395 1388,1443 1217,1443 1199,1434 1087,1434 1068,1444 982,1444 963,1441 843,1441 824,1442 573,1442 554,1438 452,1438 444,1438 355,1438 337,1438 271,1438 271,1391"/>
<Baseline points="271,1438 337,1438 355,1438 444,1438 452,1438 554,1438 573,1442 824,1442 843,1441 963,1441 982,1444 1068,1444 1087,1434 1199,1434 1217,1443 1388,1443"/>
<TextEquiv><Unicode>jetzt nach dieſer Abſchweifung unſern Weg weiter fortſetzen.</Unicode></TextEquiv>
</TextLine>

<TextLine id="line_19">
<Coords points="346,1453 441,1453 460,1459 537,1459 558,1455 641,1455 661,1454 729,1454 752,1455 816,1455 836,1464 903,1464 920,1458 975,1458 992,1457 1200,1457 1219,1458 1329,1458 1348,1458 1396,1458 1419,1458 1481,1458 1481,1507 1419,1507 1396,1505 1348,1505 1329,1507 1219,1507 1200,1505 992,1505 975,1494 920,1494 903,1494 836,1494 816,1502 752,1502 729,1499 661,1499 641,1492 558,1492 537,1492 460,1492 441,1491 346,1491 346,1453"/>
<Baseline points="346,1491 441,1491 460,1492 537,1492 558,1492 641,1492 661,1499 729,1499 752,1502 816,1502 836,1494 903,1494 920,1494 975,1494 992,1505 1200,1505 1219,1507 1329,1507 1348,1505 1396,1505 1419,1507 1481,1507"/>
<TextEquiv><Unicode>Alles was oben (S. 40) von der Obligation geſagt iſt, gilt</Unicode></TextEquiv>
</TextLine>

<TextLine id="line_20">
<Coords points="271,1516 349,1516 376,1515 430,1515 456,1517 520,1517 542,1516 706,1516 758,1516 836,1516 860,1519 951,1519 982,1519 1019,1519 1043,1519 1121,1519 1146,1520 1198,1520 1217,1519 1383,1519 1409,1521 1479,1521 1479,1558 1409,1558 1383,1568 1217,1568 1198,1558 1146,1558 1121,1566 1043,1566 1019,1565 982,1565 951,1565 860,1565 836,1556 758,1556 706,1564 542,1564 520,1554 456,1554 430,1564 376,1564 349,1563 271,1563 271,1516"/>
<Baseline points="271,1563 349,1563 376,1564 430,1564 456,1554 520,1554 542,1564 706,1564 758,1556 836,1556 860,1565 951,1565 982,1565 1019,1565 1043,1566 1121,1566 1146,1558 1198,1558 1217,1568 1383,1568 1409,1558 1479,1558"/>
<TextEquiv><Unicode>auch für das Erbrecht. Wie jene, iſt auch die Erbſchaft eine</Unicode></TextEquiv>
</TextLine>

<TextLine id="line_21">
<Coords points="270,1579 365,1579 388,1579 543,1579 556,1580 669,1580 690,1580 805,1580 824,1580 963,1580 980,1581 1046,1581 1064,1583 1133,1583 1152,1583 1261,1583 1281,1583 1317,1583 1332,1581 1388,1581 1404,1583 1477,1583 1477,1631 1404,1631 1388,1630 1332,1630 1317,1621 1281,1621 1261,1632 1152,1632 1133,1619 1064,1619 1046,1620 980,1620 963,1630 824,1630 805,1622 690,1622 669,1625 556,1625 543,1627 388,1627 365,1624 270,1624 270,1579"/>
<Baseline points="270,1624 365,1624 388,1627 543,1627 556,1625 669,1625 690,1622 805,1622 824,1630 963,1630 980,1620 1046,1620 1064,1619 1133,1619 1152,1632 1261,1632 1281,1621 1317,1621 1332,1630 1388,1630 1404,1631 1477,1631"/>
<TextEquiv><Unicode>leere, elaſtiſche Form, welche beliebig viel und wenig in ſich auf-</Unicode></TextEquiv>
</TextLine>

</TextRegion>
<TextRegion id="block_1" custom="structure {type:pageNum;}">
<Coords points="277,180 277,209 325,209 325,180 277,180"/>
<TextLine id="line_22">
<Coords points="277,180 325,180 325,209 277,209 277,180"/>
<Baseline points="277,209 325,209"/>
<TextEquiv><Unicode>44</Unicode></TextEquiv>
</TextLine>

</TextRegion>
<TextRegion id="block_2" custom="structure {type:header;}">
<Coords points="372,180 372,221 1415,221 1415,180 372,180"/>
<TextLine id="line_23">
<Coords points="372,180 494,180 509,180 601,180 619,181 710,181 724,181 841,181 867,182 916,182 935,181 992,181 1005,181 1128,181 1149,183 1183,183 1202,181 1260,181 1275,182 1415,182 1415,221 1275,221 1260,214 1202,214 1183,212 1149,212 1128,220 1005,220 992,213 935,213 916,211 867,211 841,219 724,219 710,220 619,220 601,220 509,220 494,215 372,215 372,180"/>
<Baseline points="372,215 494,215 509,220 601,220 619,220 710,220 724,219 841,219 867,211 916,211 935,213 992,213 1005,220 1128,220 1149,212 1183,212 1202,214 1260,214 1275,221 1415,221"/>
<TextEquiv><Unicode>Zweites Buch. Erſter Abſchn. III. Die Technik. A. Die Analytik.</Unicode></TextEquiv>
</TextLine>

</TextRegion>
<TextRegion id="block_3" custom="structure {type:note;}">
<Coords points="347,1678 347,1720 347,1727 268,1727 268,1766 268,1775 422,1775 422,1821 422,1826 267,1826 267,1868 267,1875 267,1920 266,1924 266,1969 266,1974 266,2021 268,2025 268,2070 266,2074 266,2122 267,2126 267,2169 267,2177 422,2177 422,2220 417,2225 417,2271 417,2274 265,2274 265,2322 268,2326 268,2367 583,2367 583,2326 1474,2326 1474,2322 1474,2274 1473,2271 1473,2225 1099,2225 1099,2220 1099,2177 719,2177 719,2169 719,2126 1476,2126 1476,2122 1476,2074 1477,2070 1477,2025 1476,2021 1476,1974 1476,1969 1476,1924 1477,1920 1477,1875 1478,1868 1478,1826 1479,1821 1479,1775 953,1775 953,1766 953,1727 1477,1727 1477,1720 1477,1678 347,1678"/>
<TextLine id="line_24">
<Coords points="347,1678 398,1678 421,1679 456,1679 468,1680 520,1680 531,1679 715,1679 731,1680 839,1680 855,1702 861,1702 877,1703 903,1703 922,1681 1026,1681 1043,1683 1221,1683 1238,1683 1392,1683 1402,1683 1477,1683 1477,1711 1402,1711 1392,1719 1238,1719 1221,1720 1043,1720 1026,1718 922,1718 903,1709 877,1709 861,1709 855,1709 839,1717 731,1717 715,1708 531,1708 520,1716 468,1716 456,1708 421,1708 398,1715 347,1715 347,1678"/>
<Baseline points="347,1715 398,1715 421,1708 456,1708 468,1716 520,1716 531,1708 715,1708 731,1717 839,1717 855,1709 861,1709 877,1709 903,1709 922,1718 1026,1718 1043,1720 1221,1720 1238,1719 1392,1719 1402,1711 1477,1711"/>
<TextEquiv><Unicode>L. 6 §. 3 de edendo (2. 13) … dandi, accipiendi, credendi, obli-</Unicode></TextEquiv>
</TextLine>

<TextLine id="line_25">
<Coords points="268,1727 369,1727 387,1728 523,1728 543,1730 588,1730 606,1738 695,1738 713,1731 953,1731 953,1766 713,1766 695,1757 606,1757 588,1757 543,1757 523,1757 387,1757 369,1763 268,1763 268,1727"/>
<Baseline points="268,1763 369,1763 387,1757 523,1757 543,1757 588,1757 606,1757 695,1757 713,1766 953,1766"/>
<TextEquiv><Unicode>gandi, solvendi sui causa negotiationem.</Unicode></TextEquiv>
</TextLine>

<TextLine id="line_26">
<Coords points="422,1775 473,1775 490,1782 520,1782 535,1776 608,1776 628,1785 682,1785 704,1780 750,1780 771,1781 873,1781 889,1779 973,1779 993,1779 1053,1779 1070,1781 1191,1781 1211,1782 1303,1782 1327,1780 1394,1780 1415,1782 1479,1782 1479,1812 1415,1812 1394,1821 1327,1821 1303,1820 1211,1820 1191,1820 1070,1820 1053,1811 993,1811 973,1811 889,1811 873,1810 771,1810 750,1810 704,1810 682,1809 628,1809 608,1815 535,1815 520,1808 490,1808 473,1807 422,1807 422,1775"/>
<Baseline points="422,1807 473,1807 490,1808 520,1808 535,1815 608,1815 628,1809 682,1809 704,1810 750,1810 771,1810 873,1810 889,1811 973,1811 993,1811 1053,1811 1070,1820 1191,1820 1211,1820 1303,1820 1327,1821 1394,1821 1415,1812 1479,1812"/>
<TextEquiv><Unicode>Ob es nicht von der andern Seite eine ähnliche Klage gab, dar-</Unicode></TextEquiv>
</TextLine>

<TextLine id="line_27">
<Coords points="267,1826 333,1826 355,1826 501,1826 521,1827 615,1827 629,1826 766,1826 795,1828 955,1828 978,1830 1075,1830 1097,1834 1142,1834 1155,1831 1339,1831 1353,1838 1408,1838 1420,1833 1478,1833 1478,1862 1420,1862 1408,1862 1353,1862 1339,1864 1155,1864 1142,1863 1097,1863 1075,1863 978,1863 955,1868 795,1868 766,1860 629,1860 615,1865 521,1865 501,1866 355,1866 333,1855 267,1855 267,1826"/>
<Baseline points="267,1855 333,1855 355,1866 501,1866 521,1865 615,1865 629,1860 766,1860 795,1868 955,1868 978,1863 1075,1863 1097,1863 1142,1863 1155,1864 1339,1864 1353,1862 1408,1862 1420,1862 1478,1862"/>
<TextEquiv><Unicode>über ſchweigen unſere Quellen. Jedenfalls konnte der Committent von dem</Unicode></TextEquiv>
</TextLine>

<TextLine id="line_28">
<Coords points="267,1875 416,1875 437,1877 618,1877 640,1878 791,1878 816,1880 863,1880 883,1883 900,1883 924,1891 967,1891 986,1882 1022,1882 1045,1883 1157,1883 1173,1885 1203,1885 1222,1883 1292,1883 1314,1882 1411,1882 1429,1881 1477,1881 1477,1919 1429,1919 1411,1919 1314,1919 1292,1920 1222,1920 1203,1912 1173,1912 1157,1911 1045,1911 1022,1910 986,1910 967,1919 924,1919 900,1910 883,1910 863,1916 816,1916 791,1918 640,1918 618,1918 437,1918 416,1914 267,1914 267,1875"/>
<Baseline points="267,1914 416,1914 437,1918 618,1918 640,1918 791,1918 816,1916 863,1916 883,1910 900,1910 924,1919 967,1919 986,1910 1022,1910 1045,1911 1157,1911 1173,1912 1203,1912 1222,1920 1292,1920 1314,1919 1411,1919 1429,1919 1477,1919"/>
<TextEquiv><Unicode>Banquier Abrechnung verlangen (L. 4 pr. de edendo 2. 13), welche ſich</Unicode></TextEquiv>
</TextLine>

<TextLine id="line_29">
<Coords points="266,1924 401,1924 416,1926 483,1926 497,1927 664,1927 678,1927 778,1927 793,1935 848,1935 864,1928 953,1928 963,1929 1068,1929 1081,1931 1209,1931 1224,1932 1272,1932 1283,1933 1300,1933 1310,1933 1337,1933 1348,1933 1364,1933 1374,1933 1476,1933 1476,1968 1374,1968 1364,1962 1348,1962 1337,1969 1310,1969 1300,1960 1283,1960 1272,1968 1224,1968 1209,1968 1081,1968 1068,1961 963,1961 953,1960 864,1960 848,1960 793,1960 778,1966 678,1966 664,1965 497,1965 483,1957 416,1957 401,1961 266,1961 266,1924"/>
<Baseline points="266,1961 401,1961 416,1957 483,1957 497,1965 664,1965 678,1966 778,1966 793,1960 848,1960 864,1960 953,1960 963,1961 1068,1961 1081,1968 1209,1968 1224,1968 1272,1968 1283,1960 1300,1960 1310,1969 1337,1969 1348,1962 1364,1962 1374,1968 1476,1968"/>
<TextEquiv><Unicode>natürlich über ſämmtliche Poſten von beiden Seiten erſtreckte (L. 6 §. 3 ibid.).</Unicode></TextEquiv>
</TextLine>

<TextLine id="line_30">
<Coords points="266,1974 311,1974 325,1977 371,1977 384,1976 582,1976 597,1979 645,1979 661,1981 768,1981 783,1979 828,1979 842,1978 889,1978 904,1978 952,1978 967,1981 1130,1981 1145,1981 1345,1981 1361,1980 1413,1980 1428,1980 1476,1980 1476,2020 1428,2020 1413,2019 1361,2019 1345,2019 1145,2019 1130,2021 967,2021 952,2017 904,2017 889,2019 842,2019 828,2017 783,2017 768,2010 661,2010 645,2009 597,2009 582,2017 384,2017 371,2006 325,2006 311,2009 266,2009 266,1974"/>
<Baseline points="266,2009 311,2009 325,2006 371,2006 384,2017 582,2017 597,2009 645,2009 661,2010 768,2010 783,2017 828,2017 842,2019 889,2019 904,2017 952,2017 967,2021 1130,2021 1145,2019 1345,2019 1361,2019 1413,2019 1428,2020 1476,2020"/>
<TextEquiv><Unicode>In der Anerkennung des daraus für ihn ſich ergebenden Ueberſchuſſes ließ ſich</Unicode></TextEquiv>
</TextLine>

<TextLine id="line_31">
<Coords points="268,2025 310,2025 335,2028 525,2028 550,2026 640,2026 657,2029 706,2029 723,2030 761,2030 779,2030 812,2030 828,2035 923,2035 942,2041 1008,2041 1027,2032 1074,2032 1093,2033 1124,2033 1136,2052 1144,2052 1169,2031 1266,2031 1287,2031 1416,2031 1435,2032 1477,2032 1477,2063 1435,2063 1416,2069 1287,2069 1266,2062 1169,2062 1144,2069 1136,2069 1124,2070 1093,2070 1074,2061 1027,2061 1008,2069 942,2069 923,2060 828,2060 812,2059 779,2059 761,2062 723,2062 706,2068 657,2068 640,2066 550,2066 525,2057 335,2057 310,2056 268,2056 268,2025"/>
<Baseline points="268,2056 310,2056 335,2057 525,2057 550,2066 640,2066 657,2068 706,2068 723,2062 761,2062 779,2059 812,2059 828,2060 923,2060 942,2069 1008,2069 1027,2061 1074,2061 1093,2070 1124,2070 1136,2069 1144,2069 1169,2062 1266,2062 1287,2069 1416,2069 1435,2063 1477,2063"/>
<TextEquiv><Unicode>ein constitutum finden (L. 26 de const. pec. 13. 5), womit vielleicht die</Unicode></TextEquiv>
</TextLine>

<TextLine id="line_32">
<Coords points="266,2074 295,2074 319,2076 353,2076 370,2078 387,2078 411,2077 437,2077 454,2079 472,2079 494,2078 566,2078 585,2080 620,2080 643,2084 739,2084 756,2090 821,2090 847,2081 889,2081 911,2081 959,2081 986,2081 1128,2081 1152,2082 1291,2082 1312,2084 1411,2084 1434,2082 1476,2082 1476,2114 1434,2114 1411,2122 1312,2122 1291,2120 1152,2120 1128,2121 986,2121 959,2118 911,2118 889,2112 847,2112 821,2119 756,2119 739,2110 643,2110 620,2108 585,2108 566,2108 494,2108 472,2107 454,2107 437,2115 411,2115 387,2107 370,2107 353,2106 319,2106 295,2106 266,2106 266,2074"/>
<Baseline points="266,2106 295,2106 319,2106 353,2106 370,2107 387,2107 411,2115 437,2115 454,2107 472,2107 494,2108 566,2108 585,2108 620,2108 643,2110 739,2110 756,2119 821,2119 847,2112 889,2112 911,2118 959,2118 986,2121 1128,2121 1152,2120 1291,2120 1312,2122 1411,2122 1434,2114 1476,2114"/>
<TextEquiv><Unicode>in L. 2 §. 2 Cod. de const. pec. (4. 18) erwähnte beſondere Uſance bei</Unicode></TextEquiv>
</TextLine>

<TextLine id="line_33">
<Coords points="267,2126 451,2126 465,2129 719,2129 719,2169 465,2169 451,2165 267,2165 267,2126"/>
<Baseline points="267,2165 451,2165 465,2169 719,2169"/>
<TextEquiv><Unicode>Argentarien zuſammenhängt.</Unicode></TextEquiv>
</TextLine>

<TextLine id="line_34">
<Coords points="422,2177 491,2177 507,2178 533,2178 551,2180 576,2180 595,2180 664,2180 681,2180 716,2180 736,2181 812,2181 830,2183 848,2183 864,2182 899,2182 915,2182 972,2182 994,2181 1005,2181 1021,2183 1099,2183 1099,2219 1021,2219 1005,2211 994,2211 972,2220 915,2220 899,2211 864,2211 848,2210 830,2210 812,2218 736,2218 716,2210 681,2210 664,2218 595,2218 576,2217 551,2217 533,2208 507,2208 491,2216 422,2216 422,2177"/>
<Baseline points="422,2216 491,2216 507,2208 533,2208 551,2217 576,2217 595,2218 664,2218 681,2210 716,2210 736,2218 812,2218 830,2210 848,2210 864,2211 899,2211 915,2220 972,2220 994,2211 1005,2211 1021,2219 1099,2219"/>
<TextEquiv><Unicode>Gaj. II §. 219, L. 17 §. 2 de leg. I (30).</Unicode></TextEquiv>
</TextLine>

<TextLine id="line_35">
<Coords points="417,2225 587,2225 602,2230 626,2230 641,2230 677,2230 688,2230 740,2230 757,2233 791,2233 808,2233 860,2233 879,2231 1027,2231 1038,2231 1084,2231 1097,2231 1142,2231 1158,2242 1248,2242 1263,2235 1473,2235 1473,2271 1263,2271 1248,2262 1158,2262 1142,2262 1097,2262 1084,2270 1038,2270 1027,2271 879,2271 860,2269 808,2269 791,2262 757,2262 740,2265 688,2265 677,2259 641,2259 626,2260 602,2260 587,2259 417,2259 417,2225"/>
<Baseline points="417,2259 587,2259 602,2260 626,2260 641,2259 677,2259 688,2265 740,2265 757,2262 791,2262 808,2269 860,2269 879,2271 1027,2271 1038,2270 1084,2270 1097,2262 1142,2262 1158,2262 1248,2262 1263,2271 1473,2271"/>
<TextEquiv><Unicode>Quintilian I. O. III, 10 §. 1 bezeichnet ihn als causa conjuncta</Unicode></TextEquiv>
</TextLine>

<TextLine id="line_36">
<Coords points="265,2274 304,2274 319,2275 469,2275 490,2286 537,2286 552,2280 689,2280 711,2280 775,2280 797,2289 824,2289 847,2283 975,2283 998,2283 1219,2283 1238,2284 1370,2284 1385,2294 1474,2294 1474,2322 1385,2322 1370,2322 1238,2322 1219,2312 998,2312 975,2321 847,2321 824,2312 797,2312 775,2311 711,2311 689,2319 552,2319 537,2317 490,2317 469,2317 319,2317 304,2307 265,2307 265,2274"/>
<Baseline points="265,2307 304,2307 319,2317 469,2317 490,2317 537,2317 552,2319 689,2319 711,2311 775,2311 797,2312 824,2312 847,2321 975,2321 998,2312 1219,2312 1238,2322 1370,2322 1385,2322 1474,2322"/>
<TextEquiv><Unicode>im Gegenſatz zur simplex, weil er „plures controversiae ejusdem gene-</Unicode></TextEquiv>
</TextLine>

<TextLine id="line_37">
<Coords points="268,2328 336,2328 354,2326 382,2326 398,2326 446,2326 462,2327 583,2327 583,2367 462,2367 446,2365 398,2365 382,2357 354,2357 336,2356 268,2356 268,2328"/>
<Baseline points="268,2356 336,2356 354,2357 382,2357 398,2365 446,2365 462,2367 583,2367"/>
<TextEquiv><Unicode>ris“ in ſich ſchließe.</Unicode></TextEquiv>
</TextLine>

</TextRegion>
</Page>
</PcGts>