1600 2659
120 217 1220 260 A. Stellung des Indiv. Syſtem der Autonomie. Eigenthum. §. 31.
79 308 1309 358 namentlich in einem Lande mit unebenem, abſchüſſigem Terrain
78 371 1310 425 unausführbar iſt, die unendlich wichtige Waſſerfrage mithin
77 433 1309 486 nicht der Willkühr des Einzelnen überlaſſen bleiben kann, liegt
77 495 1316 550 auf der Hand. Hier trafen bereits die XII Tafeln die nöthige
77 555 1309 612 Vorſorge.  Ebenſo kann jeder Eigenthümer ſeine Gebäude
77 624 1308 675 u. ſ. w. verfallen laſſen, und der Strenge nach würde das
76 686 1310 740 dadurch im äußerſten Grade gefährdete Intereſſe des Nachbarn
78 751 1309 801 keinen Gegengrund abgeben. Das ältere Recht ertheilte aber
75 812 1306 864 dem dabei Intereſſirten ein Schutzmittel; von welcher Beſchaf-
74 875 1307 924 fenheit, wiſſen wir nicht, nur läßt ſich annehmen, daß es
73 938 1309 989 hierbei mit nicht geringerer Mäßigung gegen den Eigenthümer
73 999 1307 1051 der ſchadhaften Sache verfahren iſt, als das ſpätere.  Letzte-
75 1063 1307 1114 res verpflichtete nämlich den Eigenthümer nicht unbedingt zur
73 1127 1308 1177 Reparatur und nicht einmal zum Schadenserſatz, wenn derſelbe
71 1187 1308 1239 nicht im voraus verſprochen war, ſondern es ſtellte ihm nur die
72 1253 1303 1304 Alternative: entweder dem Nachbar, wenn er darauf drang,
73 1316 1306 1368 wegen des künftigen Schadens Sicherheit zu gewähren (cautio
72 1379 1307 1430 damni infecti), oder ihm die Reparatur und das Gefahr drohende
71 1441 1305 1491 Werk ſelbſt abzutreten. Eine andere Beſchränkung, die bereits in
69 1502 1303 1556 den XII Tafeln enthalten war, bezog ſich auf das einen um den
72 1566 1305 1616 andern Tag verſtattete Aufſammeln des auf das benachbarte
73 1627 1306 1680 Grundſtück gefallenen Obſtes, ſowie auf das Beſchneiden der
71 1691 1226 1742 dem angränzenden Grundſtücke zu nahe ſtehenden Bäume.
70 1754 1304 1805 Auf dieſe Beſtimmungen hat ſich übrigens die Rückſicht auf den
69 1815 1303 1872 Nachbarn auch beſchränkt; darüber hinaus legt ſie dem Eigen-
1242 217 1308 247 153
224 1937 1303 1981 L. 21 de statulib. (40. 7) .. verba legis XII tabul: si aqua plu-
71 1992 236 2021 via nocet.
227 2036 1302 2082 Man hatte ſpäter die Wahl zwiſchen dem Wege des ältern Rechts
72 2090 1302 2133 (legis actio) und dem des neuern, zog aber den letztern vor, weil er das
72 2141 1303 2183 commodius und plenius jus enthalte (Gaj. IV. §. 31.), alſo war der
71 2189 1303 2235 ältere, wenn für den Kläger weniger vortheilhaft, für den Beklagten minder
68 2241 208 2272 drückend.
226 2290 1301 2334 Außerdem ließe ſich von Beſtimmungen im landwirthſchaftlichen
66 2339 1302 2385 Intereſſe die act. de tigno juncto in ihrer Anwendbarkeit auf die zum Wein-
68 2391 710 2435 bau verwandten fremden Pfähle nennen.
