1600 2659
42 300 1277 352 zugt werde, das iſt es, was die römiſche Gleichheit will. Die
42 362 1276 414 Ungleichheit des Reſultats, die die natürliche Folge der Ver-
41 416 1277 477 ſchiedenheit der Kräfte iſt, oder die durch die Zwecke des Staats
42 480 1277 540 bedingt wird, hat für die Römer nichts Verletzendes. Ungleich-
42 550 1279 603 heit in der Lebensſtellung, Rang, Stand, Ehre, politiſchem
45 613 1279 665 Einfluß, Vermögen u. ſ. w. erſchien dem Römer nicht als ein
46 676 1279 728 Verſtoß gegen das republikaniſche Prinzip. Willig zollte er
44 740 1279 791 jenen Vorzügen ſeine Achtung, und von einem Haſſe gegen die
44 801 1274 853 Beſitzenden, dieſer traurigen Erſcheinung der heutigen Zeit,
42 864 1277 917 findet ſich keine Spur. Der Grund lag darin, daß dieſe Ver-
41 928 1276 981 ſchiedenheiten in Rom das natürliche Produkt freier Entwick-
42 990 1277 1043 lung waren. Wo ſie dies ſind, haben ſie nichts Gehäſſiges; ſie
43 1053 1276 1103 können nur da in einem ſolchen Lichte erſcheinen, wo ſie durch
42 1116 1326 1168 künſtliche Mittel d. h. durch Privilegien hervorgerufeuhervorgerufen oder ge-
42 1180 1279 1233 ſchützt ſind, wo alſo das Uebergewicht des Einen durch eine
42 1237 1277 1294 Zurückſetzung des Andern bewerkſtelligt iſt. Hier kann aller-
43 1305 1277 1359 dings das an ſich völlig berechtigte Gefühl der Gleichheit, durch
44 1368 1280 1420 die Mißachtung, die es erfährt, geſtachelt, ſich in Haß und Groll
45 1431 1278 1485 gegen die Beſitzenden verkehren, das Phantom der falſchen, wi-
42 1493 1277 1546 derſinnigen Gleichheit bei den Maſſen Eingang finden, wäh-
44 1557 1279 1608 rend ein wahrhaft freies Volk von demſelben nichts zu befürch-
44 1624 192 1670 ten hat.
120 1681 1280 1732 Die Gleichheit vor dem Geſetz iſt durch die Idee der Gerech-
46 1746 1282 1799 tigkeit geboten; das ſeiner Natur nach Gleiche ſoll auch vom
46 1807 1282 1860 Geſetz gleich behandelt werden. Aber was iſt gleich? Das ältere
44 1870 1280 1923 römiſche Recht ſtrebt nicht weniger wie das neuere, die Gleich-
47 1932 1281 1987 heit (aequum jus, aequitas) herzuſtellen, aber wie unendlich
48 1998 1283 2048 verſchieden iſt die aequitas im Sinne des neuern Rechts von der
50 2057 1283 2109 im Sinne des ältern (in jenem Sinn, in welchem Tacitus die
91 207 1179 250 II. Der Gleichheitstrieb — Effektive u. rechtliche Gleichheit. §. 29.
1229 209 1276 239 89
187 2180 1283 2222 Aequitas, quae paribus in causis paria jura desiderat. Cicero
49 2235 247 2273 Topic. c. 4.
184 2278 1284 2321 Annal. III. 27. In demſelben Sinn, in welchem Liv. III. 34 die
47 2332 1282 2374 Decemvirn von den XII Tafeln ſagen läßt: se omnibus summis infimisque
44 2387 328 2426 jura exaequasse.
