1600 2635
291 257 1511 312 weit von den Traditionen der alten Theorie entfernt, wie die
291 318 933 370 folgende Darſtellung zeigen wird.
322 380 1509 436 „Was man ſelber nicht hat, kann man auch nicht
289 443 1509 499 auf einen Andern übertragen“ — folglich, fügt das ältere
287 505 1507 561 Recht hinzu, auch nicht vorher, bevor man es hat, allein das
288 568 1482 624 neuere ſetzt ſich über dieſe vermeintliche Conſequenz hinweg.
363 629 1508 685 „Was man nicht hat, kann man nicht aufgeben“
290 691 1506 745 — folglich, ſagt das ältere Recht, auch keine Erbſchaft ausſchla-
289 754 1511 810 gen, bevor ſie deferirt iſt  — ein Schluß, den unſer heutiger
290 814 702 866 Erbverzicht widerlegt.
362 877 1508 931 „Was Einem nicht angeboten, kann man auch
287 939 1509 994 nicht annehmen“ — folglich, ſagt das ältere Recht, keine
286 1001 1507 1056 Erbſchaft, bevor ſie deferirt iſt, die Bonorum possessio läßt ſich
286 1065 1506 1121 nach neuerm Recht ſchon vorher (intra alienam vicem) agnos-
287 1126 389 1163 ciren.
361 1187 1507 1243 Dispoſitionen, welche zu ihrer Wirkſamkeit das Eigenthum
284 1249 1505 1302 vorausſetzen, z. B. die Freilaſſung des Sklaven,  das Vin-
284 1310 1511 1364 dicationslegat,  erfordern daſſelbe im Moment ihrer Vor-
285 1374 1509 1428 nahme. Conſequenterweiſe mußte die ältere Jurisprudenz daſſelbe
287 1437 1506 1491 auch für die Obligation annehmen, wo ſie den Gegenſtand
286 1499 1507 1550 oder die Vorausſetzung eines Rechtsgeſchäfts bildet. Die neuere
284 1562 1501 1612 dagegen läßt hier eine Anticipation zu, ſo z. B. die Novation,
295 166 362 196 154
407 166 1430 214 Zweites Buch. Erſter Abſchn. III. Die Technik. A. Die Analytik.
451 1671 1505 1716 L. 4 §. 6 de off. proc. (1. 16) .. est enim perquam absurdum,
283 1721 1504 1765 antequam ipse jurisdictionem nanciscatur … alii eam mandare, quam
284 1769 1505 1814 non habet, gleichwohl läßt der Juriſt die eventuelle Uebertragung der Juris-
281 1816 1506 1863 diction zu. Andere Beiſpiele: die Verpfändung zukünftiger Sachen, die Ceſ-
282 1866 1502 1913 ſion betagter (L. 43 Mand. 17. 1) und bedingter (L. 73 §. 1 ad leg. Falc.
282 1917 605 1958 35. 2) Forderungen.
453 1967 1506 2014 L. 18 de acq. her. (29. 2). Is potest repudiare, qui et acqui-
282 2018 1502 2066 rere potest. In allgemeiner Faſſung: L. 174 §. 1 de R. J. (50. 17): quod
281 2069 1242 2113 quis si velit, habere non potest, id repudiare non potest.
453 2119 1503 2163 L. 20 qui man. (40. 9); Convalescenz nach neuerm Recht in dem
274 2167 983 2211 Fall der L. 20 § 1 de cond. inst. (28. 7).
455 2218 1502 2264 Bei fungiblen Sachen genügte das Eigenthum im Moment des
280 2268 1503 2313 Todes, bei nicht fungiblen mußte es außerdem im Moment der Teſtaments-
282 2316 937 2359 errichtung vorhanden ſein. Gaj. II. 196.
