1600 2586
244 263 1446 326 Wer eine bewegliche Sache, die ihm abhanden gekommen war,
243 325 1449 388 bei irgend einem Dritten antraf, konnte ſich unter gewiſſen
240 385 1445 452 Vorausſetzungen  derſelben gewaltſam bemächtigen; dem ge-
240 449 1444 510 genwärtigen Innehaber ward jeder Rechtsſchutz verſagt. Bei
236 509 1441 570 unbeweglichen Sachen ging man nicht ſoweit, ſondern verſtat-
234 571 1442 626 tete die gewaltſame Dejection nur gegen den, der entweder das
234 628 1441 688 Grundſtück bloß im Namen des andern detinirte oder, wie man
233 692 1380 751 es ausdrückte, ihm gegenüber eine injusta possessio hatte.
230 750 1436 814 Fehlte es an dieſen Vorausſetzungen, ſo mußte der Dejicient,
229 811 1435 875 ohne daß er mit der Berufung auf ſein etwaiges Eigenthum ge-
227 871 1034 928 hört ward, den Beſitz vorläufig reſtituiren.
300 933 1433 993 Es gab aber einen andern Weg, der ihn ſicherer zum Ziele
223 993 1431 1054 führte; er mußte nämlich, anſtatt ſeinem Gegner gewaltſam die
222 1053 1427 1116 Sache zu entreißen, ihn durch Drohungen zu zwingen ſuchen,
218 1115 1428 1177 daß er ſelbſt ihm dieſelbe auslieferte. Das ältere Recht gab dem
218 1173 1425 1240 Gezwungenen keine Klage auf Aufhebung des von ihm einge-
217 1238 1427 1296 gangenen Geſchäfts, indem es ſich durch die Anſicht beſtimmen
215 1295 1426 1357 ließ, daß Niemand ſich zwingen laſſen ſolle. Aber ſelbſt als der
212 1355 1424 1419 Prätor eine ſolche Klage eingeführt hatte, lehrten doch noch die
211 1418 1420 1481 römiſchen Juriſten, daß wer gezwungen worden ſei zu zahlen
209 1480 1420 1542 oder herauszugeben, was er ſchuldig war, ſich dieſer Klage nicht
207 1540 1419 1601 bedienen könne.  Bewies alſo der Zwingende nur die Exiſtenz
205 1599 1418 1662 ſeines Rechts, ſo traf ihn nicht nur keine Strafe, ſondern er
208 1660 622 1713 behielt, was er hatte.
245 175 311 205 152
461 177 1278 235 Erſtes Buch — Ausgangspunkte des röm. Rechts.
354 1791 1071 1840 Im interdictum utrubi waren ſie angegeben.
348 1840 1412 1895 Z. B. alſo gegen den Pächter, Miether, bei beweglichen Sachen gegen
198 1886 1409 1943 den Depoſitar, Commodatar, Mandatar u. ſ. w.; ferner gegen den, der ſich
198 1935 1408 1990 gewaltſam oder heimlich den Beſitz verſchafft oder ihn nur auf Widerruf er-
195 1982 1404 2038 halten hatte. Die römiſche Beſitztheorie brachte dieſe Fälle, in denen nach
193 2032 1403 2087 natürlicher Auffaſſung eine Selbſthülfe vorliegt, dadurch unter den Geſichts-
192 2081 1402 2137 punkt des Schutzes im Beſitz, der Defenſive, daß ſie den Beſitz des Angegrif-
190 2128 1402 2181 fenen als factiſche Detention oder fehlerhaften Beſitz qualificirte und dem An-
192 2178 906 2229 greifenden den gegenwärtigen Beſitz zuſchrieb.
340 2231 1400 2283 L. 1. §. 2. quod met. c. (4. 2). Die wenn auch erzwungene Zah-
187 2274 1366 2330 lung der Schuld wurde nämlich nicht als ein erlittener Schaden betrachtet.
