1600 2680
55 245 1305 299 die ganze Frage für entſchieden hielte. Denn der Richter, der
55 308 1305 362 den Licinius verurtheilte, war das Volk,  und wenn man
55 372 1307 424 weiß, wie daſſelbe bei Ausübung ſeiner Strafgerichtsbarkeit
54 436 1306 489 verfuhr (S. 43 fl.), wird man ſchwerlich den Schluß von ihm
55 499 1306 554 auf den gewöhnlichen Richter für ſtringent halten. Jedenfalls
55 555 1307 618 verdient gegenüber dieſem einzigen Zeugniß auf der andern
59 628 1308 681 Seite in die Wagſchale geworfen zu werden, daß unter den
58 691 1305 747 Scheingeſchäften des ältern Rechts nicht wenige ſich befanden,
57 755 1306 812 die geradezu eine Umgehung geſetzlicher Beſtimmungen enthiel-
56 818 1307 872 ten,  ſo wie daß die Geſetzgebung ſelbſt in Fällen, wo ſie ſich
54 882 1306 937 ſcheute, ein früheres Geſetz direct und ausdrücklich aufzuheben,
55 945 1202 1000 ſich des Mittels einer Umgehung deſſelben bediente.  In
55 1009 1308 1063 einer Zeit, die die Umgehung des Geſetzes mit unſern heutigen
55 1072 1308 1129 Augen oder denen der ſpäteren römiſchen Juriſten angeſehen
56 1138 1308 1192 hätte, wäre beides wohl nicht möglich geweſen. Vielleicht ver-
56 1202 1306 1256 hält es ſich nun mit dieſer Frage, wie mit der Wortinterpreta-
56 1264 1308 1319 tion der Geſetze überhaupt d. h. die Jurisprudenz erkannte die
56 1329 1308 1385 Berechtigung der Umgehung des Geſetzes im Princip an, und
57 1391 1308 1447 fußte ſelbſt darauf mit ihren Scheingeſchäften, wußte aber
56 1457 1307 1510 nichts deſto weniger im einzelnen Fall, wo die Verſtattung des
54 1519 1304 1576 Umweges dem Rechtsgefühl oder höhern Intereſſen widerſtrebte,
55 1584 1235 1641 irgend ein künſtliches Mittel zu finden, um ihn abzuſperren.
1231 151 1305 182 495
133 151 1201 195 Haften an der Aeußerlichkeit. II. Die Wortinterpretation. §. 44.
230 1714 1308 1760 Die Uebertreter des Geſetzes wurden von den Aedilen vor dem
56 1768 1021 1812 Volk auf eine Geldſtrafe belangt. So z. B. Liv. X, 13.
228 1817 1308 1865 Cic. pro Murena c. 12. Nam quum permulta praeclare legi-
56 1872 1306 1914 bus essent constituta, ea jureconsultorum ingeniis pleraque corrupta
57 1932 375 1970 ac depravata sunt.
223 1970 1308 2017 Das Hauptbeiſpiel gewährt die lex Furia über die Höhe der Le-
57 2027 740 2074 gate, von der bereits S. 61 die Rede war.
