1600 2586
122 251 1320 315 publica und privata. Eine lex publica iſt ein Vertrag Aller,
123 311 1323 375 und umgekehrt eine Privatvereinbarung ein Geſetz für die bei-
124 372 1326 433 den Contrahenten. Wie nun der Privatvertrag, um wirkſam
124 432 1324 496 zu ſein, die Angelegenheiten der Contrahenten zum Gegen-
124 493 1328 557 ſtande haben muß, ſo gleichfalls der öffentliche Vertrag, die
126 553 1329 615 lex, die Intereſſen ſämmtlicher Bürger. Der Satz: jus publi-
128 616 1328 678 cum privatorum pactis mutari non potest, läßt ſich dahin um-
127 676 1328 739 drehen: jus privatum pactis publicis mutari non potest, d. h.
128 736 1329 798 das Geſetz ſoll keine lex privi d. i. privi-legium einfüh-
129 823 201 851 ren.
203 859 1332 918 Die Wirkung des Geſetzes für den Einzelnen iſt die eines
131 919 1332 981 Vertrages, den er ſelbſt mit abgeſchloſſen hat.  Eine Ueber-
131 982 1335 1042 tretung des Geſetzes iſt alſo die Verletzung einer übernommenen
132 1040 1334 1100 Verbindlichkeit, und je nachdem das Volk ſelbſt oder ein Ein-
134 1103 1333 1162 zelner das Subjekt iſt, dem das jener Verbindlichkeit correſpon-
133 1161 1335 1223 dirende Recht zugedacht war, und das mithin durch die Ver-
138 1225 1337 1285 letzung deſſelben beeinträchtigt wird, kann das Volk oder der
137 1293 774 1344 Einzelne zur Selbſthülfe ſchreiten.
208 1423 1336 1483 Dieſe Wirkung des Geſetzes, daß jeder gebunden wird,
137 1484 1339 1541 drückt der Ausdruck jus aus. Lex bezeichnet den Grund des
139 1545 1339 1605 Rechts, den Akt des Auferlegens, jus die Folge, den dauern-
141 1605 1342 1666 den Zuſtand des Gebundenſeins. Die lex publica begründet
139 1666 1339 1729 das jus im objektiven Sinn, die Rechtsſätze; die lex privata,
139 1727 1342 1789 der Vertrag, das jus im ſubjektiven Sinn, die Berechtigung.
142 1786 1341 1848 Wie Geſetz und Vertrag, die ſpäter ſo weit auseinander gehn,
144 1847 1345 1915 urſprünglich identiſch geweſen ſind, ſo auch Recht im objektiven
145 1920 557 1971 und ſubjektiven Sinn.
278 166 1148 210 2. Der Staat — Das Geſetz ein Vertrag Aller. §. 15.
1247 162 1320 192 203
316 2026 1346 2074 Der bekannte Satz aus den XII Tafeln: privilegia ne irro-
144 2095 242 2129 ganto.
316 2121 1346 2174 Ob er für oder gegen das Geſetz ſtimmte, oder an der Abſtim-
147 2172 1347 2227 mung keinen Antheil nahm, iſt für dieſe Auffaſſung gleichgültig. Indem er
149 2221 1347 2273 im Staate bleibt, erkennt er das Geſetz hinterher auch für ſich als bin-
145 2289 275 2319 dend an.
