1600 2659
269 306 1506 357 halten oder auch dem Richter das Recht dazu einräumen, ſei
270 369 1503 422 es in der Weiſe daß er von vornherein der Regel eine Dehn-
270 434 1503 486 barkeit gibt, die dem richterlichen Ermeſſen einen völlig freien
269 495 1502 548 Spielraum läßt, wo alſo die Regel ſelbſt gewiſſermaßen dem
267 560 1501 610 Individuellen ſich anſchmiegt; oder in der Weiſe, daß dem
269 622 1504 673 Richter unter gewiſſen Vorausſetzungen, Beſchränkungen und
269 685 1502 736 Garantien verſtattet iſt, ſich über die Regel hinwegzuſetzen,
269 747 1504 798 alſo legislative Function für den einzelnen Fall auszuüben.
268 810 1503 862 Immer bleibt aber dies Mittel inſofern ein höchſt gewag-
270 867 1504 924 tes und bedenkliches, als die rechtliche Beurtheilung damit
268 935 1502 988 den feſten Boden der objectiven Rechtsregel verläßt und
269 999 1502 1049 ſich dem ſchwankenden Element ſubjektiver Eindrücke anver-
268 1062 1504 1113 traut, einem Element, das recht eigentlich das der bewuß-
269 1123 1503 1175 ten oder unbewußten Willkühr iſt. Im römiſchen Privat-
267 1185 1502 1239 recht tritt dieſe individualiſirende Tendenz erſt mit dem drit-
269 1250 1504 1300 ten Syſtem auf, dem Geiſt des ältern Rechts widerſtrebt ſie
268 1312 1503 1364 durchaus, und der Eingang iſt ihr hier nach allen Seiten ver-
269 1376 1503 1426 ſperrt. Weder ſoll der Geſetzgeber im einzelnen Fall Ausnah-
269 1439 1505 1489 men von dem Geſetz anordnen oder eine beſondere Norm für
268 1500 1502 1552 denſelben aufſtellen, noch darf der Richter (der Prätor ſo
270 217 317 247 92
447 216 1334 255 Zweites Buch. Erſter Abſchnitt. II. Die Grundtriebe.
409 1667 1504 1707 Constantin. L. 1 Cod. de leg. (1. 14) Inter aequitatem jusque
269 1717 1501 1758 interpositam interpretationem nobis solis et oportet et licet inspicere.
268 1768 875 1809 Das Recht der Begnadigung u. ſ. w.
405 1815 1503 1858 Dieſen Weg einer Mittelſtraße zwiſchen rein richterlicher und rein
268 1865 1504 1910 legislativer Thätigkeit ſchlug bekanntlich in ſpäterer Zeit die prätoriſche Juris-
268 1917 1504 1959 diktion ein (Ertheilung von restit. in integrum, Exceptionen, Verweigerung
268 1967 1506 2010 von Klagen u. ſ. w.) und die römiſche Jurisprudenz beſtärkte den Prätor da-
268 2018 1507 2061 rin und ertheilte ihm Rathſchläge und Aufforderungen in Bezug auf eine der-
269 2070 582 2112 artige Wirkſamkeit.
406 2119 1506 2161 Was die römiſche Jurisprudenz ſich nicht verhehlte und verhehlen
269 2171 1504 2213 konnte; ſ. z. Paulus in L. 91 §. 3 de V. O. (45. 1) … esse hanc quae-
270 2222 1502 2262 stionem de bono et aequo, in quo genere plerumque sub juris auc-
272 2274 885 2313 toritate perniciose erratur.
409 2321 1092 2364 Ueber das Kriminalrecht ſ. oben S. 42 ff.
406 2371 1503 2415 Die XII Tafeln enthielten eine ausdrückliche, hierauf bezügliche Be-
