1600 2635
90 165 1212 207 A. Der Proceß. Vertheidigung. Gegenanſprüche in Negationsform. §. 52.
90 254 1285 307 zum Geſammtwerth des Pekuliums verhielt, bekam er Miteigen-
88 318 1286 369 thum an jeder einzelnen Sache; das Recht des Klägers war alſo
88 380 1288 430 auch hier „ipso jure vermindert“, auch hier trat das Recht des
88 442 1227 492 Beklagten ihm entgegen in Form der (partiellen) Negation.
88 503 1288 554 Damit ergab ſich aber für den Kläger wiederum derſelbe Noth-
90 565 1289 614 ſtand, wie oben für die Frau bei der Dos: er ſoll, wenn er ſich
90 627 1291 678 nicht der Gefahr der plus-petitio ausſetzen will, ſeine Klage nur
90 689 1290 740 auf das richten, was übrig bleibt, nachdem der Theil des Be-
92 752 1292 802 klagten abgezogen iſt, und doch kann er ihn nicht abziehen, weil
91 806 1289 865 er ihn nicht kennt. Wie hier helfen? Hier wäre ein Präjudicial-
88 875 1293 925 verfahren ganz am Platz geweſen, und ob das frühere Recht
90 938 1293 987 ſich deſſen nicht wirklich bedient hat, bleibe dahin geſtellt. Die
91 1000 1292 1046 römiſchen Juriſten nennen uns zwei andere Mittel, die act. com-
91 1061 1293 1110 muni dividundo und die vindicatio incertae partis;  ob ſchon
89 1123 1293 1174 der ältere Proceß beide Klagen in Richtung auf einen unbeſtimm-
90 1185 990 1235 ten Theil zugelaſſen habe, möchte ich bezweifeln.
1242 168 1286 198 75
241 1327 1296 1371 Es wird jetzt klar ſein, was es heißt, wenn die römiſchen Juriſten
91 1381 1296 1420 ſagen: „singula corpora pro rata deminui debebunt“ (L. 6 pr. de
90 1430 1297 1469 pec. leg. 33. 8) oder „si crediderit, id ipso jure detrahi et corpora
90 1478 1298 1517 singula per hoc aes alienum deminui“ (L. 8 pr. ibid.). Derſelbe Ge-
89 1527 1293 1567 ſichtspunkt kehrt aus demſelben Grunde bei der Quarta Falcidia wieder, L. 1
89 1578 1298 1616 §. 5 quod leg. (43. 3) .. ipso jure remanet, et si corporaliter res in so-
89 1628 1294 1667 lidum translatae sunt und arg. L. 76 §. 1 de R. V. (6. 1), L. 8 §. 1
92 1676 1299 1715 Comm. div. (10. 3). Hätte die Frau die Dos ſtatt mit einer perſönlichen
90 1723 1299 1767 Klage mit einer Vindication zurückfordern müſſen, ſo würde Ulpians Ausfüh-
89 1777 1219 1817 rung in L. 5 pr. de imp. (25. 1) gerade entgegengeſetzt gelautet haben.
233 1847 1300 1887 L. 8 §. 1 Comm. div. (10. 3); es wird hier auch der Fall des Ab-
91 1895 1300 1936 zugs der Quarta Falcidia genannt, und er kehrt wieder in der L. 76 §. 1 de
90 1945 301 1984 R. V. (6. 1).
234 2012 1300 2056 Für die reiv. bedarf dieſer Zweifel keiner Rechtfertigung, für die act.
88 2063 1302 2105 comm. div. ſtütze ich ihn darauf, daß nach dem Separationsſyſtem der Kla-
89 2112 1302 2156 gen im alten Proceß (§. 51) dieſe Klage nicht zugleich eine Function haben
88 2162 1300 2209 konnte, für die es eine eigne Klage: die reivindicatio gab, nämlich das
87 2212 1300 2256 Eigenthum der Partheien feſtzuſtellen, ſ. darüber die Analogie der act. fam.
88 2258 1301 2303 ercisc. L. 1 §. 2 si pars her. (5. 4) .. aut si controversiam sibi non fa-
88 2311 774 2353 ciunt hereditatis, familiae erciscundae.
