1600 2635
79 254 1273 305 hat denn die Aufſtellung jenes Requiſits? Ich antworte: um
78 316 1272 368 dem Beklagten für den Fall, daß ihm der Darlehnsgegenſtand
80 378 1274 429 evincirt worden war, eine Einrede zu verſchaffen;  ohne
80 439 1273 491 jenen Satz hätte er den Einwand nur in Form der exceptio,
79 502 1276 552 d. h. im älteren Recht gar nicht vorſchützen können — der Satz
83 562 1275 615 enthielt alſo in Form eines abſoluten, poſitiven Erforderniſſes
82 624 1276 676 des Thatbeſtandes den Stoff zu einer eventuellen Einrede. Die-
85 686 1274 740 ſelbe Auffaſſung verbinde ich mit dem Erforderniß des Eigen-
86 749 1278 801 thums des Teſtators am Object des Vindicationslegats.  Den
88 808 1276 864 Beweis dieſes Erforderniſſes dem Legatar aufbürden hätte ge-
87 871 1276 925 heißen, den Erfolg des Legats in den meiſten Fällen geradezu
85 934 1274 986 vereiteln und rückſichtlich des Beweiſes das natürliche Verhält-
84 996 1275 1048 niß zwiſchen Erben und Legatar völlig verkehren, denn wenn
83 1056 1275 1110 Beweismittel über das Eigenthum des Erblaſſers überhaupt exi-
83 1119 1276 1174 ſtirten, ſo befanden ſie ſich im Beſitz des Erben, nicht des Lega-
84 1184 1275 1236 tars; welche Stirn hätte dazu gehört, von letzterem den Eigen-
83 1244 1277 1299 thumsbeweis zu verlangen!  Auch in dieſem Erforderniß muß
86 1306 1185 1364 mithin eine verſteckte Einrede für den Erben gelegen haben.
380 1464 969 1507 2. Der proceſſualiſche Weg.
155 1543 1276 1599 Der bisher geſchilderte Weg war nicht überall anwendbar,
86 1605 1276 1658 er paßte nur für ſolche Fälle eines Zuſammentreffens verſchiede-
85 1666 1279 1720 ner Rechte, bei denen beide ſich gegenſeitig ganz oder theilweiſe
85 1729 1279 1783 vernichten. Dagegen war er völlig ungeeignet für alle Fälle
87 1792 1277 1846 eines friedlichen Nebeneinanderbeſtehens. Mit dem Eigen-
150 164 1185 207 A. Der Proceß. Vertheidigung — Accommodation der Klage. §. 52.
1228 168 1271 196 77
227 1909 1278 1952 Ich habe den Satz früher ſchon von einer andern Seite berührt. S.
84 1957 1132 2000 B. 2 S. 351, ebenſo das zweite Beiſpiel im Text, daſelbſt S. 350.
229 2008 705 2047 Gaj. II, 196. Ulp. XXIV, 7.
226 2056 1277 2100 Quintil. I. O. IV. 2 §. 6: satis est dixisse: … legatum
83 2110 1279 2149 peto ex testamento; diversae partis expositio est, cur ea non de-
79 2157 214 2194 beantur.
218 2205 1279 2249 Welcher Art (ob z. B. folgende: „der Teſtator hat ſich verſehen und
83 2255 1278 2297 aus Irrthum eine ihm anvertraute fremde oder meine des Erben Sache als
83 2304 977 2349 die ſeinige legirt“), darüber will ich mich nicht entſcheiden.
