1600 2635
277 203 1489 261 alte reivind. ging ſelbſt nicht einmal im Moment ihrer Ver-
273 264 1491 324 wirklichung durch den Begriff der Obligation hindurch, denn
272 326 1490 392 der Beklagte hat die Sache nicht zu geben, ſondern der Kläger
272 389 1488 450 nimmt ſie ſich, das Dulden von Seiten des Beklagten iſt
270 449 1483 512 Nichts als das Unterlaſſen der Auflehnung gegen die Rechts-
271 515 1484 575 ordnung und die Obrigkeit. Auch wenn der Beklagte nach
268 575 1483 637 dem Urtheil geſtorben wäre, hätte die Execution keinen Auf-
268 635 1484 697 ſchub zu erleiden brauchen, zum beſten Beweiſe, daß jenes
267 698 1485 759 Dulden kein Handeln war, denn Handeln ſetzt eine Perſon
265 762 1484 821 voraus. So wenig es eines Gebens bedurft hätte, wenn
266 823 1482 882 der Beklagte von vornherein einen Widerſtand überall nicht ent-
265 886 1483 949 gegengeſetzt hätte, ſondern wie hier der Kläger nach erfolgter
263 947 1480 1009 addictio des Prätors  einfach den vor Gericht gebrachten
262 1008 1478 1071 Gegenſtand mit ſich hinweggenommen hätte, ganz ebenſo
260 1070 1476 1134 ſtand die Sache, wenn dieſer Widerſtand durch das Urtheil ge-
260 1131 499 1175 brochen war.
332 1194 1477 1254 Als Reſultat unſerer bisherigen Ausführungen werden wir
257 1254 1477 1317 den Satz ausſprechen dürfen: die reivind. des neuern Rechts
256 1316 1475 1379 iſt ein Conglomerat verſchiedener um das Eigenthum ſich drehen-
254 1381 1476 1440 der Anſprüche, dinglicher und perſönlicher, nicht ſowohl eine
256 1442 1472 1503 einzelne Klage, als ein ganzer Complex von Klagen, kurz in
254 1506 1471 1558 analytiſcher Hinſicht ein Compoſitum. Die reivind. des ältern
253 1565 1469 1631 Rechts dagegen bleibt dem Geſichtspunkt eines Verfahrens ge-
253 1629 1468 1692 gen die Sache von Anfang bis zu Ende treu; ihrer urſprüng-
252 1690 1470 1752 lichen Richtung und Vorausſetzung nach lediglich durch die
252 1752 1469 1812 Sache beſtimmt, nimmt ſie Nichts in ſich auf, was über das
250 1816 1468 1875 rein Sachliche hinausginge und die Perſon träfe, ſie entſteht
281 111 347 141 184
388 112 1447 166 Zweites Buch. Erſter Abſchn. III. Die Technik. A. Die Analytik.
401 1968 1464 2011 L. 57 pr. de evict. (21. 2) .. ante ablatam vel abductam rem
247 2016 427 2046 L. 67 ibid.
400 2068 854 2110 L. 6 §. 1 si quis jus (2. 3).
400 2117 858 2161 Gaj. II. 24 (in jure cessio).
401 2166 1462 2217 Ebenſo wenn durch Ertheilung der Vindicien der Beſitz von dem
246 2212 1463 2267 Einen auf den Andern übertragen worden war. Liv. III. 48: I Lictor, sub-
243 2267 1393 2316 move turbam et da viam domino ad prehendendum mancipium.
