1600 2635
272 288 1488 345 ſich, wie unten gezeigt werden wird, auch in dem „quadruplator“
273 353 1490 406 aus. Als Handlung, worauf die Strafe geſetzt war, wird bald
270 416 1490 469 das „exigere“, bald das „capere“ bezeichnet;  dürfte man
270 477 1490 532 den erſten Ausdruck zur Noth ausſchließlich auf das gerichtliche
272 536 1489 588 Beitreiben beziehen, ſo läßt doch der letztere Ausdruck dies nicht
271 600 1489 655 zu und beweiſt, daß im Sinne des Geſetzes da, wo er gebraucht
270 663 1485 716 ward, auch die bloße Annahme des Geſchuldeten als Geſetz-
269 723 1487 777 übertretung gelten ſollte — eine Beſtimmung, der wir unten
269 776 1485 837 verſuchen werden den Schein des Unwahrſcheinlichen und Wider-
269 847 650 896 ſinnigen zu nehmen.
344 929 1487 984 Die Beſtimmung der Klage liegt auf der Hand. Sie ſoll
266 991 1484 1043 indirect daſſelbe bewirken, was die exceptio direct bewirkt:
265 1053 1487 1108 dem Gläubiger die Ausübung ſeines Rechts unmöglich, die
265 1115 1482 1166 Klage zu einem Noli me tangere machen, und man wird zu-
265 1176 1485 1232 geſtehen müſſen, daß das Mittel zu dem Zwecke gut gewählt war
264 1237 1484 1292 — nur ein Thor hätte das Einfache begehren können, was er
263 1298 1482 1353 vierfach zurückzahlen mußte — und es begreift ſich vollkommen,
263 1361 1483 1415 daß man bei ungenauer Redeweiſe ſich ſo ausdrücken konnte, als
263 1422 1480 1479 habe das Geſetz nicht ſowohl die Klage, als das Geſchäft ſelbſt,
264 1484 943 1534 auf welches ſie ſich ſtützte, verboten.
335 1567 1482 1625 Der fortgeſchrittenen und in conſervativer Beziehung minder
263 1629 1480 1686 empfindlich gewordenen Anſchauungsweiſe der ſpäteren Zeit
259 1692 1480 1743 widerſtrebte die Abſonderlichkeit der Form;  an die Stelle des
275 199 345 228 106
387 199 1442 244 Zweites Buch. Erſter Abſchn. III. Die Technik. A. Die Analytik.
260 1858 1480 1900 110) in Verbindung mit Gaj. IV. 23 adversus foeneratores. Pseudo-
258 1910 1238 1956 Asconius fügt noch den Fall des Svielverluſtes (aleae) hinzu.
428 1978 1475 2025 Gaj. II. 225 capere .. IV. 22 .. exegisset 23 .. exegissent ..
257 2028 792 2069 cepisset. Ulp. a. a. O. capere.
433 2097 1476 2146 die übrigens in der Geſchichte ſich gar nicht ſelten wiederholt, ſo
256 2146 1476 2196 z. B. in dem öffentlichen Leben der Römer (Sulla legte in dieſer Weiſe das
256 2196 1475 2246 Interceſſionsrecht der Tribunen lahm) und im kanoniſchen Recht. Wer eidlich
257 2247 1477 2297 Zinſen verſprochen, wird vom geiſtlichen Gericht gezwungen, ſie zu entrich-
256 2297 1475 2346 ten, aber hinterher wird der Empfänger gezwungen ſie zurückzugeben. c. 6 X.
257 2349 1477 2395 de jurej. (2. 24) — eine lex minus quam perfecta des kanoniſchen Rechts.
