1600 2586
322 293 1448 342 Da das Geſetz die Geſammtheit binden ſoll, ſo muß es auch
246 352 1449 405 von ihr erlaſſen werden; es iſt nichts, als eine auf das ganze
246 414 1446 467 Volk angewandte Obligationsform. Ebenſo wie bei der Obli-
247 475 1448 528 girung Einzelner Frage und Antwort (Stipulationsform) nö-
247 534 1448 589 thig iſt, ſo auch hier; das Volk wird rogirt  und ertheilt
246 597 1448 649 durch Abſtimmung ſeine Antwort. Im Geiſte dieſes urſprüng-
248 656 1448 708 lichen Verhältniſſes nennt daher ein römiſcher Juriſt  das
248 718 1051 769 Geſetz eine communis reipublicae sponsio.
321 779 1449 831 Etymologiſch weiſt uns der Ausdruck lex auf die Vorſtel-
247 839 1451 892 lung des Legens hin, lex wäre alſo etwa gleichbedeutend mit
246 900 1447 952 Auflage.  Der Sprachgebrauch, der dieſen Ausdruck gleich-
247 959 1446 1014 mäßig von Geſetzen wie von Privatvereinbarungen  ge-
249 1022 1449 1075 braucht, zeigt, daß beide urſprünglich in der Vorſtellung der
247 1081 1481 1134 Römer auf einer Linie ſtanden. Geſetz und Vertrag ſind ur-
248 1142 1449 1196 ſprünglich nicht durch ihre intenſive, ſondern bloß durch ihre
249 1202 1450 1254 extenſive Wirkſamkeit unterſchieden, ebenſo wie die vindicta
248 208 320 238 202
462 204 1254 246 Erſtes Buch — Ausgangspunkte des röm. Rechts.
250 1330 1451 1378 faſſung. Das Staatsrecht erſcheint hier als der Inbegriff der den Ständen
248 1382 821 1427 vertragsmäßig eingeräumten Rechte.
425 1427 1450 1471 Lex rogatur, testes rogati (aufs Mancipationsteſtament hin-
248 1476 1452 1525 übergenommen von dem testamentum in comitiis calatis) arrogatio (bei-
248 1525 1453 1573 läufig geſagt liegt in dieſem bei der Teſtamentserrichtung und der Arrogation
248 1575 1452 1616 vorkommenden Ausdruck rogare ein neuer Beweisgrund für die Anſicht, daß
250 1623 1452 1670 bei beiden Akten eine wirkliche Abſtimmung des Volks vorgekommen iſt).
250 1673 1451 1719 Uebrigens hat bereits Rubino a. a. O. S. 255 in der Form der Befragung
248 1721 1449 1767 und Abſtimmung des Volks die Aehnlichkeit mit der Stipulation erkannt,
252 1770 1451 1818 ohne aber freilich im übrigen den Weg, den ich hier eingeſchlagen habe, zu
249 1827 383 1859 betreten.
424 1871 972 1910 Papinian in L. 1 de legib. (1. 3).
423 1914 1453 1958 Auch unſer deutſches Legen, Liegen iſt von Geſetz und Verpflich-
251 1961 1453 2013 tung gebraucht z. B. Auflage, Obliegenheit, alth. lag, das Geſetz. Die
253 2012 1452 2061 Etymologen ſtreiten aber darüber, ob neben der Wurzel leg im Sinne von
248 2056 1452 2111 zuſammenſuchen, ſammeln (legere in der Bedeutung von Leſen = das Sam-
251 2112 1451 2156 meln, Zuſammenleſen der Buchſtaben) noch eine eigne Wurzel λεχ (legen,
251 2159 1453 2205 lectum = worauf man ſich legt d. i. Bett, lex = Auf-lag-e) anzuneh-
251 2213 846 2253 men iſt. Pott a. a. O. S. 257, 258.
423 2259 1454 2300 Z. B. vendere, dare hac lege, lex commissoria, leges vena-
254 2312 703 2349 lium vendendorum u. ſ. w.
