1600 2586
154 243 1352 300 tritt; rechtlich ſind beide gänzlich ſeiner Gewalt unterworfen.
154 302 1358 357 Nur die Sitte und die Pietät des Verhältniſſes ſchützt beide
154 362 1357 425 gegen den Mißbrauch dieſer Gewalt. Ein angebliches Geſetz
153 422 1356 477 von Romulus erklärte den Patron für vogelfrei, der ſeinen Cli-
157 484 1357 542 enten betrogen, und auf der Stufenleiter der Pflichten, die uns
158 545 1360 602 Gellius aufbewahrt hat, nahm die gegen den Clienten eine aus-
159 614 566 666 gezeichnete Stelle ein.
179 668 1360 722 War jener Vergleich des Patronats mit der patria potestas
160 727 1358 783 nicht bloß von der perſönlichen Seite des Verhältniſſes herge-
140 788 1362 842 nommen, ſondern auch für die vermögensrechtliche Stellung der
163 848 1363 902 Clienten zutreffend, ſo würde letztere ſich nach den Grundſätzen
160 907 1364 963 über das Pekulium des Hausſohns beſtimmen laſſen. Faktiſch
160 967 1364 1023 zwar können beide ein eignes Vermögen haben, allein juriſtiſch
161 1028 1362 1086 gilt ihr Gewalthaber als Subjekt deſſelben und vertritt ſie ſo-
161 1090 1365 1146 wohl activ als paſſiv gegenüber dritten Perſonen. Dieſe active
163 1150 1368 1206 Vertretung, die Klagerhebung für den Clienten, iſt der Zweck
164 1210 1365 1265 des Verhältniſſes;  juriſtiſch erſcheint ſie aber nicht als Stell-
164 1271 1367 1326 vertretung, ſondern als Geltendmachung eines dem Patron
163 1332 1367 1386 ſelbſt zuſtehenden Rechts. Bei der paſſiven Vertretung, die eine
164 1391 1370 1447 nothwendige Folge des Verhältniſſes war, haftete der Patron
165 1453 1370 1505 vielleicht nach Analogie der Pekulien- und der Noxal-Klage
166 1512 1369 1568 d. h. je nach Umſtänden bis zum Betrage des Vermögens ſeines
169 1572 1369 1626 Clienten oder auf Auslieferung (noxae deditio) ſeiner Perſon.
168 1633 1371 1688 Während aber, um dieſe active und paſſive Vertretung möglich
167 1695 1371 1747 zu machen, der Patron juriſtiſch als Innehaber jenes Vermö-
169 1755 1373 1810 gens angeſehn wird, alſo auch die unbeſchränkteſte Dispoſitions-
173 1814 1375 1870 befugniß über daſſelbe hat, ſo daß er z. B. es dem Clienten
172 1875 1376 1929 völlig entziehen kann, legt die Sitte dem Patron mancherlei
172 1935 1376 1989 Beſchränkungen auf und verpflichtet ihn, dem Clienten das
296 152 1228 199 2. Der Staat — Die Nichtbürger — Die Clientel. §. 16.
1290 153 1353 183 231
344 2091 1376 2141 Gellius V c. 13 … patrem primum, deinde patronum proxi-
174 2148 1377 2190 mum nomen habere .... neque clientes sine summa infamia deseri
175 2208 305 2242 possunt.
347 2246 1187 2290 Daher patronus noch in ſpäterer Zeit = Fürſprecher.
