1600 2586
82 297 1280 346 dann mit einem Salto mortale ins entgegengeſetzte Extrem ein
83 357 1277 410 völlig freies und ungebundenes Privateigenthum anzunehmen.
82 418 1280 470 Die Wahrheit liegt zwiſchen beiden Extremen in der Mitte. Es
83 479 1280 532 gab nämlich von jeher in Rom an Grund und Boden theils
85 539 1282 590 öffentliches theils ein durch das Intereſſe der Gens gebundenes
84 603 407 653 Privateigenthum.
157 661 1281 713 Das öffentliche Eigenthum des Staats, der ager publicus,
86 723 1284 773 iſt bekannt. Es unterliegt für mich aber keinem Zweifel, daß
87 782 1283 834 dies Verhältniß ſich keineswegs auf den Geſammtſtaat be-
89 842 1284 895 ſchränkte, vielmehr innerhalb jeder Gens ſich wiederholte, ja
89 903 1284 956 ehr umgekehrt von der Gens auf den Geſammtſtaat, als von letz-
87 963 1286 1015 terem auf jene übertragen wurde. Ich berufe mich darauf, daß
86 1024 1284 1071 die Gens den Staat im Kleinen darſtellt, daß von den drei In-
88 1084 1285 1138 tereſſen, die ihren höchſten Brennpunkt im Geſammtſtaat fin-
89 1146 1287 1197 den, den politiſchen, religiöſen und militäriſchen, jedes an der
91 1206 1286 1259 Gens ihren niedern hat, daß, wenn zur Verſehung jener In-
92 1267 1288 1319 tereſſen dort das Verhältniß des ager publicus nöthig iſt, es
93 1327 1289 1379 hier mindeſtens ebenſo unentbehrlich erſcheinen muß. Der
92 1387 1289 1438 Schwerpunkt und die Laſten des älteſten Staates ruhen nicht
89 1448 1288 1502 ſowohl in und auf ihm ſelber, als in und auf den Gentes; be-
90 1509 1288 1562 durfte er für das Dach, das er über die einzelnen Geſchlechter-
91 1562 1291 1623 häuſer ſpannte, und das auf ihnen als auf ſeinen Pfeilern
92 1630 1289 1683 ruhte, des ager publicus, ſo war daſſelbe Bedürfniß für die ein-
93 1692 1072 1743 zelne Gens in einem noch höhern Grade vorhanden.
164 1751 1290 1804 Die Benutzung der Gentilgrundſtücke läßt ſich auf verſchie-
93 1812 1292 1865 denartige Weiſe denken, theils nämlich als eine allen Gentilen
97 1873 1292 1927 gemeinſame und unentgeltliche, theils als eine getheilte und
99 1936 1292 1986 entgeltliche, etwa auf Grund einer unter ihnen vorgenomme-
96 1993 1292 2047 nen Verpachtung an die Meiſtbietenden. Das erſte Verhältniß
97 2052 1294 2106 fand zweifellos hinſichtlich der Gentilbegräbniſſe Statt;  im
97 2112 1293 2169 germaniſchen Geſchlechterſtaat finden wir es auch bei Ackerland,
82 188 1167 251 2. Der Staat — 1. Familienprinzip. Einfluß aufs Vermögen. §. 14.
1211 209 1276 238 185
247 2210 1040 2253 Göttling Geſch. der röm. Staatsverf. §. 40 a. E.
248 2255 1293 2292 Caesar de bello Gallico IV. 1 VI. 22. S. darüber namentlich
98 2307 1061 2352 von Sybel Entſtehung des deutſchen Königthums S. 5 u. flg.
