1600 2635
70 182 1194 224 A. Der Proceß. Vertheidigung. Gegenanſprüche in Negationsform. §. 52.
141 270 1267 325 Es gab hier verſchiedene Mittel,  von denen ich des Zu-
70 333 1267 386 ſammenhangs wegen zunächſt nur der Präjudicialklage gedenke.
139 395 1268 444 Es ward den Partheien ein Arbiter  beſtellt, welcher den
61 458 1267 516 Stand des Vermögens zu ermitteln hatte; ſein Ausſpruch gab
68 520 1265 576 dem Legatar das Mittel an die Hand, die Quart ſelber zu be-
70 582 1187 633 rechnen und dem entſprechend ſeinen Anſpruch herabzuſetzen.
143 644 1267 694 Der Satz, daß der Anſpruch des Klägers ſich ipso jure um
71 707 1268 758 die Gegenforderung des Beklagten vermindere, oder, wie wir ihn
73 769 1267 817 fortan bezeichnen wollen, das Retentions- und Compen-
72 827 1279 882 ſationsrecht in ſeiner älteſten Geſtalt, wiederholt ſich
70 892 1266 940 drittens auch beim Pekulium. Bekanntlich ſtatuirt das
68 954 1266 1004 römiſche Recht Naturalobligationen zwiſchen dem Hausherrn und
66 1014 1266 1067 den ihm untergebenen Perſonen. Wenn nun letztere ſich im Beſitz
66 1077 1266 1127 eines Pekuliums befinden, und der Herr auf Zahlung ihrer
64 1140 1266 1190 Schulden aus dieſem ihrem Sondervermögen (actio de peculio)
65 1201 1267 1253 oder auf geſammte Ueberlaſſung deſſelben aus einem Legat oder
65 1263 1265 1314 einem andern Grunde in Anſpruch genommen wird, ſo iſt ihm
62 1326 1267 1376 verſtattet, ſeine Forderungen in Abzug zu bringen. Auch hier
65 1387 1265 1438 aber wird die Gegenforderung nicht als ſolche dem Anſpruch des
61 1449 1263 1501 Klägers gegenüber geſtellt, ſondern ſie wirkt wiederum nur ne-
62 1510 1266 1563 gativ: als Subtractionsfactor; wie die Dos ſich um ſoviel
58 1571 1263 1622 vermindert, als die nothwendigen Impenſen, ſo das Pekulium um
59 1632 1263 1686 ſoviel, als die Forderungen des Herrn betragen.  War die an-
1224 183 1269 212 73
200 1762 1266 1804 Die Vindicatio mit deductio (ſ. u.); ſodann bei untheilbaren Gegen-
58 1814 1262 1853 ſtänden der in L. 80 §. 1 ad leg. Falc. (35. 2) und L. 5 §. 1 de doli exc.
59 1863 876 1905 (44. 4) angegebene Weg; außerdem ſ. oben Note 39.
203 1923 1264 1963 L. 1 §. 6 si cui plus (35. 3) .. arbiter dari solet ad ineundam
57 1973 1264 2013 quantitatem bonorum. So erklärt ſich L. 76 §. 1 de R. V. (6. 1) .. prop-
54 2023 1262 2062 ter incertam detractionem ex legatis, quae vix apud judicem (d. h.
53 2072 1033 2112 nicht im judicium, ſondern im prae-judicium) examinatur.
195 2132 1263 2172 L. 30 pr. de act. emt. (19. 1) .. ipso jure .. minutum esse pe-
52 2181 1263 2223 culium, L. 11 §. 7 de pec. (15. 1) .. non est in peculio, quod domino
53 2232 1262 2272 debetur, L. 9 §. 2 ibid. peculium deducto, quod domino debetur, compu-
52 2280 1263 2322 tandum esse. Auf dieſe juriſtiſche Verminderung, Vermehrung und Auf-
54 2328 1261 2372 hebung iſt der Ausſpruch in L. 40 pr. de pec. (15. 1): peculium nascitur,
