1600 2659
246 352 1482 405 men konnte, dies noch erſt auszuſprechen, und darum wird die
244 415 1478 468 Darſtellung des Syſtems jene Sätze nicht einmal zu ihrem Aus-
245 478 1391 532 gangspunkt wählen, ſondern ſie nur geeigneten Orts  be-
244 541 484 591 rückſichtigen.
320 603 1478 655 Wir beginnen mit dem Eigenthum. In keinem andern
243 667 1480 718 Recht iſt wohl der reine Eigenthumsbegriff d. h. der Gedanke
242 729 1481 781 der abſoluten Herrſchaft über die Sache, mit ſolcher Conſequenz
242 792 1482 844 durchgeführt, als im ältern römiſchen. Dieſe Conſequenz könnte
243 854 1477 906 ſich bis zu einem Punkt verirren, wo ſie die praktiſche Brauch-
243 918 1476 970 barkeit des Inſtituts gefährden würde. Für bewegliche Sachen
241 980 1475 1034 iſt dies freilich kaum zu befürchten,  wohl aber bei unbeweg-
242 1044 1477 1097 lichen, bei denen die ſtarre Durchführung des Freiheitsbegriffs
240 1107 1477 1156 eine Iſolirung derſelben herbeiführen müßte, während doch
238 1169 1476 1220 unter ihnen eine natürliche Abhängigkeit des Einen Grundſtücks
238 1233 1478 1283 vom andern und ein gegenſeitiges Bedürftigkeitsverhältniß Statt
238 1294 1478 1347 findet. Das römiſche Recht überläßt nun zwar das gegenſeitige
237 1357 1476 1408 Aushülfsſyſtem im allgemeinen ganz der verſtändigen Verein-
238 1418 1478 1471 barung der Partheien,  und ſorgt nur dafür, daß es nicht
237 1483 1475 1535 über Gebühr ausgedehnt werde und in ein gegenſeitiges Be-
238 1546 1472 1598 ſchränkungsſyſtem ausarte (§. 33). Allein gewiſſe Beſchränkun-
237 1608 1474 1660 gen des Einen Grundſtücks im Intereſſe des andern waren doch
235 1671 1475 1723 mit abſoluter Nothwendigkeit geboten.  Strenge genommen
234 1734 1473 1786 könnte jeder Eigenthümer dem Lauf des Regenwaſſers auf ſei-
235 1796 1470 1848 nem Grundſtück die Richtung geben, die er für gut fände, und
233 1859 1469 1912 darin Aenderungen treffen, ſo oft es ihm beliebte. Daß dies
248 262 313 302 152
335 259 1480 305 Zweit. Buch. Erſt. Abſchn. II. Die Grundtriebe. III. Der Freiheitstrieb.
391 1977 1472 2020 d. h. ſoweit ſie für das Privatrecht, auf das wir uns beſchränken
233 2029 1186 2070 werden, in Betracht kommen, alſo den letztgenannten nicht.
389 2078 1473 2124 Hinſichtlich ihrer würde nur beim Miteigenthum die ſtrenge Conſe-
233 2129 1470 2174 quenz des Eigenthumsbegriffs (die einen Zwang zur Theilung ausſchließt)
231 2179 1470 2223 zu einem praktiſch undenkbaren Reſultat führen und iſt darum im römiſchen
231 2229 983 2273 Recht auch verlaſſen (act. comm. dividundo).
391 2280 1465 2324 Die Ausnahme in L. 12 pr. de relig. (11. 7) gehört erſt der Kai-
231 2330 391 2370 ſerzeit an.
387 2380 1462 2424 Dirkſen über die geſetzl. Beſchränkungen des Eigenthums nach röm.
231 2429 1183 2473 Rechte in der Zeitſch. für geſch. Rechtswiſſ. B. 2. Nr. 16.
