1600 2659
37 286 1266 348 Uebrigens hat jener Grundſatz der perſönlichen Freiheit erſt im
36 349 1265 408 Laufe der Zeit die Ausdehnung bekommen, in der er gegen das
36 412 1266 470 Ende der Republik galt, und die faſt das richtige Maß über-
35 473 1267 535 ſchritt. Dieſe ſpätere Zeit erinnert mit ihren abſtracten Frei-
37 539 1269 598 heits- und Gleichheitsideen an die Gegenwart; die ältere war
37 600 1270 660 weit maßvoller, genügſamer, praktiſcher. Ihre Freiheit war ein
41 664 1270 723 durch und durch hiſtoriſches Produkt, aus praktiſchen Motiven
41 728 1271 789 hervorgegangen, mühſam und ſtückweiſe erkämpft; nicht der
39 790 1270 851 Schulbegriff der Freiheit, ſondern der Druck, wo er beſonders
37 854 1269 917 fühlbar geworden war, hatte ſie ins Leben gerufen. Sie war,
35 913 1272 975 möchte man ſagen, nicht ſo ſehr ein Begriff, als eine Summe
37 978 1272 1036 von einzelnen beſonders wichtigen Rechten, daher nicht ohne
38 1040 1272 1100 Lücken und ſcheinbare Inconſequenzen. Dieſe ihre durchaus
39 1101 1273 1165 praktiſche Natur bewährte ſich daran, daß ſie ſich den Umſtän-
38 1168 1274 1229 den fügte, z. B. im Fall der Noth ſelbſt eine vorübergehende
40 1230 1275 1290 Suspendirung willig zuließ.  Höchſt bezeichnend für die
41 1293 1274 1355 eigenthümliche Organiſation des ältern Freiheitsgefühls iſt
41 1357 1276 1416 auch die Verträglichkeit deſſelben mit der Cenſur, einem Inſti-
40 1421 1272 1477 tut, das uns bei unſeren heutigen Vorſtellungen von perſön-
41 1483 1271 1544 licher Freiheit ganz unleidlich ſein würde.  Das Geſagte
45 1549 1278 1605 beſtätigt ſich auch an einer Art der Freiheit, die in der neuern
214 197 1071 243 A. Stellung des Indiv. Die perſönl. Freiheit. §. 31.
1199 188 1266 220 139
44 1667 1276 1717 entſchiedene Tendenz der ſpätern Zeit (von den XII Tafeln läßt ſich ein Glei-
45 1721 1274 1768 ches nicht behaupten) zu milden Strafen (Platner quaest. de jure crimin.
43 1770 1276 1816 Rom. S. 75—82) iſt von den Römern ſelbſt rühmend hervorgehoben, z. B.
41 1823 1276 1866 von Liv. I. 28: nulli gentium mitiores placuisse poenas, Cic. pro Rabir.
42 1874 1278 1914 c. 3 … vestram libertatem non acerbitate suppliciorum infestam, sed
44 1929 723 1971 lenitate legum munitam esse voluerunt.
196 1978 1278 2023 Ernennung eines Diktators, SCtum: videant consules, ne quid
48 2035 534 2074 detrimenti capiat respublica.
199 2079 1278 2124 Man erinnere ſich (S. 50), daß der Cenſor Jemanden zur Rechen-
46 2131 1282 2178 ſchaft zog z. B. wegen nachläſſigen Betriebs der Landwirthſchaft oder un-
46 2179 1280 2227 ordentlicher Wirthſchaft, wegen Luxus und übertriebenen Aufwandes (eines
42 2231 1282 2278 Fehlers, gegen den mit dem Ende des ſechſten Jahrhunderts, als die Macht
41 2281 1283 2330 des Cenſors nicht mehr ausreichte, die Geſetzgebung ſelbſt mittelſt der be-
41 2332 1281 2379 kannten leges sumtuariae zu Felde zog). Mit unſeren Ideen von perſönli-
43 2383 1278 2432 cher Freiheit verträgt ſich dies alles ſehr wenig, und ſelbſt dem „germaniſchen
