1600 2586
99 253 1296 304 Rechts der dem Staat angehörigen Nichtbürger erkannt, und
100 313 1299 364 es kann in meinen Augen nicht zweifelhaft ſein, daß alle
99 370 1236 426 Nichtbürger, alſo urſprünglich auch die Freigelaſſenen  in
98 433 1299 486 dieſem Verhältniß ſtanden. Der Strenge des Rechtsbegriffs
98 493 1302 546 nach war daſſelbe gar kein rechtliches, aber wenn es, möchte
100 553 1300 610 ich ſagen, auch der Form des Rechts entbehrte, ſo barg es doch
103 613 1301 666 eine rechtliche Subſtanz in ſich. Die feſten Grundſätze, die ſich
102 676 1302 727 durch die Sitte über das Verhältniß zwiſchen Patron und
105 734 1302 789 Clienten ausgebildet hatten, der indirekte Schutz, den das Cri-
105 796 1300 847 minalrecht mit ſeiner Beſtrafung der fraus patroni gewährte,
96 856 1305 912 machten die Lage des Clienten zu einer ziemlich geſicherten und
103 915 1305 968 den Mangel einer Klage gegen den Patron ſelbſt weniger fühl-
103 976 1304 1025 bar. Ideen von einem Recht niederer Art ſetzten ſich dem Inſti-
103 1037 1305 1087 tut an, es condenſirte und conſolidirte ſich in der Anſicht des
105 1098 1306 1149 Volks zu einem Rechtsverhältniß, das nur in der Art ſeines
107 1158 1309 1211 Schutzes von den übrigen abwich,  und ſo mochte ein
108 1216 1308 1270 Schritt vorbereitet werden und als ein wenig bedeutungsvoller
107 1279 1310 1332 erſcheinen, der im Grunde die Vernichtung des Inſtituts ſelber
108 1340 1309 1392 enthält, nämlich der, daß dem Clienten das Recht der eignen
105 1399 1342 1455 Klage verliehen ward. Von der alten Unfähigkeit des Clien-
107 1460 1311 1514 ten, Klage zu erheben, blieb als Reminiscenz noch die, daß
110 1520 1312 1575 er ohne ſpezielle Erlaubniß des Prätors ſeinen Patron nicht in
106 1580 1311 1637 jus vociren d. h. ihn wider ſeinen Willen nicht verklagen durfte.
109 1641 1314 1695 Jener Schritt ſelbſt aber ward gewiß weſentlich beſchleunigt
313 165 1096 206 2. Der Staat — Nichtbürger — Clientel. §. 16.
1229 164 1299 194 237
293 1801 1314 1847 Daß ich mit Niebuhr Röm. Geſch. 4. Aufl. B. 1 S. 622,
116 1849 1317 1896 Göttling röm. Staatsverf. S. 147 u. a. den Freigelaſſenen für die älteſte
115 1898 1284 1943 Zeit das Bürgerrecht abſpreche, bedarf, glaube ich, keiner Rechtfertigung.
288 1946 1317 1990 Hinſichtlich der perſönlichen und vermögensrechtlichen Stellung
113 1995 1319 2040 der Kinder gebraucht derſelbe Prozeß der Entwicklung vom Factum zum Recht
115 2043 1319 2086 oder von der nur durch die Sitte gebundenen Willkühr des Vaters zur Aner-
114 2092 1320 2137 kennung der privatrechtlichen Selbſtändigkeit des Kindes unendlich viel längere
116 2140 1320 2186 Zeit; es braucht wohl nicht geſagt zu werden, worin der Grund der Verſchie-
117 2194 315 2235 denheit liegt.
