1600 2586
243 275 1447 325 der vindicta der Vindikation durchſchimmert.  In beiden
243 338 1449 390 Fällen geht die älteſte Anſchauung von dem Geſichtspunkt der
241 399 1447 451 perſönlichen Kränkung und Verletzung aus; ob der Dieb mich
243 459 1448 510 hat beſtehlen wollen, oder der Schuldner mir die Schuld nicht
241 520 1448 572 entrichtet, macht keinen Unterſchied, beide afficiren mit meinem
242 582 1449 633 Vermögen zugleich meine Perſönlichkeit. Darum trifft auch noch
242 643 1448 693 nach den XII Tafeln beide gleiche Strafe, ja den zahlungsun-
242 702 1449 755 fähigen Schuldner im Fall des Concurſes die grauſamſte Strafe,
243 764 1452 814 die das Geſetz überhaupt kennt. Da die folgende Darſtellung
242 823 1453 876 uns zwingen wird, den Cardinalpunkt, worauf dieſe Identität
242 885 1449 937 der Privatrache und Selbſthülfe beruht, nämlich die enge Ver-
246 944 1448 999 bindung zwiſchen Perſon und Vermögen, bei einer andern Ge-
245 1007 1446 1062 legenheit hervorzuheben, ſo dürfen wir hier darauf verweiſen,
244 1068 1449 1119 müſſen aber nochmals bemerken, daß, wenn wir fortan Selbſt-
245 1129 1451 1182 hülfe und Privatrache unterſcheiden, wir uns dieſer Abſtraction
245 1189 1450 1240 einer ſpätern Zeit nur im Intereſſe unſeres an die Spitze geſtell-
247 1250 1449 1299 ten Geſichtspunktes, der Zweifelloſigkeit des Anſpruches bedienen.
344 1311 1452 1360 Wir betrachten zuerſt die Selbſthülfe gegen ein begangenes
246 1371 1452 1420 Delikt, die Privatrache. Das römiſche Recht hat uns noch
245 1431 1453 1481 manche Spuren derſelben erhalten.  Wenn der Ehemann, der
244 1493 1453 1545 den Ehebrecher auf der That ertappt, im gerechten Zorn ihn
247 1552 1451 1606 tödtet, ſo ſichert noch das ſpätere Recht ihm Strafloſigkeit zu.
244 1614 1455 1669 Hinſichtlich des Diebes, der bei Nachtzeit ſtiehlt, erlauben die
245 1677 1451 1724 XII Tafeln daſſelbe, bei Tage aber, wenn er ſich zur Wehr ſetzt;
246 1736 1450 1785 unter allen Umſtänden fällt der ertappte Dieb (fur manifestus)
244 1796 1454 1850 durch Addiction von Seiten der Obrigkeit dem Beſtohlenen
247 1857 1454 1909 zu.  Bei gewiſſen körperlichen Verletzungen (membrum rup-
247 1917 1263 1968 tum) ſpricht jenes Geſetz die Strafe der Talion aus.
347 1980 1450 2028 In allen dieſen drei Fällen war das Unrecht des Delin-
244 192 311 222 122
429 189 1299 230 Erſtes Buch — Ausgangspunkte des römiſchen Rechts.
401 2093 1451 2134 Hierüber und zugleich über die Ableitung des Wortes von vis
247 2144 387 2182 ſ. §. 12.
403 2190 1452 2232 Die Literatur iſt ſorgfältig zuſammengeſtellt von Rein Kriminal-
247 2240 723 2279 recht der Römer. S. 36 u. fl.
402 2289 1430 2330 Es war zweifelhaft, ob als Sklav oder adjudicatus Gaj. III. §. 189.
