1600 2635
90 258 1272 313 indirecten Zwanges trat, wie in ſo manchen Fällen der di-
53 323 587 370 recte durch Exception.
158 382 1296 443 Ihrer juriſtiſchen Natur nach wird unſere Klage zu den
32 442 1294 502 Strafklagen zu ſtellen ſein, und zwar möchte ich ihr zur Un-
59 504 1296 565 terſcheidung von andern den Zuſatz einer proceſſualiſchen
55 562 1296 625 geben. Ihr Zweck iſt nämlich ein rein proceſſualiſcher, reiner
46 629 1295 688 Exceptionszweck: Verhinderung der Ausübung eines
44 689 1293 753 Klagrechts. Das Delict, das ſie ſtrafen ſoll, läßt ſich nach
35 750 1292 812 Analogie der Nichtachtung einer exceptio  als proceſſua-
76 813 1293 873 liſcher dolus bezeichnen, denn dolus, fraus iſt es, eine
73 872 911 935 Klage anzuſtellen, die das Geſetz mißbilligt.
123 939 1288 1000 In gewiſſen Verhältniſſen nahm die Klage eine ganz eigen-
26 992 1289 1061 thümliche Geſtalt an. Die Erwägung nämlich, daß der Schuld-
47 1062 1290 1125 ner möglicherweiſe aus Scheu vor der Rache des Gläubigers
79 1122 1289 1183 Anſtand nehmen mochte, ſich ihrer zu bedienen, veranlaßte den
26 1181 1288 1248 Geſetzgeber, ihre abſchreckende Wirkung für den Gläubiger da-
58 1248 1288 1310 durch zu erhöhen, daß er ſie für den Fall, wenn der zunächſt Be-
75 1310 1290 1371 rechtigte keinen Gebrauch von ihr machen wollte, jedem, der Luſt
52 1369 1285 1436 hatte, verhieß, m. a. W. daß er ſie zu einer Popularklage er-
212 170 1127 215 A. Der Proceß. Vertheidigung in Form der Klage. §. 52.
1228 178 1295 208 107
243 1471 1287 1523 Daß die Exception in der That ſpäteren Urſprungs iſt, als jene
73 1512 1286 1575 Klage, dafür glaube ich mich auf Gaj. IV. 108 nicht einmal zu beziehen zu
71 1567 1283 1621 brauchen; wer dies nicht ſofort ſieht (B. I S. 73 unten), mit dem läßt ſich
73 1618 338 1664 gar nicht ſtreiten.
239 1672 1281 1721 L. 2 §. 5 de dol. exc. (44. 4) dolo facit, quicunque id, quod
74 1718 1282 1772 quaqua exceptione elidi potest, petit L. 1 §. 1 L. 8 pr. ib.: dolo facit,
71 1763 557 1809 qui petit quod redditurus est.
238 1821 1281 1868 Eine indirecte Andeutung in der lex Falcidia (im unverkennbaren
68 1867 1281 1922 Hinblick auf die lex Furia): eam pecuniam sine fraude sua capere li-
67 1920 1282 1973 ceto, L. 1 pr. ad leg. Falc. (35. 2). Rudorff benutzt zur Erklärung der
51 1965 1279 2020 Strafe des Vierfachen den Geſichtspunkt des Diebſtahls, ſo nämlich für die lex
66 2015 1281 2069 Marcia (ſ. u.) Röm. R. G. I. S. 46 Note 7 und für die lex Furia testa-
42 2065 1277 2120 mentaria S. 56 („als einen offenbaren Diebſtahl an der Familie“ — ? —).
90 2116 1278 2170 Will man hier überhaupt nach einem Geſichtspunkt ſuchen, um die Strafe des
41 2167 1277 2222 Vierfachen zu erklären, ſo bietet ſich wohl am ungezwungenſten der dar, daß
64 2214 1278 2269 die Römer das Vierfache als Strafe der offenbaren, das Zweifache als
67 2260 1278 2323 Strafe der verborgenen, verſteckten Widerſetzlichkeit gegen das Geſetz
64 2315 245 2355 betrachteten.
