1600 2635
261 266 1475 322 zur reivindicatio greifen.  Um zu conſtatiren, worauf der Be-
261 328 1476 387 klagte ſeine Vertheidigung ſtützen will, wird er bei Beginn des
261 389 1476 445 Proceſſes gefragt, wie er beſitze. Antwortet er: „als Erbe“
262 455 1473 512 oder verweigert er die Auskunft, oder ſchützt er einen Eigen-
261 516 1476 575 thumstitel vor, deſſen Unwahrheit oder Nichtigkeit der Kläger
261 577 1472 638 ſich darzuthun getraut,  ſo wird die her. pet. gegen ihn ange-
259 641 1413 695 ſtellt, entgegengeſetzten Falls kommt es zur reivindicatio.
335 703 1476 760 Eine beſonders intereſſante Geſtalt nimmt das Verhältniß
259 766 1478 819 an, wenn Obligation und Erbrecht in Conflict mit einander
259 828 1478 883 gerathen. Dies iſt dann der Fall, wenn einer der erbſchaftlichen
261 889 1477 947 Schuldner der gegen ihn erhobenen perſönlichen Klage die
257 952 1474 1009 Behauptung des eignen Erbrechts entgegenſtellen will. Auch
258 1015 1474 1072 hier muß der Kläger, um ihm dies zu ermöglichen, zur hered. pe-
257 1076 1472 1135 titio greifen,  und zwar wird der Sache die Wendung ge-
256 1139 1475 1196 geben, daß der Beklagte, wenn auch kein Stück, ſo doch ein
255 1201 1474 1257 Recht (die Forderung) als Erbprätendent in Beſitz genommen
255 1263 1473 1321 habe (juris possessor). Wie ſehr die Form dieſer Klage durch
254 1323 1471 1382 die Rückſicht auf die Vertheidigung des Beklagten beſtimmt iſt,
255 1387 1476 1445 geht aus den Stellen der Note 102 hervor, denen zufolge der
253 1449 1473 1508 Proceß dann nicht in die Form der Erbſchaftsklage gewieſen
252 1514 1468 1569 werden ſoll, wenn der Beklagte, ohne ſich ſelbſt ein Erbrecht an-
254 1576 1054 1629 zumaßen, bloß das des Klägers beſtreitet.
327 1640 1471 1696 Die bisher entwickelte Idee des Klagzwangs muß gefaßt dar-
253 1701 1470 1758 auf ſein auf Widerſpruch zu ſtoßen, namentlich bei allen denen,
262 176 309 205 86
357 176 1417 222 Zweites Buch. Erſter Abſchn. III. Die Technik. A. Die Analytik.
399 1841 1452 1890 Hier hat der Kläger einen ungleich ſchwierigeren Beweis zu führen;
250 1891 1470 1939 zu dem ſeines Erbrechts geſellt ſich nämlich noch der des Eigenthums ſeines
253 1942 516 1983 Erblaſſers hinzu.
397 1992 1468 2069 Dies folgt aus L. 13 §. 1 de hered. pet. (5. 3): omnibus titulis
253 2045 747 2083 hic pro possessore haeret etc.
400 2091 650 2132 L. 16 §. 7 ibid.
397 2145 1466 2192 L. 13 §. 15 L. 42 de her. pet. (5. 3), L. 10 i. f. si pars her.
251 2195 1468 2241 (5. 4). Ganz ſchlagend iſt namentlich die zweite Stelle: si debitor heredi-
253 2247 1466 2294 tarius non ideo nolit solvere, quod se dicat heredem, sed quod
251 2298 1465 2343 neget aut dubitet, an hereditas pertineat ad eum, qui petit hereditatem,
251 2350 1000 2387 non tenetur petitione hereditatis.
