1600 2635
184 193 1108 235 A. Der Proceß. Vertheidigung in Form der Klage. §. 52.
65 284 1276 336 mußte, um Stoff zu haben, durch Ausſpähen und Nachſpüren
67 345 1273 397 ſich ihn ſelber ſuchen, um mit Erfolg Denunciant zu ſein,
68 408 1275 456 Spion ſein, und in der That ward das Gewerbe mit einer Ener-
68 471 1275 525 gie betrieben, daß die Geſetzgebung ſich genöthigt ſah, gegen das
68 532 1278 586 Uebel, das ſie ſelbſt mit jener Einrichtung ins Leben gerufen
67 591 1278 647 hatte, in anderer Weiſe Abhülfe zu gewähren, und durch An-
65 657 1280 710 drohung ſchwerer Strafen  dafür Sorge zu tragen, daß die
66 719 1276 773 Gier der Quadruplatoren ſich nicht unterſchiedlos gegen Schul-
66 782 593 830 dige und Unſchuldige kehrte.
136 843 1276 896 Das im Bisherigen entworfene Bild unſerer Strafklage be-
67 906 1280 958 ruht auf einer Zuſammenſetzung einzelner Züge, welche die
67 964 1280 1019 Quellen uns bei Gelegenheit der verſchiedenen Fälle aufbewahrt
68 1028 1278 1082 haben, bei dem einen dieſen, bei dem andern jenen; die Mit-
66 1091 1280 1145 theilung dieſer einzelnen Fälle wird uns Gelegenheit geben, die
67 1153 937 1206 obige Darſtellung quellenmäßig zu begründen.
138 1216 783 1267 Die einzelnen Fälle ſind folgende:
137 1278 1275 1331 1. Die lex Furia testamentaria.  Das Einzige,
63 1340 1276 1394 was für dieſen Fall noch Hervorhebung verdient, iſt die Frage:
63 1402 1280 1455 was konnte den Geſetzgeber, wenn er einmal für die Legate oder
64 1462 1279 1515 ſonſtige mortis causa capiones ein Maß von 1000 As feſtſetzen
64 1525 1278 1577 wollte, veranlaſſen, nicht bloß die gerichtliche Beitreibung, ſon-
1205 198 1274 227 109
66 1645 1279 1687 72 .. interceptor litis alienae) er hat ſeinen Namen von der poena
65 1693 1280 1737 quadrupli, die das Geſetz für manche Fälle verhängt hat (Festus sub Qua-
66 1746 1277 1788 druplatores .. ut eas res persequerentur, quarum ex legibus qua-
65 1793 1280 1838 drupli erat actio); es ſind dies alſo Fälle, wo zunächſt der Betheiligte eine
62 1842 1279 1888 Klage hatte, z. B. auf Rückgabe gezahlter ungeſetzlicher Zinſen. (Pseudo-
63 1893 1280 1935 Ascon. [Orelli 110] .. pecuniae gravioribus usuris feueratae, auf Rück-
64 1943 1280 1989 gabe deutet auch Seneca de benef. VII. 25: beneficiorum suorum qua-
64 1992 1278 2034 druplatores). Von der Quarta pars bei crimina publica (Tac. Ann. IV. 20
65 2041 1280 2087 Pseudo-Ascon. a. a. O.) kann der Name quadruplatores nicht her-
65 2091 1279 2136 ſtammen; daß er aber auch hier in Uebung war, iſt bekannt. Ebenſo wird
64 2140 1280 2186 er in den Fällen gebraucht worden ſein, wo die act. popularis nicht auf ein
65 2191 1279 2237 quadruplum, ſondern auf eine beſtimmte Summe gerichtet war, ſ. z. B. L. 3
65 2242 725 2280 §. 12 cf. L. 3 pr. de sep. viol. (47. 12).
224 2289 779 2336 Rudorff R. R. G. II. S. 457 flg.
225 2340 1277 2387 B. 2 S. 61. Die Stellen ſind bereits im Bisherigen mitgetheilt.
