1600 2635
305 250 1522 313 hob.  Jetzt erſt war der Zweck des Geſetzes vollſtändig er-
303 316 1521 376 reicht! Was half es dem Gläubiger, wenn auch die Abhängig-
303 378 1523 438 keit, in die er den Schuldner zu verſetzen gewußt hatte, ihn
302 439 1520 496 ſeiner vergewiſſerte? Jeder andere konnte ihm das Loos be-
301 502 1522 559 reiten, welches das Geſetz ihm zugedacht hatte; es war eine
301 562 1522 621 Prämie darauf geſetzt, ihn zur Verantwortung zu ziehen. Damit
303 627 1521 684 war alſo der Schuldner gewiſſermaßen unter öffentlichen Schutz
303 688 1520 744 geſtellt — in der That ein eben ſo ingeniöſes, als wirkſames
301 747 1521 806 Mittel, den Druck, den der Gläubiger auf ihn ausübte, zu para-
302 810 1522 872 lyſiren. Daß das Motiv, welches regelmäßig zur Anſtellung
302 873 1523 932 einer ſolchen Klage beſtimmte, nicht auf jenen Zweck gerichtet
300 934 1521 996 war,  daß der Kläger ſehr häufig, weit entfernt bei Anſtellung
298 998 1522 1058 der Klage das Intereſſe des Schuldners zu verfolgen, ſich lediglich
298 1060 1521 1118 durch die Ausſicht auf den von der öffentlichen Moral für nichts
298 1123 1517 1180 weniger als ehrenhaft bezeichneten eigenen Erwerb leiten ließ,
297 1183 1517 1240 that der Wirkſamkeit des Mittels nicht im Mindeſten Abbruch.
298 1245 1517 1306 Gerade im Gegentheil, daß das Geſetz das Motiv ſo niedrig ge-
297 1308 1516 1365 griffen, daß es nicht, wie in ſo manchen andern ähnlichen Fällen,
297 1369 1515 1425 z. B. der postulatio suspecti tutoris an ein ſittliches Motiv,
295 1431 1520 1487 die Theilnahme für einen Hülfloſen, ſondern an die ſchnödeſte
296 1493 1516 1549 Art der Erwerbſucht appellirt hatte, gerade dieſer Umſtand
294 1554 1517 1614 ſicherte der Einrichtung den gewünſchten Erfolg, denn es rief in
295 1618 1514 1676 ihrem Dienſte die ganze Betriebſamkeit, Rührigkeit, Rückſichts-
295 1680 1514 1735 loſigkeit auf, über die der Eigennutz gebietet, wenn er das
296 1740 1514 1797 Gefühl der Scham verloren hat. Wer ſich einmal zu dem ver-
281 1804 1513 1861 achteten Gewerbe eines Quadruplator  herabgelaſſen hatte,
310 163 374 192 108
418 164 1485 212 Zweites Buch. Erſter Abſchn. III. Die Technik. A. Die Analytik.
468 1913 1512 1959 Das prätoriſche Edict nahm dieſen Gedanken für einige Fälle auf,
289 1962 1513 2010 ſo z. B. für die act. sepulcri violati, welche zunächſt dem Betheiligten und
289 2012 1513 2061 nach ihm Jedem, der Luſt hat, verſprochen wird L. 3 pr. §. 12 de sep. viol.
291 2064 1514 2111 (47. 12), ebenſo L. 5 §. 5 de his qui effud. (9. 3). Hiermit hängt vielleicht
290 2113 1512 2161 auch die exc. quasi popularis der lex Cincia (Vat. fr. §. 266) zuſammen.
463 2159 1511 2210 den übrigens Plautus in der Note 132 citirten Stelle ausdrücklich
290 2214 1510 2260 anerkennt: nam publicae rei causa quicunque id facit magis, quam sui
290 2266 1121 2302 quaesti … eum civem et fidelem esse et bonum.
459 2314 1508 2360 Der Quadruplator bemächtigt ſich eines fremden Proceſſes (Liv. III.
