1600 2635
266 304 1481 365 men, ob nicht mit der weitern Faſſung noch andere Zwecke ſich
265 379 467 418 verbanden.
342 443 1479 500 Dieſe Vermuthung wird durch einen zweiten Conflictsfall
266 504 1480 564 in hohem Grade unterſtützt, nämlich durch die Art, wie man bei
265 567 1481 624 dem Abzug und der zu dem Zwecke nöthigen Berechnung der
267 629 1479 692 Quarta Falcidia verfuhr. Aehnlich wie von der Dos heißt es
265 691 1482 749 von den Legaten, daß ſie durch das Falcidiſche Geſetz bis zu der
264 754 1429 809 dem Erben zuſtändigen Quart „ipso jure“ vermindert würden.
265 814 1483 873 Auch hier handelte es ſich um ein Abzugsrecht,  auch hier aber
266 872 1480 933 erhob ſich im älteren Recht dieſelbe Schwierigkeit der proceſſuali-
264 937 1483 997 ſchen Geſtaltung dieſes Abzugsrechts. Da nämlich bei einer
264 1000 1481 1059 Ueberbürdung der Erbſchaft mit Vermächtniſſen letztere ſich
264 1063 1482 1120 „ipso jure“ um ebenſo viel verringerten, als die Quart des
265 1128 1482 1184 Erben betrug, ſo lag in der Einklagung derſelben zum ganzen
266 1185 1481 1244 Betrage eine plus-petitio; wollte der Legatar ſich dagegen wah-
264 1249 1484 1304 ren, ſo mußte er die Quart ſelber abziehen. Aber wie konnte er
266 1309 1483 1365 es? wie konnte man von ihm verlangen,  daß er den Stand
264 1371 1484 1428 des Nachlaſſes ſo genau kenne oder in Erfahrung bringe? Der
265 1434 1485 1490 Erbe ſelber war vielleicht noch nicht einmal in der Lage, darüber
264 1496 1479 1553 genaue Auskunft zu geben, oder er verweigerte ſie in böſer Abſicht.
267 228 310 256 72
352 215 1399 262 Zweites Buch. Erſter Abſchn. III. Die Technik. A. Die Analytik.
418 1609 1483 1675 Wenn der arbiter den Betrag der Verwendungen ermittelt
263 1679 1483 1726 hatte, ſo konnte die Klägerin, bevor er erkannte: quanta sit dos, die Aus-
263 1729 1483 1777 lagen erſetzen und auf dieſe Weiſe ſich die unverkürzte Reſtitution der ur-
261 1781 1482 1827 ſprünglichen Dotalobjecte ſichern, arg. L. 56 §. 3 de J. D. (23. 3) v. nisi
263 1839 567 1878 impensa reddatur.
411 1890 1482 1934 L. 73 §. 5 ad leg. Falc. (35. 2) .. pro rata portione per legem
263 1942 1225 1987 ipso jure minuuntur. L. 1 §. 5 quod legat. (43. 3).
414 2000 1480 2044 Daher auch bei beiden dieſelben Ausdrücke: deducere und de-
263 2050 1481 2097 ductio ſ. z. B. L. 15, 16 de imp. (25. 1) .. ex dote deduci .. ex dote
263 2101 1478 2145 deductionem. L. 80 pr. ad leg. Falc. (35. 2) Ulp. XXV, 14 .. quarta
265 2150 1477 2195 deducta; detrahere L. 1 §. 5de dot. coll. (37. 7), L. 73 §. 5 ad leg.
262 2199 1480 2245 Falc. (35. 2). Ebenſo bei dem Pekulium (ſ. u.) L. 11 §. 7 de pec. (15. 1)
265 2257 850 2288 .. deducere … detrahere.
419 2311 1478 2354 L. 76 §. 1 de R. V. (6. 1) .. justam enim habet ignorantiam
262 2362 1046 2403 legatarius .. quotam partem vindicare debeat.
