1600 2659
98 184 1231 227 I. Der Selbſtändigkeitstrieb. 1. Die äußere Form des Rechts. §. 25.
68 277 1307 329 den zu werden, einer nähern Erläuterung, und zwar wird letz-
69 339 1309 392 tere ſich am einfachſten in der Weiſe geben laſſen, daß wir jene
67 401 1309 457 Behauptung gegen die möglichen Einwürfe, auf die ſie gefaßt
68 465 1308 518 ſein muß, vertheidigen. Man wird uns zuerſt einwenden, daß
68 528 1309 578 vieles in der Sitte beſtand, wovon ſich im geſchriebenen Recht
72 591 1309 642 keine Spur fand. Dies iſt allerdings unzweifelhaft, aber es
72 653 1308 706 relevirt aus dem Grunde nichts, weil der Sitte oder Gewohn-
72 718 1307 774 heit als ſolcher keine rechtlich verbindende Kraft zukam. Zugege-
71 775 1308 833 ben, daß es z. B. ganz allgemein üblich war bei Ausübung des
61 845 1309 898 jus necis ac vitae von Seiten des Vaters die Verwandten zu-
66 907 1305 959 zuziehen (Familiengerichte, B. 1 S. 179), die formloſen Aufla-
67 970 1284 1023 gen des Teſtators an den Erben (die Fideicommiſſe) zu erfüllen:
67 1033 1306 1084 wer im einzelnen Fall ſich über dieſe Sitte hinwegſetzen wollte,
68 1097 1310 1148 mochte es thun. Der Prätor würde den verlacht haben, der
67 1159 1307 1212 einen Anſpruch auf „das allgemein herrſchende und in der Ge-
66 1222 1310 1277 wohnheit ſich ausprägende Gefühl rechtlicher Nothwendigkeit“
67 1287 1309 1341 hätte ſtützen wollen. Es iſt nicht bedeutungslos, daß die Klagen
67 1350 1307 1400 des ältern Rechts legis actiones heißen, die des ſpätern Rechts
67 1414 1308 1464 actiones ſchlechthin. Eine lex iſt die normale Grundlage einer
64 1474 1330 1533 jeden Klage des ältern Rechts, alle legis actiones beruhen auf
68 1539 1244 1588 Geſetzen, theils auf den Zwölf Tafeln, theils auf ſpätern.
67 1601 1307 1652 Die Bedeutung der Sitte für das ältere Recht werden wir im
70 1665 1308 1716 letzten Abſchnitt dieſes Buchs ins Auge faſſen; ſie war eine
1262 186 1309 215 37
66 1817 1306 1858 geſchriebenen Rechts betrachtet worden ſei, ſo ſpricht dies eher gegen, als
64 1867 1306 1910 für ſeine Meinung; und er ſelbſt erkennt (S. 24) auch den „Vorzug des ge-
66 1918 1306 1959 ſetzlich niedergeſchriebenen Rechts der Zwölf Tafeln an, an welches alles an-
67 1969 1307 2011 dere Recht angeſchloſſen wurde, wodurch es denn allerdings als ein damit
67 2019 1307 2060 identiſches anerkannt wurde, andererſeits aber eine ſekundäre Stelle
71 2070 1306 2112 gegen das geſetzliche erhielt.“ Wir werden in §. 27 auf die interpre-
69 2120 383 2161 tatio zurückkommen.
201 2170 1016 2214 Gaj. IV. §. 11 … quia legibus proditae erant.
195 2221 1304 2265 Gaj. IV. §. 11—29. Nur die legis actio per pignoris capionem
65 2270 1306 2320 ſtand in einem Fall moribus zu, Gaj. IV. §. 27, aber es iſt nicht außer Acht
65 2322 1305 2367 zu laſſen, daß ſie keine Klage war und nicht einmal vor Gericht vorgenommen
65 2375 592 2416 werden mußte, Gaj. ibid. §. 29.
