1600 2635
104 193 1215 247 A. Der Proceß. Vertheidigung. Gegenanſprüche in Negationsform. §. 52.
100 282 1286 347 Wie will man ſie aber hier einfügen? Etwa ſo: die Frau hätte,
103 346 1290 408 ſei es ſofort nach Beſtellung und Auszahlung der Dos, ſei es
93 406 1291 471 ſpäter zu irgend einem beliebigen Zeitpunkt den Betrag der Dos
103 462 1293 527 richterlich feſtſtellen laſſen können? Aber wozu das? Konnte die
100 522 1292 595 Frau bei Gelegenheit der Präjudicialklage den Betrag nachwei-
103 586 1293 658 ſen, und dies mußte ſie ja, um den Richter zu überzeugen, ſo
103 648 1293 720 konnte ſie es auch bei Gelegenheit der Dotalklage. Wozu alſo
103 716 1296 785 dieſer anticipirte Beweis, für den der ältere Proceß ſonſt gar
97 777 1294 844 keine Parallele darbietet? Und wenn er für den Dotalanſpruch
108 841 1292 907 möglich war, warum nicht auch für jede andere Forderung? Kurz,
101 894 1293 970 jene Präjudicialklage hat gar keinen Sinn, wenn man ſie ledig-
98 964 1295 1030 lich auf die Forderung der Klägerin bezieht. Dagegen gewinnt
99 1023 1291 1092 ſie eine ungeahnte Bedeutung, ſowie man ſie mit der Gegenfor-
107 1091 1294 1153 derung des Beklagten in Beziehung ſetzt; denn daß letztere einen
99 1140 1292 1217 Gegenſtand des Streits unter den Partheien abgeben konnte,
96 1214 1293 1278 und zwar nicht bloß die Frage über den Betrag der Verwen-
95 1268 1293 1341 dungen, ſondern auch die über ihren Charakter als nothwen-
97 1328 1295 1401 diger Auslagen  liegt ebenſoſehr auf der Hand, als daß man
98 1392 1293 1466 der Frau nicht zumuthen konnte, dieſe Frage in Form des ge-
103 1450 1294 1524 wöhnlichen Proceſſes mit Gefahr der plus-petitio zur Entſchei-
101 1513 1296 1583 dung zu bringen, ganz abgeſehen von dem Fall, wenn beide
93 1582 1294 1641 Partheien in Frieden und ohne Proceß auseinander kommen woll-
94 1638 1293 1712 ten.  Daß die Formel der Klage, wenn Gajus ſie ſonſt rich-
84 1708 1295 1773 tig mittheilt, nicht direct auf die Höhe der Impenſen, ſondern
105 1771 1295 1837 auf die der Dos lautete, wird als Gegengrund nicht angeführt
104 1834 1295 1899 werden dürfen; denn der Sache nach ſteckte in der einen Frage
94 1892 1292 1960 zugleich die andere,  und wir ſind nicht in der Lage zu beſtim-
1247 211 1287 239 71
182 1985 1295 2031 L. 15 de imp. (25. 1) … non tam facile in universum definiri
98 2040 231 2073 possunt.
245 2084 1295 2135 Ebenſo wenn es ſich z. B. bei Gelegenheit der Collation der Dos
93 2134 1294 2188 um deren Höhe handelte L. 1 §. 5 de dot. coll. (37. 7) … impensarum
88 2185 548 2219 necessariarum fit detractio.
240 2243 1293 2297 Ebenſo wird bei dem Streit über den Betrag der Quarta Falcidia
92 2287 1295 2352 die Frage nicht direct auf dieſen Betrag, ſondern auf den des Nachlaſſes ge-
88 2339 305 2384 richtet (ſ. u.).
