1600 2586
274 182 1214 224 3. Das religiöſe Prinzip — das Fas, die pontifices. §. 18.
154 269 1360 322 zuführen, doch erſt eine Entſcheidung des Pontificalcollegiums
156 330 1362 381 über eine Präjudicialfrage des Fas vorausſetzten. Außer den
157 391 1360 441 bereits von Rubino und in der Note hervorgehobenen Beiſpie-
156 452 1363 508 len nenne ich als ſolche Lehren, die dem geiſtlichen Recht ihre
156 512 1284 565 Ausbildung verdankten, namentlich die Lehre von der Zeit,
159 635 1361 686 nennen auch die usucapio pro herede. Bei einigen Rechtsge-
160 696 1364 747 ſchäften wie der Eingehung der Ehe durch confarreatio, der
160 756 1365 808 arrogatio und dem testamentum in comitiis calatis fand eine
160 817 1363 869 Zuziehung des Pontifex maximus oder des ganzen Collegium
162 875 1363 928 Statt, und damit war der geiſtlichen Jurisprudenz die Gele-
160 937 1364 991 genheit gegeben, auf die Theorie dieſer Rechtsgeſchäfte zu in-
158 998 1366 1049 fluiren.  Auch auf die Ausbildung des Kriminalrechts muß
1294 180 1358 210 261
160 1076 1369 1119 ſich auf ein Begräbniß bezogen, alſo namentlich hinſichtlich der actio fune-
163 1124 1367 1167 raria (nachher ins Edikt des Prätors übertragen, ihrer ganzen Structur nach
163 1173 1367 1215 aber unverkennbar nicht unter dem Einfluß civiliſtiſcher Ideen entſtanden),
163 1221 1369 1264 hinſichtlich der legis actio sacramento (ſ. u.). Noch zu Papinians Zeit
162 1270 1368 1313 konnte der Erbe zur Erfüllung der vom Teſtator in ſeinem Teſtament ihm
161 1318 1369 1362 zur Pflicht gemachten Errichtung eines Monuments durch das Pontifical-
163 1370 1368 1411 collegium gezwungen werden, L. 50. §. 1 de her. pet. (5. 3) … tamen
163 1419 1369 1459 Principali vel Pontificali autoritate compelluntur ad obsequium supre-
162 1464 1370 1507 mae voluntatis. — Daß die jura sepulchrorum dem indignus, dem die
165 1515 1371 1556 Erbſchaft entzogen ward (L. 33 de relig. 11. 7) und dem suus heres, der
165 1561 1370 1604 ſich abſtinirte (L. 6 ibid.) verblieben, war gegen die Conſequenz des Civil-
164 1610 1370 1652 rechts, und ich möchte dieſe Abnormität dem Einfluß des geiſtlichen Rechts
162 1662 338 1703 zuſchreiben.
334 1709 1371 1751 Vor allem die computatio civilis, über deren Anwendung auf die
163 1759 1373 1800 Begründung der manus durch usus ein Ausſpruch des Pontifex Quint. Mu-
166 1808 1182 1848 cius von Gellius III. 2 mitgetheilt wird, den Schalttag u. ſ. w.
338 1855 1372 1898 Inſoweit ſie eine Beziehung auf das geiſtliche Recht hatte. Die
167 1904 1201 1961 XII Tafeln erkannten ſie in dieſer Richtung an. Gajus IV. §. 28.
339 1939 1372 1994 Wenn Beamte oder das Volk ein Votum ablegten, ſo pflegte der
167 2003 1370 2043 Pontifex maximus die Formel vorzuſagen Liv. XXXI. 9, XXXVI. 2,
166 2046 1370 2091 XLI. 21. Valerius Maximus VIII, 13, 2 rühmt es dem Metellus nach, daß
166 2101 1371 2140 er senex admodum pont. max. creatus tutelam caeremoniarum per duos
168 2151 1369 2190 et viginti annos neque ore in votis nuncupandis haesitante, neque …
170 2201 1110 2240 gessit. Brissonius de vocibus ac formul. lib. l cap. 128.
336 2245 1372 2288 Mit Recht hebt Rubino S. 213 hervor, daß es ſich hierbei nicht
171 2297 1144 2340 bloß oder auch nur vorzugsweiſe um die sacra gehandelt habe.
