1600 2659
121 214 1235 256 I. Der Selbſtändigkeitstrieb. 1. Die äußere Form des Rechts. §. 25.
73 306 1311 357 rungsprozeß deſſelben begann erſt gegen das Ende der Republik
72 368 1308 420 mit dem Aufkommen der die Volksgerichte vertretenden ſtändi-
73 431 1311 486 gen Commiſſionen (quaestiones perpetuae). So lange das Volk
73 495 1310 547 ſelbſt in ſeinen Comitien die Strafgerichtsbarkeit ausübte, war
71 557 1309 611 dieſe Form des Prozeſſes einer Fixirung der materiellen ſtraf-
74 621 1310 676 rechtlichen Grundſätze mindeſtens geſagt ungünſtig. Allerdings
77 684 1308 738 enthielten die Zwölf Tafeln einige ſpezielle criminaliſtiſche Be-
73 749 1310 801 ſtimmungen und namentlich den allgemeinen Grundſatz, daß
70 811 1310 859 Kapitalſtrafen nur von den Centuriatcomitien erkannt werden
71 875 1308 925 dürften, auch werden in einigen Fällen leges und mores als
69 937 1311 989 Anhaltspunkte für die Anklage erwähnt, jedoch beweiſt die
70 1001 1307 1050 Art und Weiſe, wie das Volk die ihm zuſtehende Gewalt aus-
72 1062 1309 1118 übte, daß es ſich im allgemeinen durch Regeln nicht gebunden
71 1128 1309 1181 erachtete, ſondern dem Totaleindruck des Falles, der Eingebung
69 1191 1308 1243 des Augenblicks, ja, wir möchten von unſerm heutigen Stand-
71 1254 1310 1306 punkt ſagen, der reinen Laune und Willkühr folgte. Wie
73 1317 1309 1368 verſchieden ward oft ein und daſſelbe Verbrechen beſtraft, und
72 1380 1310 1432 welche Gründe, die nach unſerer heutigen Auffaſſung mit der
70 1444 1309 1511 Strafwürdigkeit des Angeklagten nichts gemein haben, gaben
70 1506 655 1558 hier nicht ſelten den Ausſchlag!
143 1569 1307 1621 Man hat jene Strafgerichtsbarkeit des Volks als eine Ver-
71 1632 1304 1683 einigung der geſetzgebenden und richterlichen Gewalt bezeichnet,
72 1695 1307 1748 die Urtheile Geſetze für den einzelnen Fall genannt, und die-
1260 218 1308 247 43
194 1839 1305 1881 Liv. XXVI. 3 … quominus seu legibus, seu moribus mallet,
69 1891 257 1929 anquireret.
193 1939 1305 1982 S. hierüber die in Note 26 citirte Schrift von Platner quaest. I und
73 1990 1101 2034 Geib Geſchichte des römiſchen Kriminalprozeſſes S. 125—128.
198 2040 1306 2084 Geib a. a. O. S. 126: „Gleich wie nach griechiſchen Rechtsbe-
76 2091 1307 2135 griffen war es auch in Rom entſchiedener Grundgedanke, daß die Richter in
77 2142 1307 2184 Criminalſachen nicht bloß Diener des Geſetzes ſeien und als ſolche unter
75 2193 1309 2236 denſelben ſtünden, ſondern daß ſie zugleich gewiſſermaßen als deſſen Be-
72 2244 1307 2286 herrſcher betrachtet werden müßten und daher ſo oft dies die Umſtände ver-
68 2296 1306 2339 langten, ſogar über daſſelbe ſich erhoben, gleichſam die Geſetzgeber für den
70 2346 1306 2390 einzelnen Fall vorſtellen ſollten.“ S. 127: „Das Volk war nicht bloß überall
68 2397 1305 2443 der Sache nach Geſetzgeber und Richter, ſondern es vermengte auf dieſe
