1600 2680
247 262 1503 317 ſtulirten Formen ſind es, die den Begriff des formellen
245 325 1505 383 Rechtsgeſchäfts conſtituiren. Bei der zweiten Art erſcheint
246 389 1501 448 das Rechtsgeſchäft lediglich als äußere Veranlaſſung zur Vor-
244 454 1500 514 nahme einer anderen bedingungsweiſe vorgeſchriebenen Hand-
246 514 1502 575 lung.  Das formelle Rechtsgeſchäft läßt ſich mithin definiren
244 582 1503 641 als dasjenige, bei dem ſich die Nichtbeachtung der
243 645 1500 705 rechtlich erforderlichen Form der Willensäußerung
243 709 1497 766 im Rechtsgeſchäft ſelbſt rächt. Requiſite des Rechts-
244 771 1496 833 geſchäfts, die ſich nicht auf die Form der Willensäußerung
242 837 943 888 beziehen, gehören gar nicht hieher.
316 900 1496 956 Jede Formvorſchrift enthält eine Beſchränkung des Willens
240 962 1498 1023 in der Wahl ſeiner Ausdrucksmittel, aber nicht jede derartige
238 1026 1494 1086 Beſchränkung begründet den Begriff des formellen Geſchäfts.
238 1091 1495 1148 Die Beſchränkung kann eine negative oder poſitive ſein. Erſte-
238 1156 1493 1210 res, wenn nur ein gewiſſes Aeußerungsmittel (z. B. die ſtill-
238 1218 1494 1277 ſchweigende Erklärung) oder der Abſchluß an einem gewiſſen
236 1281 1490 1338 Ort, zu einer gewiſſen Zeit geſetzlich ausgeſchloſſen iſt, letzteres,
236 1344 1493 1404 wenn die Aeußerungsform poſitiv fixirt iſt.  Dort dürfen
235 1407 1492 1464 wir von „Formbeſchränkungen“, nicht aber von einem formellen
237 1470 1491 1531 Geſchäft reden, denn die von dem Handelnden angewandte
234 1535 1491 1595 Form iſt trotz der Beſchränkung in der Wahl nichts deſto weniger
234 1598 1489 1658 ein Werk der Wahl geweſen, ſie hat alle Eigenſchaften der
230 1662 1489 1722 freien oder individuellen Form, von denen ſogleich die Rede ſein
233 1726 1489 1786 wird, während das formelle Geſchäft, ſoweit die Formvorſchrift
232 1789 1074 1845 reicht, jede Wahl und Freiheit ausſchließt.
306 1853 1485 1911 Demzufolge würde ſich der Begriff des formloſen Rechts-
248 170 325 201 500
347 167 1505 214 Zweites Buch. Erſter Abſchn. III. Die juriſt. Technik. B. Des ält. Rechts.
231 2007 1482 2057 Stempelpapier geſichert. Mit dem obigen Gegenſatz hängt, inſoweit es ſich
229 2057 1484 2107 dabei um Beachtung einer Form handelt, der der leges perfectae und mi-
230 2112 755 2154 nus quam perfectae zuſammen.
405 2161 1486 2213 Der Miethcontract mit dem Geſinde iſt in unſerm heutigen Recht
227 2211 1482 2262 durch das vielfach vorkommende Gebot polizeilicher Anmeldung des Geſindes
227 2261 619 2306 kein formeller geworden.
406 2316 1479 2367 Dieſe Fixirung kann auch lediglich den Ort (z. B. vor Gericht,
226 2364 1327 2416 auf der Börſe) und denkbarerweiſe könnte ſie auch die Zeit betreffen.
