1600 2659
118 187 1257 232 I. Der Selbſtändigkeitstrieb. 2. Zu-Sich-Kommen des Rechts. §. 26.
87 278 1325 335 ſoriſchen Sittenpolizei. Warum entwickelte ſich nicht auch hier
87 343 1325 394 in ähnlicher Weiſe wie in der Praxis der Prätoren ein edic-
87 404 1323 458 tum perpetuum, ein officieller römiſcher Sittlichkeitscodex?
85 469 1324 524 Daran zeigt ſich wieder der römiſche Takt, daß er hier das We-
89 533 1322 588 ſen der freien Sitte und des individuellen Sittlichkeitsgefühls
90 596 1321 650 im Gegenſatz zu der Gebundenheit und Objektivität des Rechts
90 661 1326 714 feſtzuhalten verſtand. Er war der Verſuchung gewachſen, die
91 724 1323 777 in nicht geringem Grade in dem Charakter der Cenſur als einer
89 786 1320 841 Staatsanſtalt lag, und der der Geiſt des Orients erlegen wäre,
85 849 1322 902 der Verſuchung nämlich, die ſittlichen Grundſätze zu fixiren und
85 914 1321 966 zu normiren und dadurch die freie Bewegung des ſittlichen Gei-
86 977 1323 1029 ſtes zu erſchweren. Die römiſche Religiöſität erſtarrte in dieſer
85 1038 1322 1093 Weiſe, die römiſche Sittlichkeit nicht, und darum ſteht letztere
86 1102 582 1153 auch höher, als erſtere.
157 1165 1321 1220 Wie Recht und Sitte, ſo ſtehen ſich auch der Richterſpruch
85 1230 1320 1283 und das cenſoriſche Urtheil entgegen. Erſterer beruht nach
86 1293 1317 1345 rechtlicher Fiction auf objektiver Wahrheit und iſt unumſtößlich,
86 1357 1323 1410 ſo wie er erlaſſen. Das Urtheil des Cenſors hingegen enthält
86 1419 1319 1471 den Ausdruck des ſubjektiven ſittlichen Gefühls und iſt wider-
84 1482 1321 1536 ruflich. Der Spruch des Richters hat rechtliche Wirkungen, der
83 1546 1320 1597 des Cenſors nicht. Was letzterer auch geboten und verboten
86 1608 1320 1661 haben mag, rechtlich bindet es nicht. Das Mittel, das ihm
1280 194 1327 223 53
209 1764 1318 1806 Varro de lingua lat. lib. V. p. 58. Praetorium jus ad legem,
83 1816 869 1855 censorium judicium ad aequum aestimabatur.
211 1864 1319 1907 Es werden Edikte der Cenſoren erwähnt, wodurch gewiſſe Arten des
83 1915 1317 1960 Luxus unterſagt wurden, Plinius hist. natur. lib. VIII c. 77, 78, 82, lib.
86 1965 1319 2009 XIII c. 5, allein daß ſie keine Antwort auf die im Text aufgeworfene Frage
88 2016 733 2057 enthalten, brauche ich kaum zu bemerken.
213 2065 1319 2110 Daß die Religiöſität und Sittlichkeit in Rom ſich gegenüberſtellen
88 2116 1186 2160 laſſen, darüber habe ich mich ſchon im 1. B. S. 316 ausgeſprochen.
219 2169 1320 2210 Cicero pro Cluentio c. 42: Majores nostri (animadversionem et
85 2221 1319 2262 auctoritatem censoriam) nunquam neque judicium nominaverunt, neque
84 2271 793 2310 perinde ut rem judicatam observaverunt.
215 2320 1317 2364 So bedeutend auch der Einfluß des Cenſors, ſo hoch die Achtung war,
83 2373 1318 2415 deren er genoß, ſo würde er doch nie gewagt haben, die Prätenſion zu erhe-
