1600 2659
191 228 1262 279 I. Der Selbſtändigkeitstrieb. 4. Verwirklichung des Rechts. §. 28.
130 318 1349 374 Rechtsverhältniſſen zeigt ſich auch darin, daß die rückwirkende
130 382 1347 445 Anwendung der Geſetze gewöhnlich durch einen ausdrücklichen
130 445 685 498 Zuſatz ausgeſchloſſen war.
205 500 1347 572 Dem bisherigen nach, und ich glaube auch hinzufügen zu
132 571 1346 633 dürfen, nach dem Totaleindruck des ganzen ältern Rechts wird
133 633 1347 695 man letzterem unmöglich den Grundſatz der Unverletzlichkeit der
134 699 1345 764 erworbenen Rechte abſprechen können. Dieſe erſte Anforderung
130 762 1343 818 des natürlichen Rechtsgefühls konnte einem Volke, bei dem das
125 822 1341 887 Rechtsgefühl ſo ſehr ſeinen Halt und Inhalt in ſich ſelbſt fand,
122 887 1338 951 ſo ſtark pulſirte, wie bei dem römiſchen, unmöglich entgehen.
119 949 1338 1011 Den Römern war die moderne Abſtraction, daß das Einzel-
118 1011 1339 1078 Recht ſeine ganze Exiſtenz dem objektiven Recht verdanke, völlig
117 1074 1337 1137 fremd, und in einer Aufhebung der jura quaesita durch ein Ge-
114 1138 1339 1202 ſetz konnten ſie nicht einen völlig berechtigten Vorgang, ſondern
112 1203 1338 1266 nur ein von Seiten des Volks dem Einzelnen zugefügtes Unrecht
113 1265 278 1306 erblicken.
187 1329 1337 1390 Neben dieſem bisher betrachteten Grundſatz kömmt nun für
109 1391 1335 1451 die Unabhängigkeit der Verwirklichung des Rechts ein anderer
106 1453 1334 1514 Punkt in Betracht, der für dieſe Frage überall von entſcheiden-
105 1517 1331 1579 der Bedeutung iſt — die Garantie einer unabhängigen, gleich-
105 1580 1331 1639 mäßigen und unbeſtechlichen Civil-Juſtiz. Die äußeren Ein-
104 1642 1330 1704 richtungen der Gerichtsverfaſſung, die Formen des Verfahrens
101 1707 1329 1767 und das materielle Recht vermögen durch ſich allein dieſe Ga-
100 1771 1329 1831 rantie nicht zu verleihen, d. h. die moraliſche Integrität des
98 1831 1329 1894 Richterſtandes nicht entbehrlich zu machen, aber wie ſie ſelbſt bei
97 1896 1329 1956 der moraliſchen Verderbtheit des Volks und folglich auch der
95 1956 1329 2018 Richter immer doch einen gewiſſen Schutz gewähren, ſo ſind ſie
98 2021 1324 2083 auch für moraliſch unverdorbene Zeiten von hoher Wichtigkeit.
1303 242 1348 272 79
225 2207 1324 2258 Z. B. Ne quis post hanc legem rogatam (L. pr. ad leg. Falc.
94 2257 1125 2308 (35. 2), ne quis posthac (L. 12 ad leg. Jul. de adult. (48. 5).
216 2308 1324 2361 Die eigenthümliche Beſchaffenheit der römiſchen Kriminaljuſtiz iſt
91 2358 1324 2409 bereits früher (§. 25) entwickelt, auf letztere braucht daher an dieſer Stelle
91 2408 763 2457 keine Rückſicht mehr genommen zu werden.
