1600 2659
63 293 1301 345 telt das läſtige Joch ab. Es iſt ja ſo leicht und natürlich ein
61 355 1300 408 Geſetz durch das andere zu beſeitigen oder zu ändern, und es
57 411 1302 471 wäre ja thöricht, eine Laſt zu tragen, deren man ſich entledigen
59 482 1299 535 kann! Das iſt leider eine heutzutage ſehr verbreitete Anſchauung;
62 545 1300 596 in Geſetzen, die anfangen drückend zu werden, ſieht man nicht,
37 608 1302 661 wie der Römer und Engländer, einen alten Freund, von dem
64 673 1302 724 man höchſt ungern ſich trennt, den man daher ſo lange wie
62 737 1299 788 möglich zu ertragen ſucht, ſondern einen Diener, den man ange-
62 796 1301 850 ſtellt hat, weil man ihn braucht, und den man entläßt, wenn
59 862 1299 914 man ſeiner überdrüßig geworden iſt. Mit dieſer nach Volk und
57 924 1299 978 Zeit verſchiedenen Geneigtheit, ſich unbequem gewordener Ge-
59 989 1300 1040 ſetze zu entledigen, hängt eine Verſchiedenheit des moraliſchen
59 1051 1298 1102 Anſehns, deſſen das Recht bei dem Volk und in der Zeit ſich er-
58 1115 1298 1166 freut, inniger zuſammen, als man glaubt. Das Verhältniß des
58 1177 1299 1229 Volks zu ſeinen Geſetzen iſt eine Ehe; wo ſie beim erſten
59 1242 1298 1294 Zerwürfniß gelöſt wird, da kann das Verhältniß kein inniges
62 1305 1299 1356 geweſen ſein, da iſt dies ein Zeichen, daß das Recht ſelbſt keine
62 1368 1298 1419 große Macht über die Gemüther ausübt. Wo aber das Recht
59 1432 1299 1481 dieſer Macht ſich erfreut, wird man auch die beſtehenden Geſetze
57 1495 1297 1546 mit Liebe pflegen und dulden und zur Scheidung ſich nur im
59 1559 577 1607 äußerſten Fall entſchließen.
133 1619 1296 1672 Die Dauerhaftigkeit der Geſetze ſteht nun mit der intenſiven
60 1684 1295 1733 Kraft, die der Gedanke des Rechts über das Gemüth eines
58 1747 1296 1800 Volks ausübt, in inniger Wechſelwirkung d. h. ſie hat in ihr
57 1811 1296 1862 ihren Grund, aber ſie wirkt auch auf ſie zurück, ſowie umgekehrt
56 1872 1293 1926 daſſelbe von der Hinfälligkeit der Geſetze gilt. Für die Selb-
57 1936 1295 1990 ſtändigkeit des Rechts iſt jene Dauerhaftigkeit, eben weil ſie
76 199 1231 243 I. Der Selbſtändigkeitstrieb. 3. Selbſterhaltungstrieb des Rechts. §. 27.
1254 201 1301 231 63
187 2087 1292 2131 In der ältern Rechtsſprache bezeichnet Ehe (Bund) bekanntlich das
60 2138 1293 2181 Recht ſelbſt, aber an ein dadurch ausgedrücktes ſittliches Verhältniß iſt wohl
59 2188 1292 2233 weniger zu denken, als an die bindende Kraft des Rechts, ähnlich wie bei jus
58 2240 332 2279 ſ. B. 1 S. 204.
185 2291 1292 2326 Aus den Mortalitätstabellen und der mittleren Lebensdauer der Ge-
56 2342 1294 2385 ſetze ließe ſich alſo, von beſondern Verhältniſſen abgeſehen, ein Schluß auf
56 2394 936 2436 die moraliſche, dem Recht innewohnende Kraft machen.
