1600 2659
231 283 1468 338 daß das Geſetz ſelbſt an Inhalt gewinnt, ſondern daß es auch
232 344 1467 401 allſeitig Wurzeln treibt und mit der Totalität des Rechts ver-
231 411 1467 464 wächſt. Anfänglich ein Ding für ſich, wie das Samenkorn, iſt
232 474 1465 529 es, ſeitdem es Wurzeln geſchlagen, ein Theil des Ganzen ge-
231 539 1467 593 worden, und darin liegt ſchon, daß es ſich nicht ſo leicht mehr
231 601 511 650 entfernen läßt.
304 664 1467 719 Kehren wir jetzt zu dem Zwölftafeln-Geſetz zurück. Wir ſag-
228 727 1467 782 ten oben, daß ſeine Dauerhaftigkeit zum Theil in ſeiner ge-
228 789 1467 843 ſunden Conſtitution ihren Grund gehabt habe. Dies ſoll hei-
227 854 1465 906 ßen, daß die Beſchaffenheit des Geſetzes ein ſolches inneres Ge-
225 916 1464 970 deihen und Wachsthum, von dem eben die Rede war, in hohem
227 979 1464 1034 Grade möglich gemacht habe. Die innere Bildungsfähigkeit der
227 1042 1462 1097 Geſetze iſt begreiflicherweiſe verſchieden; es kann Geſetze geben,
227 1106 1465 1160 bei denen ſich das innere Leben nur ſehr mühſam in geringem
223 1168 1462 1223 Maße entwickelt, und andere, für die das Entgegengeſetzte gilt.
223 1232 1462 1286 Zu dieſer letzteren Klaſſe gehörte unſer Geſetz. Einen Haupt-
224 1295 1464 1347 grund ſeiner Bildungsfähigkeit finde ich darin, daß daſſelbe das
222 1356 1465 1410 Prinzip der Autonomie in ausgedehnteſter Weiſe anerkannt
223 1420 1463 1473 hatte ſowohl für das individuelle Rechtsleben hinſichtlich der
221 1483 1460 1537 ſolennen Rechtsgeſchäfte  unter Lebenden und der letztwilligen
222 1545 1461 1598 Verfügungen,  als für das corporative Leben. Denn damit
221 1611 1460 1663 war nicht bloß einerſeits die Gefahr, die der Bildungstrieb des
218 1673 1459 1726 Lebens dem Geſetz hätte bereiten können, aus dem Wege ge-
219 1730 1458 1788 räumt, da dieſem Triebe ja der weiteſte Spielraum geöffnet
219 1799 1456 1852 war, ſondern andererſeits diente gerade die Bethätigung dieſes
220 1860 1455 1914 Triebes recht zur Befeſtigung des Geſetzes, inſofern nämlich
212 1925 1457 1977 der rechtliche Beſtand der Schöpfungen, die er hervorgebracht
232 193 280 224 68
415 192 1296 234 Zweites Buch. Erſter Abſchnitt. II. Die Grundtriebe.
348 2080 1456 2124 Cum nexum faciet mancipiumve, uti lingua nuncupassit, ita jus
218 2136 295 2161 esto.
348 2181 1336 2224 Uti legassit super pecunia tutelave suae rei, ita jus esto.
348 2232 1450 2275 L. 4 de colleg. (47. 22) Gajus Lib. 4 ad leg. XII tab. Sodales
216 2282 1450 2328 sunt, qui ejusdem collegii sunt, quam Graeci ἑταιϱίαν vocant. His au-
216 2334 1448 2376 tem potestatem facit lex, pactionem, quam velint, sibi ferre, dum ne
216 2382 788 2424 quid ex publica lege corrumpant.
