1600 2635
63 254 1256 307 fall der Vindication die hier in Frage geſtellte Möglichkeit der
24 317 1252 368 negativen Beantwortung beider Fragen aus den Quellen nach-
27 379 1255 429 gewieſen werden, und ich zweifle nicht im Mindeſten daran, daß
60 440 1255 492 ſie für die reivindicatio ſchlechthin beſtanden hat, daß alſo der
57 502 1254 608 Richter, anſtatt poſitiv zu erklären rem rei videri, negativ er-
57 566 780 615 kennen durfte: rem actoris non videri.
128 628 1256 681 Es war eine ganz richtige Erfaſſung des Verhältniſſes, wenn
58 691 1252 746 man dem Beklagten, der hier in Wirklichkeit als Kläger auftrat,
59 754 1256 807 bei der ſolennen Einleitung des Proceſſes auch ganz dieſelben
57 810 1255 870 Handlungen auferlegte, die der Kläger zu vollziehen hatte. Wie
54 879 1255 932 dieſer ſo hat auch er zu vindiciren (contravindicare),  ſo wird
55 942 1254 993 auch er nach der causa ſeines Eigenthums gefragt, ſo ruft auch
55 1001 1253 1058 er ihn aufs Grundſtück hinaus,  ſo werden beide gleichmäßig
54 1064 1254 1117 vom Prätor zur Ruhe verwieſen, ſo kann letzterer dem einen
55 1129 1254 1182 oder andern von ihnen die Vindicien geben — kurz dieſelbe
54 1191 1254 1243 Duplicität, die in modernerer Form im interdictum uti possi-
53 1253 1252 1307 detis wiederkehrt, findet ſich bereits im älteſten Vindicationspro-
54 1317 718 1367 ceß aufs vollſtändigſte durchgeführt.
126 1379 1253 1433 Was mag nun zu dieſer eigenthümlichen Geſtaltung des
225 164 1089 208 A. Der Proceß. Vertheidigung — Doppelklage. §. 52.
1211 168 1255 199 91
216 1527 1259 1569 Der Beklagte hatte in dem Fall ſein sacramentum nicht verwirkt,
56 1577 1260 1618 denn er hatte den Proceß gewonnen, wenngleich der Richter ſeinem poſi-
57 1627 1259 1669 tiven Antrag nicht entſprochen hatte; anders Wetzell Röm. Vindications-
57 1677 1260 1722 proceß S. 45. Ob die Vindicien ihm oder dem Kläger ertheilt waren, war
56 1728 1261 1770 ſowohl hierfür wie für die ganze Partheiſtellung und den Beweis meiner
57 1779 1260 1821 Ueberzeugung nach ohne allen Einfluß; eben darum werden die Vindicien erſt
57 1830 1260 1870 ertheilt, nachdem vindic. und contravindic. vorgenommen ſind und damit
56 1878 1261 1920 das Partheiverhältniß und die Beweislaſt fixirt iſt. Der Kläger mußte mit-
56 1928 1260 1971 hin, wenn ihm die Vindicien ertheilt waren, den Beſitz ſelbſt dann heraus-
57 1980 1259 2022 geben, wenn der Richter bloß ihn abgewieſen hatte, ohne dem Beklagten das
57 2029 1241 2071 Eigenthum zuzuerkennen. Wohin würde auch das Gegentheil geführt haben!
57 2080 1260 2123 Durch die Abſprechung der Vindicien hätte der Prätor den beſitzenden Eigen-
56 2130 1260 2173 thümer in die Lage bringen können, jedem Nichteigenthümer gegenüber ſein
57 2181 520 2223 Eigenthum beweiſen zu müſſen!
223 2232 1258 2275 Gaj. I. 135, II. 24. Der Ausdruck kommt bei der Schilderung
56 2282 574 2326 der Sache ſelbſt IV. 16 nicht vor.
216 2334 641 2373 Cicero pro Murena c. 12.
