1600 2659
284 343 1518 404 thümer keine Beſchränkungen auf.  Aus baupolizeilichen
285 406 1517 470 Gründen ſollte nach den XII Tafeln zwiſchen den Häuſern ein
281 469 1514 527 Zwiſchenraum von 5 Fuß  gelaſſen werden und verbautes
282 533 1512 590 fremdes Material vom Eigenthümer nicht vindicirt werden dür-
283 595 1513 657 fen, dafür ward letzterem aber eine Klage auf das Doppelte des
282 658 1068 716 Werthes gegeben (act. de tigno juncto).
356 721 1513 783 Damit haben wir die Beſchränkungen des Eigenthums,
281 785 1515 844 die dem ältern Recht angehören, genannt. Um ſich zu überzeu-
281 848 1516 910 gen, wie verhältnißmäßig unbedeutend ſie ſind, wie wenig dieſe
281 910 1513 971 Seite der Gebundenheit des Eigenthums gegenüber der Frei-
280 973 1512 1033 heit deſſelben in Betracht kommt, braucht man letztere nur eines
277 1036 1511 1098 Blickes zu würdigen. Zunächſt und vor allem iſt die freie Ver-
279 1100 1515 1161 äußerlichkeit des Eigenthums feſtgehalten, das ältere Recht
278 1162 1512 1221 kannte keine Veräußerungsverbote,  wie das ſpätere, keine
277 1224 1513 1285 Befugniß dritter Perſonen z. B. der Gläubiger im Con-
278 1287 1512 1347 curſe  geſchehene Veräußerungen zu widerrufen. Ein Ge-
277 1351 1513 1413 ſichtspunkt, der anderwärts mannigfache Beſchränkungen des
277 1415 1514 1476 Veräußerungsrechts wenigſtens für unbewegliche Sachen zur
275 1478 1511 1535 Folge gehabt hat, iſt die Rückſicht auf die Familie. Für das
277 1541 1507 1601 älteſte Recht ſahen wir uns zu der Annahme veranlaßt (B. 1,
277 1600 1509 1664 S. 188 fl.), daß der Familie ein gewiſſes Einſpruchsrecht zu-
276 1668 1510 1725 geſtanden habe, für die gegenwärtige Periode hat ſich das Ei-
276 1731 1510 1791 genthum von dem Einfluß des Familienprinzips im Allgemeinen
274 1792 1508 1853 frei gemacht. Es ließen ſich etwa nur noch zwei Punkte als
284 253 353 283 154
374 253 1518 305 Zweit. Buch. Erſt. Abſchn. II. Die Grundtriebe. III. Der Freiheitstrieb.
434 1948 1508 1996 Er kann alſo z. B. dem Nachbarn Licht und Ausſicht verbauen (L. 9
275 1999 1507 2046 de S. P. U. 8. 2), ihm das Quellwaſſer abgraben (L. 24 §. ult. L. 26 de
274 2051 710 2092 damn. inf. 39. 2) u. ſ. w.
427 2110 1509 2158 Auch bei Ländereien (finis), aber hier hatte er eine religiöſe Be-
274 2159 714 2201 deutung. Dirkſen S. 413.
429 2221 1506 2266 Nur ſo lange ein Prozeß über die Sache ſchwebt, ſoll ſie nicht den
273 2269 1505 2316 Göttern geweiht werden (L. 3 de litig. 44. 6). Das Uebertreten des Ver-
271 2314 880 2365 bots hatte die poena dupli zur Folge.
430 2381 1503 2428 Ein ſehr wirkſames Sicherungsmittel gegen böswillige Veräuße-
269 2432 1503 2480 rungen des Schuldners lag für ſie übrigens in der alten Perſonalexekution.
