1600 2635
90 244 1292 293 erkannt war und bis dahin unangetaſtet beſtanden hatte, in
80 306 1291 354 manchen Fällen zu beſchränken, z. B. dem Teſtator ein Maß
87 367 1288 416 vorzuſchreiben, über das hinaus er keine Legate anordnen dürfe,
84 430 1292 487 oder gewiſſe Contracte zu unterſagen, ſchlug man dabei in ächt
88 490 1291 541 römiſcher Weiſe (B. 2 S. 72, S. 495 u. a. St.) nicht den
85 544 1290 604 Weg ein, der uns heutzutage ich will nicht ſagen: als der natür-
78 615 1293 666 liche, ſondern als der einzig denkbare erſcheint, nämlich den des
88 678 1291 731 geſetzlichen Verbots bei Strafe der Nichtigkeit (lex perfecta),
91 741 1292 789 ſondern man bediente ſich eines Umweges, indem man das Ge-
92 802 1290 852 ſchäft in ſeiner abſtracten juriſtiſchen Gültigkeit unangetaſtet ließ,
88 865 1295 912 aber den, der daſſelbe zu verwirklichen verſuchte, beſtrafte (lex
89 928 516 976 minus quam perfecta).
159 1001 1294 1050 Dieſen Weg verfolgte man mit der Conſequenz, daß man
73 1062 1292 1119 ohne Anſtand aus dem Geſchäft eine Klage gewährte, den Rich-
87 1125 1295 1175 ter mithin anwies, den Beklagten zu verurtheilen. Allein der
85 1187 1291 1239 Sieg kam dem Kläger theuer zu ſtehen, denn was er erhalten,
88 1242 1295 1299 mußte er dem Beklagten vierfach zurückgeben! Die Klage, die
90 1312 1294 1362 hier dem Beklagten gegeben ward, iſt die, welche wir im Folgen-
89 1375 567 1422 den zu unterſuchen haben.
161 1445 1294 1498 Die regelmäßige  Form derſelben ſcheint die der legis actio
88 1508 1295 1559 durch manus injectio geweſen zu ſein. Daß ſie auf die Strafe
88 1572 1296 1620 des Vierfachen ging, wird für die lex Furia testamentaria
88 1628 1296 1682 und die lex Marcia de usuris ausdrücklich bezeugt,  und prägt
211 153 1132 193 A. Der Proceß. Vertheidigung in Form der Klage. §. 52.
1224 154 1291 184 105
254 1774 1297 1813 Ulp. fr. Prooem. §. 2. Minus quam perfecta lex est quae vetat
89 1824 1294 1863 aliquid fieri et si factum sit non rescindit, sed poenam injungit ei, qui
88 1873 1295 1913 contra legem fecit, qualis est Furia testamentaria, quae plus quam mille
70 1919 1297 1962 asses legati nomine mortisve causa prohibet capere praeter exceptas per-
88 1972 1248 2013 sonas et adversus eum, qui plus ceperit, quadrupli poenam constituit.
257 2034 1297 2074 Als ſolche wird ſie wenigſtens bei Plautus Persa I. 2, 18: ubi
73 2080 1292 2130 quadruplator (ſ. u.) quoipiam injexit manum vorausgeſetzt. Gaj. IV. 22,
88 2134 1295 2176 23 erwähnt drei Fälle, den der lex Furia testamentaria, der lex Furia de
88 2187 521 2226 sponsu und der lex Marcia.
249 2246 1295 2286 Erſteres durch Ulp. fragm. Prooem. §. 2, letzteres durch Cato de
87 2296 1293 2336 re rust. Prooem .. foeneratorem quadrupli. Pseudo-Ascon. (Orelli p.
