1600 2659
250 310 1485 362 als deſſen Vertreter der Kläger gedacht wurde, ordnete ſich
249 374 1486 428 alſo ganz der Juſtiz unter, kämpfte gegen den Beklagten mit
245 437 695 489 völlig gleichen Waffen.
347 500 1481 554 Daſſelbe galt für einen der wichtigſten Zweige der Ver-
245 564 1482 616 waltung, das Steuerweſen. Abgeſehen nämlich von der Erhe-
246 627 1485 679 bung des Tributums nach dem Cenſus hatte der römiſche Staat
246 690 1483 742 bekanntlich das Syſtem der Verpachtung der öffentlichen Ein-
244 743 1485 806 künfte, der Steuern, Zehnten, Zölle u. ſ. w., was für den hier
244 816 1482 868 in Rede ſtehenden Geſichtspunkt die wichtige Folge hatte, daß
244 879 1478 928 an die Stelle des Staats oder ſeiner Beamten die Steuer-
241 942 1480 995 pächter (publicani) als Steuererheber traten. Bei Streitigkeiten
242 1007 1481 1058 zwiſchen letzteren und den Steuerpflichtigen ſtanden alſo nicht
242 1069 1481 1121 Staat und Privatperſon, ſondern zwei Privatperſonen ſich ge-
241 1132 1480 1185 genüber, die ihren Streit ganz im Wege des gewöhnlichen
243 1193 1477 1248 Civilprozeſſes zu erledigen hatten. Ein Eingreifen der Verwal-
241 1258 1479 1309 tungsbehörde fand hier mithin nicht Statt, und am Ausgang
240 1321 1481 1377 des Prozeſſes hatte der Staat gar kein Intereſſe. Die einzige
238 1383 1480 1436 Vergünſtigung, die den Publikanen ertheilt war, beſtand in
239 1448 1478 1500 einer beſonders privilegirten Klage (der legis actio per pigno-
238 1511 1476 1563 ris capionem), eine Vergünſtigung, die für das Verhältniß
238 1574 1477 1626 unentbehrlich und auch andern Forderungen beigelegt war, und
238 1637 1479 1690 die andererſeits durch die Strafklage, die der Gegenparthei
238 1700 1479 1752 für den Fall einer unrechtmäßigen Erpreſſung von Seiten der
238 1763 1423 1815 Publikanen gegen ſie gegeben war, reichlich aufgewogen wurde.
223 1825 1475 1876 An Einfluß und Macht war freilich der eine Theil dem andern
237 1880 1474 1940 unendlich überlegen, und es iſt bekannt, daß dies faktiſche Ueber-
237 1950 1477 2001 gewicht der Publikanen zur Zeit des Verfalls die rechtliche
238 2014 1422 2066 Gleichheit wenigſtens in den Provinzen oft illuſoriſch machte.
249 222 297 251 84
429 219 1307 259 Zweites Buch. Erſter Abſchnitt. II. Die Grundtriebe.
373 2147 1472 2187 In manchen Geſetzen, die eine ſolche actio popularis einführten,
235 2196 1472 2238 hieß es geradezu: populo dare damnas esto und ſodann ejus pecuniae
235 2250 679 2288 petitio ei sit, qui volet.
373 2297 1467 2339 Ueber dieſe Klagen ſ. Cicero in Verrem III. 11, Gaj. IV. §. 28.
235 2350 785 2389 32. Tit. Pand. de publ. (39. 4).
372 2399 1471 2440 Quantae audaciae, ruft Ulpian für ſeine Zeit aus (L. 12 pr. de
