1600 2480
664 198 901 227 Die Spinnerinnen.
199 270 1353 310 damen dahin das Geleit gegeben, und den Ablauf ihres Mei-
198 319 1354 361 nungsaustausches über eine ausgestellte Arbeit abzuwarten sich
199 367 1354 410 zurückgezogen hatte, bemerkte er von der Thür aus malerische
199 415 1358 453 Motive in den vor ihm sich bewegenden Gruppen, und so ent-
200 468 664 499 standen die hilanderas. —
289 510 1359 552 Auch in Madrid gab es damals eine Tapetenweberei. Im
199 559 1358 596 kastilischen Mittelalter waren mehr die bemalten Tücher für den
201 607 1359 645 Wandschmuck üblich, Dokumente über spanische Webereien
203 655 1360 694 sind nur für Navarra und Barcelona aufgefunden worden . Je-
203 704 1359 742 denfalls haben seit dem fünfzehnten Jahrhundert die flandrischen
201 753 1360 792 Fabriken die einheimische Industrie gänzlich aus dem Felde ge-
202 801 1362 846 schlagen. Aber schon Philipp II, der auf alle Talente und
203 849 1361 889 Industrien seiner Reiche ein Auge hatte, entdeckte in Sala-
204 898 1363 942 manca einen tapicero, Pedro Gutierrez, den er sofort in Dienst
203 956 459 991 nahm (1572) .
294 994 1362 1032 Die erheblichen Summen, welche auf diese Weise ins Aus-
206 1044 1363 1084 land flossen, mussten den Wunsch erwecken, auch in diesem
206 1092 1361 1136 Artikel Spanien unabhängig zu machen. Der Herzog von Pas-
206 1140 1363 1177 trana hatte in dem Städtchen dieses Namens, „in Nacheiferung
206 1189 1361 1226 der Chinesen und Flamländer“ eine Werkstatt (obrage) gegründet,
207 1237 1365 1273 natürlich mit Hülfe fremder Arbeiter, von deren bei der Fron-
206 1286 1363 1330 leichnamsprocession des Jahres 1623 ausgestellten Leistungen
207 1333 1366 1378 Niederländer gesagt hatten, „kein Pinsel der Welt könne sie
207 1382 1366 1426 übertreffen“ . Und im Jahre 1625 erscheint jene salmantinische
207 1428 1366 1472 Fabrik nach der Hauptstadt übergesiedelt. Ein Nachfolger des
208 1479 1367 1523 Gutierrez, Antonio Ceron hat seit drei Jahren ein Atelier in
210 1528 1367 1566 Santa Isabel mit vier Webstühlen auf seine Kosten errichtet,
210 1575 1367 1614 betreibt diese mit acht aus Salamanca mitgebrachten Arbeitern,
210 1624 1368 1667 und hat acht Lehrlinge gebildet. Sein Gesuch um einen Geld-
210 1673 1370 1713 zuschuss wird indess abschläglich beschieden, vermuthlich weil
211 1722 1369 1760 man bereits einem Flamländer Unterstützung gewährt hatte,
212 1779 652 1808 Franz Tons in Pastrana.
301 1819 1370 1860 Wahrscheinlich spielt unsre Scene in einem Raum dieser
214 1866 1369 1912 Tapetenfabrik von Santa Isabel. Die Anstalt wird als Anfang
215 1916 1371 1957 einer nationalen Betheiligung an dieser Art Kunstgewerbe in
214 1964 1368 2007 Madrid beliebt gewesen sein. War doch der Besitz einer Folge
217 2013 1370 2058 von tapices der Ehrgeiz jedes vornehmen und reichen Hauses.
1311 199 1356 223 327
306 2123 1227 2162 E. Müntz, Histoire générale de la tapisserie. Paris 1884. p. 26.
339 2170 1167 2205 Villaamil, Los tapices de Goya. Madrid 1870. p. XLVI ff.
344 2213 1188 2246 Andrés de Almansa y Mendoza, Cartas. Madrid 1886. 198.
