1600 2480
221 262 1381 300 (lindo muchacho)“. Das Londoner Gemälde ist freilich in einem
223 311 1376 348 Zustand, der ein Urtheil schwer macht. Die Figur hat gelitten,
221 360 1381 396 noch mehr der Himmel: über dem Bergkamm liegt eine schwere
223 409 1381 446 dunkelgrüne Schicht, wie von Uebermalung; der hellblaue Tages-
221 458 823 491 himmel darüber ist unverändert.
311 505 1382 544 Der kleine Freiersmann. Wo die Hoffnung der Erbfolge
223 544 1382 591 auf zwei Augen steht, denkt man seit dem Tage der Geburt an
224 603 1382 640 die Wahl der Braut. Als D. Balthasar dem Alter sich näherte,
222 652 1381 681 in welchem einst sein Vater sich mit Isabella von Bourbon ver-
223 700 1382 736 mählte, dem zehnten Jahre, wurde sein Bildniss bereits befreun-
224 749 1382 786 deten Höfen zugesandt. Dann erschien er theils in festlich
223 797 1383 835 schwarzer Hofgala, theils in kriegerischer Tracht. Merkwürdig
224 845 1381 881 ist die Verschiedenheit des Ausdrucks. Augenscheinlich waren
223 895 1381 932 seine Züge nach den Umständen sehr wechselnd. Wenn die
224 943 1381 980 Uebungen der gineta, die Abenteuer in dem Revier des Pardo,
224 992 1383 1029 der ritterliche Staat ihn zu einem kleinen Heldenkind umge-
227 1039 1382 1077 wandelt hatten, also dass ein Funke vom Geist des grossen
225 1089 1382 1121 Heinrich in ihm aufzuflammen schien, so sank er, wenn man ihn
224 191 268 218 136
705 189 895 212 Fünftes Buch.
348 1181 1383 1210 Brief des Cardinal-Infanten aus Brüssel vom 26. Mai 1639. Das seinige
223 1224 1384 1254 als Gegengeschenk ist in Arbeit, aber er fürchtet, dass die dortigen Maler ihn nicht
223 1267 1383 1296 so prompt bedienen werden wie Velazquez: los Pintores deste Pays son mas flemá-
224 1311 596 1339 ticos que el Sr. Velazquez.
352 1352 1383 1381 Man hat vermuthet, es sei durch Reynolds’ Hände gegangen. S. Athenæum
232 1395 1385 1424 1878. I. 56. Das Bildchen in der Galerie zu Gotha (473) ist eine ungenaue kleine
229 1439 1385 1467 Kopie des Pradobilds, nicht aus der Schule, wollig gemalt, die Züge völlig verändert.
229 1481 1175 1511 Solcher „Skizzen“ sind im Pradomuseum tausende gemacht worden.
353 1525 1385 1553 In einem Umrisstich des von Le Brun herausgegebenen Recueil de
228 1568 1386 1596 gravures au trait. Paris 1809 II. Nr. 131 sieht man den Knaben Balthasar im
229 1611 1387 1639 Begriff seine Jagdflinte zu laden. Diess Gemälde erreichte auf der Versteigerung
228 1653 1387 1682 Lapeyrière (1825) tausend Francs. Es kam an Sir W. Knight, Leibarzt Georg IV.
228 1696 1387 1724 Im Mai 1885 sah ich es auf einer Versteigerung von Christie & Manson, wo es
229 1739 1387 1767 auf nur 150 Guineen kam; und im Februar 1888 in der Exhibition of the Old
230 1781 1389 1812 Masters in der Akademie, ausgestellt von S. H. Fraser (56″ × 42½″). An dieser
229 1825 1387 1855 Leinwand ist kein Strich von Velazquez; es ist sogar zweifelhaft ob es eine Kopie,
229 1868 1389 1897 und nicht eine moderne Fälschung ist. Das Motiv der Figur des Knaben, der den
229 1911 1392 1940 Ladstock aus dem Gürtel zieht, ist nicht übel. Aber der Kopf stimmt wenig mit
230 1954 1392 1983 den sonst bekannten; Ton der Ferne und des Himmels, die nichtssagenden
228 1996 1391 2025 Wellencontouren der Berge sind fremdartig; ebenso das flaue Traktament von Ge-
230 2040 1391 2070 sicht und Händen, mit rothen Reflexen. Die sinnlos über alle Theile des Kostüms,
229 2083 1391 2111 sogar die falschen Aermel und den Schoss geklecksten weissen Schlitze verrathen,
233 2126 1392 2157 dass der Maler dergleichen höchstens auf der Bühne gesehn hat. Das beste waren
230 2169 1392 2197 noch die Bäume und Pflanzen des Vordergrunds: der Oelbaum, der Ahorn, von
228 2213 693 2236 blühendem Gesträuch umwunden.
