1600 2522
293 240 1481 279 Gedicht von ihm ein, die Künstleranekdote von den fünf Mädchen
294 297 530 333 des Zeuxis .
385 340 1483 384 Von grossem Nutzen war Velazquez die Adresse eines hohen
294 389 1481 429 Sevillaner Geistlichen, des Kanonikus und maestro de escuela an
295 439 1482 480 der Kathedrale, D. Juan de Fonseca y Figueroa († 1627). Er be-
290 488 1482 535 kleidete den angesehenen Posten eines sumiller de cortina. Dieses
292 538 1481 582 Hofamt, wie schon sein französischer Name (somellier) anzeigt,
292 589 1482 634 burgundischer Herkunft, wurde von mehreren Geistlichen verwal-
293 638 1482 677 tet. Sie hatten die Gebetbücher zu verwahren, sagten dem Wo-
294 689 1482 733 chenkaplan die Stunde der Messe an, begleiteten den König in
294 739 1483 783 die Kapelle und standen neben dem Baldachin, dessen Vorhang
294 789 1483 824 sie auf- und zuzuziehen hatten. Es war also ein Ceremonienamt,
294 837 1483 881 wurde aber wegen seines Einflusses nur Männern von Stand und
294 888 1482 930 Ansehn ertheilt; es hat den Weg zum Kardinalat gebahnt, z. B.
296 938 1483 979 dem Gerónimo Colonna . Figeroa trat in der Folge in die
295 988 1484 1031 Diplomatie; in demselben Jahre erhielt er eine Mission nach
295 1038 1483 1080 Parma zur Beglückwünschung des jungen Herzogs; der geheime
295 1087 1480 1130 Auftrag war, die italienischen Fürsten für das spanische Interesse,
295 1137 1481 1176 besonders in Betreff Valtellin’s zu gewinnen und über die dies-
297 1186 1483 1231 seitigen Pläne zu beruhigen. Er war ein Freund der Malerei
295 1236 1483 1275 und malte selbst, z. B. ein Bildniss des Francisco de Rioja. Er
295 1287 1482 1333 gedachte auf dieser Reise einen lang gehegten Wunsch zu er-
295 1338 1111 1379 füllen, Rom, Neapel und Sicilien zu sehen .
387 1360 1483 1425 Es wurden nun Schritte gethan, dem jungen Maler die Auf-
295 1436 1483 1478 nahme des Königs zu verschaffen. Dies galt als das einfachste
296 1486 1483 1524 Mittel zu raschem und dauerndem Erfolg bei den Grossen. Arte-
296 1536 1483 1578 misia Gentileschi sagte dem Massimo Stanzioni, dass er die Bild-
296 1586 1482 1624 nisse ansehn müsse als Mittel, sich die Gunst derer zu erwerben,
298 1635 1481 1679 die ihm später nützen könnten . Diesmal hatten Velazquez’
298 1690 705 1727 Gönner keinen Erfolg.
389 1735 1484 1779 Dagegen malte er im Auftrag seines Schwiegervaters den
298 1785 1484 1827 Dichter Luis de Góngora, der jenem wahrscheinlich für sein
298 1835 1484 1872 Bildnisswerk noch fehlte. Dies Porträt wurde in der Hauptstadt
299 1885 1484 1929 sehr gelobt. Ob es dasselbe ist, welches jetzt im Prado (1085)
298 1936 1485 1979 hängt, ist nicht gewiss. Ein gut gezeichneter, aber trocken und
296 169 340 194 162
789 164 984 189 Zweites Buch.
426 2026 1221 2061 Pacheco, El Arte I, 218. Vgl. 235. 254. II, 191. 282.
428 2070 1483 2104 Khevenhiller, Annales Ferd. X, 1067. Domenico Zane nennt es impiego
298 2114 1483 2147 molto honorevole, e che ha portato altri al cardinalato. Depesche vom 24. Dec. 1656.
428 2158 1483 2192 Depesche des Anast. Germonio, Erzbischof von Tarantasia, vom 20. Juli 1622
299 2207 567 2231 im Turiner Archiv.
428 2248 1071 2282 Dominici, Vite de’ pittori napoletani III, 178.
