1600 2522
312 248 1502 288 Italiener einige Kenntniss der Malerei zu. Er hatte einen
313 298 1502 338 guten Lehrer gehabt in dem Dominikaner Maino. Dass er einen
312 348 1501 388 mehr als gewöhnlich scharfen Blick besass, dafür gibt es mehrere
312 398 1501 437 Belege, z. B. sein Urtheil über Raphaels Spasimo, das dem flo-
312 447 1498 488 rentinischen Gesandten auffiel. Als diess Bild im September 1661
313 499 1501 532 in Madrid eintraf, vermisste er darin die Hand des Meisters.
314 548 1322 587 „Das ist keins der besten Werke Raphaels“, sagte er.
404 598 1501 637 Philipp IV hatte die höchsten Begriffe vom Beruf des spa-
314 648 1503 687 nischen Königs, er war ein Musterkönig der Form nach, aber
315 698 1503 737 die Enthaltung von der ersten königlichen Pflicht hatte er sich
314 748 1503 785 zu einer Art Gewissenssache gemacht. Friedrich der Grosse, als
313 798 1503 837 ihm d’Argens die Etikette Ludwig XV beschrieb, meinte, wenn
296 848 1503 887 er König von Frankreich wäre, möchte er einen zweiten König
315 897 1503 936 ernennen, der das alles an seiner Stelle thäte: ein solcher Rey
308 947 1502 989 por ceremonia, wie ihn die Spanier nannten, war dieser Philipp.
315 986 1502 1037 Seine einzige Regentenhandlung war, dass er die Günstlinge
315 1047 1503 1086 seines Vaters entsetzte und bestrafte, um dann seinen Günstling
317 1098 1502 1135 an ihre Stelle zu setzen, — und dass er diesen einmal gewechselt
314 1147 1501 1185 hat. Sechs Stunden täglich widmete er den Geschäften, d. h.
319 1197 1503 1233 er las die Consulten durch und unterzeichnete sie, — aber er
315 1247 1503 1285 schien ein Gelübde abgelegt zu haben, nichts zu prüfen, noch
301 1296 1503 1340 irgend einen Punkt zu verwerfen. Er vertraute der Meinung
301 1344 1501 1389 seiner Räthe allezeit mehr als der eignen, wenn auch wol-
301 1391 1503 1436 erwogenen Ansicht: ja er fürchtete sich vor dem eigenen Ge-
303 1441 1503 1485 wissen und glaubte, es sei sicherer, durch das Votum seiner
314 1496 1502 1534 Räthe zu irren, als durch eigene Entscheidung. Ein fast unum-
315 1546 1504 1584 schränkter Monarch, der vierzig Jahre am ersten Ressort der
316 1595 1502 1631 Staatsmaschine steht, den erschütterndsten Wechselfällen zusieht,
317 1645 1504 1683 erfüllt vom Gefühl seiner Verantwortlichkeit, seiner Würde, und
317 1695 1503 1734 der sich dabei versagt, selbst einzugreifen, das ist gewiss eine
316 1745 1504 1783 erstaunliche Erscheinung. Die Schicksalsschläge, welche dieser
315 1795 1353 1834 Regierung folgten, waren nicht minder ausserordentlich.
315 185 362 210 194
803 175 1002 201 Zweites Buch.
443 1896 1502 1926 Ne professa egli qualche intelligenza, sagt der nüchterne Venezianer.
316 1940 1504 1970 He became the best artist of the house of Austria, sagt Stirling ohne irgend eines
317 1985 1291 2015 dieser Produkte gesehn zu haben S. 512. Daselbst die Aufzählung.
446 2029 1504 2059 Quattro giorni sono fu portato in Palazzo il quadro di Raffaelle da Urbino
317 2073 1505 2102 mandato à S. Mtà. dal Sigr. Conte d’ Aiala Vicere di Sicilia, et alla Mtà. S. non
316 2116 1504 2150 parue delle migliori opere di quell’ huomo. Et questo è il quadro per il quale
317 2162 1367 2192 alcuni Palermitani si erano ammutinati mesi sono. Cioli, 28. Sept. 1661.
445 2206 1504 2236 Fa stupire ognuno, sagt Contarini 1641. Manca totalmente di resoluzione,
316 2250 1027 2281 principalissimo requisito de’ Re. Basadonna 1653.
