1600 2522
176 276 1367 313 hatte, nahm unter seinem Sohn die Bauthätigkeit einen fieber-
177 327 1368 366 haften Aufschwung. Die Fremden strömten herzu, vielstöckige
177 374 1362 412 Häuser mit Balkons an allen Fenstern erhoben sich, deren In-
179 427 1368 464 sassen sich nicht kannten; man sagte, hier sei eine Wand von
180 477 1368 516 der andren weiter entfernt als Valladolid von Gent, und wer
179 526 1368 567 Morgens ausgehe, erkenne Abends seine Strasse und sein Haus
178 578 1368 616 nicht wieder . In ähnlichen Hyperbeln schildern die Dichter
180 627 1368 667 die Raschlebigkeit: Frauen, Häuser und Trachten verwandeln
176 678 1368 717 sich vor unsern Augen; und es giebt nichts dauerndes hier als
178 728 1368 767 den Wechsel. „Der grosse Mann der, kaum todt, Abends fort-
176 778 1369 817 gefahren wird, ist morgen vergessen, und Niemand hat Zeit
177 827 1366 866 deinem Sarg eine Erdscholle nachzuwerfen “. Es versteht sich,
177 877 1368 908 dass die Damen das alles himmlisch fanden. Calderon lässt es
176 927 1368 967 uns sagen durch seine Eugenia: ihr ist der Staub, Koth und
179 977 1368 1017 das Wagengerassel der Madrider Gassen theurer als der duftigste
176 1029 471 1066 Blumengarten .
268 1077 1369 1116 Ungeachtet der Charakterlosigkeit der baulichen Physio-
177 1127 1368 1165 gnomie des modernen Madrid, das z. B. keine bemerkenswerthe
177 1176 1368 1215 Kirche besitzt, mit Ausnahme von S. Gerónimo (dessen Abbruch
176 1228 1368 1265 neuerdings mit Mühe verhindert wurde), und dessen banale
177 1277 1368 1315 Strassen an die Nichtigkeit französischer Provinzialstädte erinnern,
175 1327 1368 1365 hatte die spanische Hauptstadt im siebzehnten Jahrhundert einen
176 1377 1027 1415 besonderen Reiz: ihren kosmopolitischen Zug.
269 1427 1363 1465 Was dem Ankömmling zuerst auffiel, war in der Kapitale
177 1477 1363 1515 dieser streitbaren Monarchie eine ganz offene Stadt zu finden,
178 1527 1364 1566 ohne Mauern, Thore und Gräben. Die Mauern mit den 130
178 1577 1362 1615 Thürmen waren bei der Erweiterung nach und nach weggebrochen
178 1627 1364 1665 worden oder zerfallen. Daher vergleicht Gongora die Stadt mit
178 1677 1364 1714 dem Nil, wie dieser keine Ufer für seine Gewässer, so leidet
176 1728 1363 1764 Madrid keine Mauern für seine Häuserexpansion . Madrid war
177 1777 1362 1815 damals noch ein Mittelpunkt der europäischen grossen Politik.
643 199 905 222 Die Stadt Madrid.
1322 205 1365 229 171
303 1936 1362 1966 En Madrid Partos y Medos viven una casa misma, sin saber unos de otros.
176 1980 1362 2010 Calderon, No hay cosa como callar. Está una pared aquí de la otra mas distante
178 2025 998 2055 que Valladolid de Gante. Tirso, La celosa de sí misma.
305 2069 1363 2098 Como se vive de prisa, no te has de espantar, si vieres metamorfosear
177 2105 1365 2144 mugeres, caras y ropas. a. a. O. Calderon, Los empeños de un acaso III. Lope, Al
172 2152 1361 2187 pasar del arroyo III. En M., sin ser Jordan, las mas viejas (casas) se remozan.
179 2202 418 2229 Tirso, La celosa.
302 2247 726 2276 Guárdate de la agua mansa I.
305 2291 1242 2320 Nilo no sufre márgenes: ni muros Madrid. Sonetos heróicos 28.
