1600 2480
214 262 1377 301 stich. Dieser hatte in Madrid den grössten Theil der Sammlung
215 310 1376 350 des Ritters d’Azara von den Erben gekauft; nun aber weiss man
214 359 1377 398 aus Ponz, dass dieser Kunstfreund einen Kopf des Pabstes in Rom
214 409 1338 444 entdeckt hatte, den er für eine Studie zum Doriabildniss hielt.
214 456 1376 496 Die Büste sei von Camail oder einem andern hinzugemalt worden.
217 505 1230 543 In seiner Versteigerung (1810) erreichte es 1050 Francs.
302 566 1376 605 Vor dieser Leinwand bekommt man erst einen Begriff, mit
213 614 1375 654 welcher Gewissenhaftigkeit und Sicherheit das merkwürdige Ant-
214 663 1375 700 litz durchstudirt und durchgearbeitet ist. Die Flächen sind in
216 712 1374 749 der hellen Note des Incarnats pastos hergestellt und dann ein
215 758 1374 797 Carminton mit Freilassung der hohen Lichter darüber lasirt;
214 807 1258 846 auch die kleinen braunen Schatten sind später aufgesetzt.
302 868 1374 905 Ausserdem dürfte die sogenannte Skizze der kaiserlichen
214 915 1373 955 Ermitage mit einiger Wahrscheinlichkeit Velazquez selbst zu-
214 964 1373 1000 geschrieben werden. Nur wäre es dann keine Skizze, sondern
214 1013 1374 1051 eine geistreiche eigenhändige Wiederholung. Für eine Skizze
216 1062 1374 1099 würde er sich, wie Tizian und Rubens, vorbereitender, heller und
214 1111 1374 1150 gebrochener Farben bedient haben, mosaikartig aneinanderge-
214 1159 1379 1198 setzt; hier aber hat er, mit dreistem, fettem Pinsel sogleich auf
214 1207 1376 1243 den letzten Effekt losgearbeitet. Die Skizze ist das erste, der
214 1255 1376 1292 Auftrag und die Vereinigung der Farben das zweite, die letzten
214 1304 1375 1345 Retouchen, welche Geist, Physiognomie und Charakter geben,
215 1353 1375 1389 das letzte. Der Künstler, wenn er sich selbst wiederholt kann,
214 1400 1375 1440 seines Gegenstandes spielend mächtig, die Vorbereitungen über-
214 1449 1375 1485 springen; aber wenn man eine solche Arbeit Skizze nennt, so
214 1498 847 1533 macht man das letzte zum ersten.
303 1557 1373 1593 Eine vortreffliche Kopie von fremder Hand, die beste mir
214 1606 1375 1642 bekannte des ganzen Doriaporträts, ist die in der Galerie von
214 1654 1379 1693 Lord Bute in London. Sie giebt den leuchtenden Purpur, den
216 1702 1380 1739 Glanz, die Haltung gut wieder, hat ab er nichts von der Hand
215 1751 1379 1790 und Manier des Velazquez. Die Verlegenheit des Kopisten ver-
216 1800 1379 1839 räth sich in den Händen, wo er den aphoristischen Dithyrambus
217 1848 1380 1886 des Spaniers in seine breite Prosa üb ertragen musste. Mit viel
1333 197 1374 218 191
712 190 879 214 Innocenz X.
340 1951 1378 1981 Halló tambien la cabeza de Leon X. que se estima por la primera que
216 1994 1371 2024 pintó Velazquez para el célebre cuadro etc. Ponz, Viage XIV, 56. 1788. Le Brun,
217 2037 1071 2065 Recueil de gravures au trait. Paris 1809. II, 21. 26″ × 21″.
342 2081 1373 2109 Ermitage Nr. 418. 0,49 × 0,41. Aus der Houghton Galerie. In Schwarz-
221 2122 664 2151 kunst von Valentin Green 1770.
346 2166 1032 2195 De Piles, Cours de peinture. Paris 1766. p. 227.
350 2208 1231 2238 Catalog von J. P. Richter. Nr. 6. 4' 6″ × 3' 9″. London 1883.
