1600 2522
147 256 1335 301 keit auch im Verkehr mit Untergebenen, seine Uneigennützigkeit
148 306 1333 347 und Förderung der Talente. Der spanische Minister in Rom, Car-
149 355 1331 394 dinal Zapata, der ihn durch den Bruder, den Cardinal Crescenzi
148 406 1333 451 kennen gelernt hatte, überredete ihn mit nach Spanien zu gehn.
149 456 1333 499 Er stellte ihn Philipp III vor, der ihm die Ausführung der von
151 506 1332 549 dem Erbauer des Escorial ihm hinterlassenen Grabkapelle (Pan-
150 557 1333 599 theon) übertrug. Des Königs Tod verzögerte das Werk, aber
152 605 1333 649 Crescenzi bekam unter dem Nachfolger die Oberleitung der
149 655 1331 700 königlichen Bauten und als Vorsteher der Junta de obras y bos-
148 706 1333 749 ques (seit 1630) auch die anderer künstlerischer Unternehmungen
147 756 1332 799 am Hofe. Er wurde zum Marques de la Torre und S. Jagoritter
146 811 286 835 ernannt.
236 857 1282 898 Die Entscheidung fiel zu Gunsten des Velazquez aus. —
236 907 1332 949 Als im Anfang der dreissiger Jahre der neue Spiegelsaal
145 956 1331 998 mit den Balkons über dem Hauptthor der Façade des Alcazar
146 1006 1330 1049 eingerichtet wurde, wo die ersten Meisterwerke vereinigt waren,
145 1057 1330 1099 erhielten die „Moriscos“ hier ihren Platz, neben Tizians Carl V,
145 1105 1331 1144 Rubens Philipp II und IV. Zu ihren Seiten sah man indess auch
146 1156 1330 1196 eine Zeit lang den Scipio des Carducho und die Cressida des
145 1205 1330 1247 Caxesi — gewiss mehr als genug Ehre für beide . — Im
143 1255 1330 1292 Inventar von 1686 wird das Gemälde zu 600 Dublonen taxirt.
144 1305 1333 1346 Auch in der 1701 aufgestellten Testamentaría Carl II wird es
143 1357 1333 1398 genannt. Zuletzt sah und beschrieb es Palomino, 1724 . Seit-
144 1405 1333 1448 dem verschwindet es aus den Inventaren. Die Angabe, dass
143 1455 1332 1497 es Sebastiani aus dem grossen Saal der Könige in Buen Retiro
143 1505 1331 1543 entführt habe , verdient keinen Glauben. Es wird in dem Brand
143 1555 1331 1599 des Schlosses 1734 untergegangen sein. Auch keine Zeichnung
143 1606 1331 1647 oder Kopie hat sich gefunden. Möglich ist jedoch, dass das
142 1655 1331 1697 merkwürdige Gemälde jenes Maino, die „Bai von Brasilien“ (wovon
142 1705 905 1744 später) sich an die Composition anlehnte.
232 1754 1329 1797 So oft und heftig Naturalismus und Manierismus gegen-
141 1804 1329 1847 einander geprallt sind, niemals ist man wieder auf diese hispa-
140 1855 907 1895 nische Idee eines Malergefechts verfallen.
231 1905 1330 1943 Wol in keinem Jahrhundert ist in Malerkreisen so viel
1288 193 1334 217 233
526 182 960 212 Die Vertreibung der Moriscos.
269 2002 1210 2033 Carducho, Diálogos 350. El salon grande que se hizo de nuevo.
272 2047 1328 2081 Museo pictorico II, 327. Er giebt die Inschrift an: Philipp III. Hispan.
138 2089 1328 2124 Regi Cathol. Regum Pientissimo, Belgico, Germ. Afric. Pazis, & Justitie Cultori;
137 2134 1328 2168 publice Quietis assertori; ob eliminatos feliciter Mauros, Philippus IV robore ac vir-
137 2180 1326 2213 tute magnus, in magnis maximus, animo ad maiora nato, propter antiq. tanti Pa-
136 2217 1171 2256 rentis & Pietatis observantiaeque ergo Trophaeum hoc erigit anno 1627.
268 2268 850 2300 Carderera zu Martinez, Discursos p. 117.
