1600 2522
64 268 1253 308 Mehrmals hat er die Tempelreinigung dargestellt: ein grosses
66 318 1254 360 Exemplar, einst in der Sammlung Buckinghams, ist jetzt im
66 368 1255 409 Besitz der Gräfin Yarborough als Paul Veronese. Seine um-
66 418 1249 461 fangreichste Schöpfung aber ist die Entkleidung des Heilandes
68 468 1252 515 auf dem Kalvarienberg, früher in der Galerie Manfrin, Barocci
67 519 1254 561 genannt. Christus steht in der Mitte, ein Bild erhabener Erge-
67 569 1255 611 bung, die grossen glänzenden Augen emporgewandt; zur Linken,
65 619 1256 661 tiefer, drei edle Frauengestalten, zur Rechten ein Mann mit dem
65 668 1255 710 Bohrer über das Kreuz gebückt. Dahinter thürmen sich die
65 718 1252 761 Köpfe und Büsten der nachdrängenden Schaar auf, in eisenklir-
64 769 1255 811 render Bewegung; ihr Führer, der gepanzerte Hauptmann, steht
65 818 1259 861 zur Rechten Christi, der Mensch, welcher den rothen Mantel
65 869 1257 911 packt, zur Linken. Es dürfte sich schwerlich ein Werk der
67 919 1259 958 venezianischen Schule finden, welches diesen Espolio an Reich-
73 972 733 1003 thum von Gesichtsstudien überträfe.
159 1020 1255 1057 Dass er damals ein Bildnissmaler erster Ordnung war, be-
68 1070 1257 1110 weist die Halbfigur des Miniaturmalers Julio Clovio († 1578)
67 1119 1257 1160 in den Studj zu Neapel, welche in Parma als Selbstportrait galt.
68 1170 1258 1203 Ebenso die Studie eines Lichteffekts: Der Knabe welcher
69 1220 1258 1259 eine Kohle anbläst. Jenes Bildniss giebt eine Vermuthung
68 1269 1259 1308 an die Hand über die bisher völlig dunklen Schicksale Domenicos
68 1320 1257 1357 in Italien. Vielleicht hatte er sich bei dem hochbejahrten Clovio,
70 1369 1257 1407 der sich einen Macedonier nennt, als stammverwandt eingeführt.
69 1419 1260 1461 Eines seiner vorzüglichsten Jugendwerke, eine Wiederholung
67 1469 1258 1511 jener Tempelreinigung in kleinem Maassstab, mit besonderer Pracht
72 1520 1257 1558 der Architektur und kunstreichen Details, verräth den Miniatur-
72 1570 1260 1610 maler. In dem vorhin erwähnten grossen Exemplar sieht man
72 1620 1261 1659 in der Ecke rechts vier Halbfiguren, nämlich den alten Tizian,
70 1670 1255 1711 Michelangelo, einen Greis, wahrscheinlich Clovio, und einen jun-
70 1720 1258 1761 gen Mann, der mit dem Zeigefinger auf sein Gesicht weist: er
72 1770 1261 1811 selbst? Will er jene als die Männer bezeichnen, denen er sich zu
70 1819 1259 1861 Dank verpflichtet fühlt? Sein Jugendleben war jedenfalls ein
1222 194 1253 219 77
591 193 730 216 El Greco.
200 1921 1257 1954 By del Greco. Christ driving the traders out of the temple. There are
73 1965 1258 1997 about 32 figures in this picture, four whereof are the pictures of Titian, Ra-
72 2009 1265 2042 phael etc. A catalogue of the curious collection of pictures of G. Villiers, Duke of
76 2057 567 2086 Buckingham. London 1758. p. 3.
203 2097 1263 2130 Galerie Manfrin 42. F. Barocci, Gesù spogliato al Calvario. Tavola 1. m.
77 2142 1261 2176 0,44. a. m. 0,73. Die Composition erinnert an eine Mosaik im Dom zu Monreale.
201 2187 1263 2220 G. Campori, Raccolta di cataloghi p. 231. 207. Museum von Neapel,
75 2234 414 2264 venez. Schule 48 u. 34.
206 2277 986 2309 In der Sammlung von Sir Francis Cook zu Richmond.
