1600 2522
221 258 1411 302 Sie lieferte im siebzehnten Jahrhundert zwei Drittel des baaren
221 308 1414 353 Geldes für die Halbinsel; „die Erwartung seiner Galeonen, sagt
222 356 1412 409 Zúñiga, hält die Nationen Europa’s in Spannung, die jetzo leider
224 406 1415 451 dabei mehr interessirt sind als Spanien und Sevilla, wohin das
223 462 1044 500 meiste kommt und wo das wenigste bleibt“.
318 506 1416 556 „Dieses Gold aber, sagt Pedro de Medina, war die Beloh-
224 555 1417 608 nung für den wahren Glauben; wie der Herr Salomo mit Gold
225 605 1416 650 und Silber ausrüstete, um den Tempel zu bauen, d. h. die Un-
225 654 1413 709 gläubigen in den Schooss der Kirche zu bringen.“ Kirche und
227 704 1416 749 Börse waren damals noch sehr nahe Nachbarn. Ehe die Lonja
227 754 1413 805 fertig war, versammelten sich die Kaufleute auf dem durch Stufen
230 807 1413 851 erhöhten Raum vor der Kathedrale. In der Strasse darunter wur-
229 853 1419 904 den die Versteigerungen gehalten: Silbersachen, Sclaven, Stoffe,
231 905 1422 951 Kunstschränke, Gemälde: wie im Tempel der Libitina, sagt
230 955 1421 1007 Rodrigo Caro. Unter den Wohlthätigkeitsanstalten war der
230 1004 1423 1057 grösste Palast der Stadt, das Hospital de la Sangre, gegründet
232 1054 1425 1097 von Da. Catalina de Rivera und ihrem Sohn D. Fadrique. Dieses
234 1103 1423 1147 Haus hatte nach und nach für fünfzigtausend Dukaten an from-
235 1165 647 1204 men Werken gestiftet.
325 1204 1426 1247 Sevilla war auch eine sehr katholische Stadt. Seit der Re-
236 1255 1385 1305 conquista verwandelten sich ihre arabischen Paläste in Klöster.
239 1304 1425 1356 „Ihr grösstes Prärogativ ist die Andacht zur Königin der Engel,
234 1353 1427 1407 jener angeborene Glaube an die unbefleckte Empfängniss, für
238 1403 1423 1450 deren Definition die Bewegung von ihr ausging.“ Sevilla besitzt
239 1455 1425 1497 drei colossale mittelalterliche Madonnengemälde, die noch heute
238 1503 1430 1550 von Gelehrten, deren Glaube stärker ist als ihre Archäologie, auf
241 1553 1428 1604 die altchristliche, westgothische Zeit zurückgeführt werden, Bilder,
241 1604 1428 1647 wie sie keine christliche Nation sich rühmen dürfe zu besitzen.
333 1654 1430 1701 Trotz alledem, und trotz der italienisch-humanistischen Bildung
243 1703 1429 1754 und Dichtung, für die man damals schwärmte, war Sevilla eine
244 1752 1430 1798 Stadt von orientalischem Grundwesen geblieben, und ist es bis
244 1802 1431 1852 heute. Seine marmorgepflasterten patios, belebt von Brünnlein
246 1851 1431 1904 mit Blumenpyramiden und von balsamischen Gerüchen durchduftet,
248 1902 1431 1950 erscheinen dem Nordländer, wenn er, durch seine engen labyrin-
219 197 251 219 26
676 187 906 220 Erstes Buch.
373 1988 1433 2033 Depesche des venez. Gesandten Basadonna vom 15. Mai 1649. Frari-Archiv.
376 2033 1434 2076 Zúñiga zu 1579. Zum folgenden 1587. Die spanischen Pistolen fanden
249 2076 1435 2117 sich nur im Ausland. Man verglich Spanien mit dem arkadischen Esel, der Gold
250 2135 581 2167 trägt und Disteln frisst.
379 2165 1439 2204 D. Pedro de Medina, grandezas y cosas notables de España 1548.
253 2226 399 2257 Fol. 51 ff.
380 2254 1368 2294 Der Palast des Bab Ragel in s. Clemente. Museo Español IV, 198.
