1600 2522
258 260 1446 299 abgewann. Letzterem hatte sie ganz besonderes Vergnügen ge-
256 309 1445 348 macht: er liess sie in seinem Sommerschlafzimmer aufhängen.
256 360 1447 396 Vielleicht stellte er in Aussicht, im klassischen Land mehr
256 409 1447 447 solcher Göttergeschichten liefern zu können. Man hat also nicht
256 459 1446 496 ohne Wahrscheinlichkeit vermuthet, dass ihm unter jener Form
256 509 1446 547 die Reiseunterstützung gewährt wurde, die Pacheco auf gerade
256 559 683 597 400 Dukaten angiebt .
349 607 1445 646 Dieses Werk ist schon als Seltenheit schätzbar: das einzige
253 658 1446 696 Saufstück des Velazquez, man kann hinzusetzen (wenn man nur
252 707 1446 746 gute Bilder berücksichtigt) der spanischen Schule. Man denkt
254 758 1446 795 sich die Spanier in der Regel als Antipoden der Deutschen und
253 807 1447 843 Niederländer in diesem Punkt. Den Spaniern sei Trunkenheit
253 857 1446 887 noch verächtlicher als den Italienern und Franzosen. Borracho
253 906 1446 936 war einst dort ein so böses Wort wie Hahnrei und schlimmer
255 956 1446 996 als Narr . Es gehörte zu den Beleidigungen, die, wie der Schlag
254 1006 1446 1043 ins Gesicht mit Hand, Hut oder Schnupftuch, nicht durch Zwei-
254 1057 1445 1094 kampf, sondern durch Todtschlag gerächt wurden. Pasquillanten
254 1106 1445 1136 fanden keinen kränkenderen Ekelnamen für den verhassten Mi-
254 1155 1446 1194 nister . Es genügte Jemanden nur einen Fall von Betrunkenheit
255 1205 1381 1243 zu beweisen, um seine Verwerfung als Zeuge zu bewirken .
346 1256 1446 1293 Allein selbst die Spanier haben jederzeit verstanden, auch
257 1305 1445 1343 dieses Laster scherzhaft zu nehmen. In der Fundgrube volks-
255 1355 1446 1393 mässigen Humors, den Schelmenromanen, fehlt nicht das Trink-
255 1404 1444 1443 gelage mit äusserster Deroute. Die Andalusier, hierin weniger
256 1456 1446 1493 streng denkend (wie die Perser im Islam) werden von den Ca-
256 1505 1446 1543 stiliern u. a. borrachos genannt. Die Lieder des Baltasar del
256 1554 1444 1595 Alcazar sind allerdings eine Rarität in der spanischen Lyrik,
256 1605 1450 1643 aber hinreichend zum Beleg, dass die Ader da ist . Der Hof
257 1654 1445 1692 Philipp IV war auch in diesem Punkt freidenkender. Wie Kö-
256 1704 1446 1741 nigin Bessy an dem dicken Ritter Geschmack fand und selbst
257 1753 1445 1785 eine Falstaffiade veranlasste: so liest man in Briefen aus der
256 1803 1445 1842 Residenz von hohen Belustigungen, wo man Rüpel aus den
256 1853 1444 1891 corrales (Höfen der Comödienhäuser) in den Palast holte und
257 185 304 215 256
754 184 955 209 Zweites Buch.
388 1949 764 1980 Arte de la pintura I, 136.
386 1993 1443 2026 Hasta aquí loco estaba, ya está borracho Calderon, afectos de odio y
257 2037 379 2060 amor II.
387 2081 994 2112 Zuan Corner, Depesche vom 1. Juli 1632.
385 2126 1165 2157 Mad. d’Aulnoy, Voyage en Espagne, Xe & XIe lettre.
383 2169 1444 2201 Arguijo’s Sonett an Bacchus könnte man als Unterschrift gebrauchen: Ora
257 2213 1444 2246 te mire la festiva gente En sus convites dulce y regalado A ti, de alegres vides
258 2258 1167 2290 coronado, Baco, gran padre domador de oriente, He de cantar.
