1600 2480
260 274 1420 313 haben ihn so verändert, dass man glauben könnte, ein feindseliger
263 323 1419 362 Geist habe diess Bild ersonnen, um alles Böse, was man ihm
263 372 1420 417 nachsagte, glaublich zu machen. Seit dem Unglücksjahr 1640,
264 419 1422 459 besonders aber seit den hochverräterischen Anwandlungen seines
265 468 1421 508 Vetters Medina Sidonia bemerkte man eine Veränderung seiner
267 517 1421 564 Züge und Gesichtsfarbe, in Verbindung mit Spuren geistiger
267 564 1421 611 Störung. Die Granden nannten ihn nur noch El hombre triste.
268 613 1423 652 Die heroischen Linien, welche einst den österreichischen Ge-
269 663 1423 705 sandten an einen Imperator erinnerten, haben verquollenen, ge-
270 711 1423 756 dunsenen Zügen Platz gemacht; der Mund ist in Folge des Ver-
268 760 1424 800 lusts der Zähne zusammengefallen, das Kinn biegt sich nun mehr
270 808 1425 849 nach oben, dadurch hat das Antlitz etwas gedrücktes, tückisches
271 856 1425 897 bekommen. Auch die Augen erscheinen eingesunken, durch die
272 906 1426 951 umgebenden Falten wie gekniffen; der Blick ist lauernd, wo er
272 953 1424 994 verbindlich sein soll falsch, ja grausam. Der wolgepflegte Schnurr-
272 1002 1428 1048 bart, das einzige worauf er noch eitel zu sein scheint, geht fast
273 1051 1427 1090 bis ans Ohr und dehnt sich hier um zu einem runden Büschel.
275 1100 1430 1138 Nimmt man nun noch als Rahmen dieses Antlitzes die dicke
276 1149 1431 1194 fuchsige Perrücke (adoptiva cabellera, so erhält man ein wahr-
277 1197 1432 1239 haft sinistres Ganze. Man würde jetzt eher in ihm einen jener
278 1246 1432 1289 schlimmsten Anhängsel der Höfe vermuthen, den unter einer in
278 1294 1432 1337 zweifelhaftem Theatergeschmack erfundenen Maske des brutalen
280 1344 1370 1388 Haudegens umherschleichenden Kuppler, Spieler und Bravo.
369 1391 1435 1430 Nur weil sie von namhaften Stimmen gepriesen worden sind,
282 1442 1436 1487 mögen hier einige unserm Meister ganz fremde Kopien genannt
282 1489 1436 1530 werden. Das Brustbild, welches in der Sammlung des Friedens-
281 1538 1437 1580 fürsten war, von Buchanan nach England gebracht und 1814
283 1586 1438 1624 Lord Lansdowne verkauft wurde, nennt Waagen (Kunstwerke II,
284 1635 1437 1679 S. 77) „von grosser Energie der Auffassung und meisterhaft be-
283 1684 1439 1724 handelt“; ein Kritiker im Athenæum (1877, 27. Januar) erkennt
285 1732 1438 1775 darin sogar „das echte Original zahlloser Wiederholungen“; ob-
284 1781 1440 1823 wol die richtige Schilderung, die er hinzufügt, jeden Kenner
263 215 306 232 120
749 202 936 226 Fünftes Buch.
411 1872 1441 1908 Questa conspirazione ha oppresso di maniera l’animo del C. D . . . . che
286 1914 1443 1948 oltre alla mutazione del sembiante, e del colore si è da molti osservato che in
286 1957 1442 1994 qualche tempo la mente non è stata senz’ alcun segno di lesione. Chiffr. Dep.
287 2007 672 2036 Guidi’s vom 24. Sept. 1641.
411 2045 1048 2078 Tirso de Molina, La gallega Mari Hernandez.
413 2087 1442 2121 La guardatura ha del torbido, e dello sforzato; Lucchesische Relation
288 2136 578 2164 von 1644 bei Ranke.
414 2172 1443 2208 Excessively dark, somewhat crude in the shadows, and rather heavy in the
287 2224 428 2246 half tones.
