1600 2480
178 277 1338 316 Bastards Don Juan umging. Julianillo wurde im Buen Retiro
180 325 1340 366 einquartiert, erhielt einen Hofstaat, wurde Gentilhombre de la
180 373 1339 411 Cámara und — Gesellschafter des Kronprinzen! Olivares liess ihn
180 422 1338 463 den in Spanien ominösen, mit Judas gleichbedeutenden Namen
179 469 1340 511 Julian mit dem besser klingenden Enrique Felipe de Guzman
180 519 1340 559 vertauschen, „weil ich wünsche, dass er würdig das Andenken
180 568 1341 609 meines grossen Vaters (!) erhalte, und meine Verirrungen und
181 616 1341 657 mein wenig würdiges Andenken versöhne“. Der Zufall wollte,
182 665 1342 698 dass der Held des in aller Händen befindlichen Schelmenromans
182 714 1341 750 des Mateo Aleman auch Guzman (de Alfarache) hiess, weil dessen
182 762 1342 795 Grossmutter unter ihren schwer zu übersehenden Verehrern einen
182 809 1343 851 dieses altadeligen Namens als den wahrscheinlichsten Vater ihrer
182 859 1343 894 Tochter bezeichnet hatte. Die Satire fand sich also schon fertig
182 906 1344 947 vor. In demselben Alfarache bei Sevilla hatte Olivares eine
183 956 1343 992 Kirche und Kloster bauen lassen, wo er begraben sein wollte.
270 1004 1345 1041 Nachdem die Frau, welche man nach Sevilla verwiesen, zur
182 1055 1343 1098 passenden Zeit gestorben war, vermählte er ihn mit der ersten
184 1103 1345 1142 Dame des Palasts, Doña Juana Fernandez de Velasco, Tochter
184 1151 1346 1189 des Condestabile von Castilien, Herzog von Frias, wobei der
184 1199 1347 1238 Vater in den Contrakt setzen liess, es sei des Königs Wunsch
186 1248 1347 1293 gewesen. Am 28. Mai 1642 war die Hochzeit. Das Königs-
186 1296 1346 1342 paar war Trauungszeuge; die Königin schenkte zum Hochzeits-
187 1345 1347 1385 bett das auf 20,000 Dukaten geschätzte Prachtstück, in dem sie
186 1394 1341 1436 den Prinzen geboren hatte. Das Ehrgefühl und der Stolz des
178 1442 1341 1484 castilischen Adels zeigte sich in seltsamem Licht: am Tage nach
184 1491 1342 1533 der Erklärung der Heirat machten Granden und Cardinäle in
184 1540 1341 1581 Buen Retiro dem jüngsten Guzman ihre Aufwartung. Als er dem
184 1589 1343 1627 toscanischen Gesandten Pucci seinen Gegenbesuch machte, er-
185 1637 1342 1678 schienen in seinem Gefolge der Condestabile, der Graf von
184 1685 1343 1720 Peñaranda und ein Dutzend Titulados. Was konnte da ein
185 1741 596 1775 armer Maler machen!
1295 206 1339 229 123
695 203 823 234 Julianillo.
308 1838 1101 1867 Der Florentiner Ottavio Pucci theilt folgenden Vers mit:
362 1883 723 1912 Vuestra Maestad despache
362 1923 1215 1955 al segundo don Julian (der erste war der Verräter Spaniens),
362 1970 746 1999 que es el segundo Guzman,
362 2011 772 2042 que ayer lo fue de Alfarache.
318 2057 698 2083 Auf den Gassen sang man:
583 2098 915 2127 Soy la casa de Velasco,
584 2141 940 2170 que de nada me da asco.
309 2182 1347 2214 Si conobbe in quel caso la viltà degl’ animi adulatori, perchè tutti i
191 2224 1347 2256 Grandi della corte, e tutti i Titoli, e Signori furono dargli il Parabien à D. Enrico,
