1600 2480
178 255 1334 297 lich, und Juno der heiligen Jungfrau (Palomino III, 378). Zu
180 303 1333 347 spanisch und finster waren die Physiognomien dieser Götter
180 354 1333 395 Griechenlands (con semblantes adustos, y fieros.) Und was mussten
180 401 1334 444 dergleichen Arbeiten, eilfertig für die allerhöchste Ungeduld
179 449 1334 493 hingeworfen und schlecht oder gar nicht bezahlt, neben jenen
180 497 1334 538 venezianischen Sälen für eine Figur machen! Der lebenslustige
179 546 1334 585 Enkel mochte oft in seinen durch Oelgemälde in schwarzen Rah-
179 594 1333 635 men verdüsterten Gemächern Vergleiche anstellen mit jenen hei-
180 642 1335 687 teren, gestalt- und farbenbunten Gebilden, die der strenge Gross-
179 691 1207 734 vater in der Westgalerie hatte ausführen lassen (I. 187).
269 739 1336 783 Die wenigen Italiener, die noch in Madrid lebten, und die
180 787 1336 832 welchen wenigstens italienisches Blut in den Adern floss (wie
180 836 1336 882 eben jener Camilo, Felix Castello u. a.), erwiesen sich auch jetzt
180 884 1335 931 am geeignetsten. Angelo Nardi lieferte allerhand phantastische
181 932 1334 976 Sachen für Schlaf-, Speise- und Studierzimmer des Königs.
181 983 1336 1020 Francisco Rizi malte mit Pedro Nuñez das neue Theater aus
180 1029 1336 1074 für den Geburtstag der jungen Königin, der letztere lieferte
182 1078 1335 1122 die Bildnisse der Könige Spaniens. Auch Julius Cäsar Semin,
183 1127 1335 1172 der schwache Sprössling einer genuesischen Malerfamilie be-
181 1176 1337 1221 malte die Westgalerie über den Gärten und das Boudoir des
181 1224 1337 1271 Königs „mit Blumen, Guirlanden, Kindern“, aber in Oel- und
182 1283 433 1312 Wasserfarben.
270 1321 1336 1364 So erklären sich die fortgesetzten Versuche des spanischen
182 1370 1338 1414 Hofs, berufene, leistungsfähige Frescomaler aus Italien zu be-
181 1418 1337 1464 kommen; durch die persönlichen Bemühungen des künstlerischen
181 1467 1339 1506 Leiters aller dieser Arbeiten hoffte man endlich zum Ziel zu
182 1528 336 1555 kommen.
272 1563 1337 1606 Es scheint, dass Velazquez diessmal den Wandmalereien
184 1613 1339 1653 besondere Aufmerksamkeit schenkte, obwol er sich aus dem
184 1661 1341 1704 Fresko nichts machte. Palomino erwähnt (III, 336), dass er in
1289 185 1333 207 199
609 183 900 207 Metelli und Colonna.
309 1733 1341 1771 R. Soprani, Vite de’ pittori genovesi. Genova 1768. I, 66. Lasciò Andrea
184 1776 1341 1815 due figli, Cesare, ed Alessandro, che alla Pittura attesero, e vi riusciron mediocre-
184 1820 1341 1856 mente . . . . Costoro padri furono di figli similmente pittori; i quali pero si poco
185 1863 1340 1900 nell’ arte paterna s’avanzarono che non avendo in essa nè avventori, nè stima,
187 1906 1341 1943 dovettero per disperazione abbandonarla (oder auswandern, dürfen wir wol hinzusetzen).
311 1950 1341 1981 Anders ist die Auffassung des fleissigen Sammlers der oben zusammenge-
188 1992 1341 2027 stellten Notizen. Les peintres d’histoire . . . . et Velazquez à la tête de toute
189 2034 1341 2070 cette brillante cohorte, complétaient, chacun avec son contingent de peinture et de
189 2077 1343 2113 tableaux historiques, profanes ou religieuses, l’œuvre qui devrait faire, non seulement
190 2121 1304 2157 des appartemens de Philipp IV . . . . de véritables trésors d’art. L’Art a. a. O.
314 2163 1342 2199 Ambos á dos (er und Mazo) fueron muy enemigos de la pintura al fresco
190 2213 583 2243 (Martinez, Discursos p. 119).
