1600 2522
425 257 1141 301 Alamicos del Prado, fuentes del Duque,
423 307 1476 355 despertad á mi niña, porque me escuche (Tirso, Don Gil. I).
380 356 1475 399 Quevedo fand ihn in seinem spätern Verfall lieblicher als in
287 406 585 445 seinem Glanze.
377 456 1475 505 Der gegenwärtige Günstling hatte, treu dem neuen System
288 505 1474 556 der Oekonomie, die Gepflogenheit des freigebigen Vorgängers,
288 556 1474 603 den König in seinen eigenen Villen und Palästen zu unterhalten,
286 606 1472 655 nicht fortgesetzt, zum Verdruss des verwöhnten Hofes. Jetzt,
286 657 1472 696 nach zehn Jahren, sah er aber doch, dass er zu der alten Me-
285 707 1472 748 thode zurückkehren müsse. Philipp sollte aus dem finstern
285 755 1471 805 alten Alcazar, der Brutstätte melancholischer Grillen, herausge-
284 806 1471 846 bracht werden. Die Familie seiner Frau besass in der Nähe des
284 856 1470 895 Prado einen Garten, er selbst hatte sich hier einen kleinen Park
283 906 1470 949 mit Vogelhaus angelegt, an der huerta de S. Gerónimo, wo er
283 956 1470 997 in harmloser Unterhaltung mit Fasanen, Schwänen und seltenen
283 1006 1470 1047 Hühnern von den verdrussreichen Geschäften aufathmete. Diese
282 1055 1469 1096 Gärten gewährten einen schönen Blick über die Stadt. Er kam
283 1106 1469 1148 auf den Einfall, seinen Gallinero zu vergrössern und zu einem
281 1156 1468 1200 ländlichen Lustort für den König, am Thor der Residenz, umzu-
282 1205 1467 1250 schaffen. Er kaufte die umliegenden Grundstücke an, nahm den
280 1255 1467 1297 Mönchen einen Theil ihres Oelbergs, liess sich von der Stadt be-
281 1307 1467 1346 schenken, bis er den Umkreis einer Meile zusammen hatte. Es
280 1357 1467 1397 war die Anhöhe in der ganzen Länge des Prado, von der Heer-
280 1407 1466 1449 strasse von Alcalá bis zur Atochakirche, nach Osten bis zum
279 1456 1464 1502 Bach von Valnegral. Seine Pläne hüllte er in tiefes Geheimniss,
278 1506 1465 1545 Niemand wusste wie er hinkam, was er mit der Schaar von Bau-
277 1555 1464 1597 leuten, Gärtnern, Erdarbeitern beabsichtigte. „Als ich zum ersten-
277 1606 1464 1650 male dort war, schreibt der Venezianer Corner am 7. Decem-
276 1656 1464 1702 ber 1633, war noch keine Idee von diesem Bau, in weniger als
280 1706 1464 1752 zwei Jahren ist alles fertig geworden“. Man hatte geglaubt, es
276 1756 1463 1797 handle sich um einen Garten, es stellte sich heraus, dass er ein
289 177 337 207 336
788 182 979 208 Viertes Buch.
404 1868 904 1902 Oh amable, si desierta arquitectura,
403 1913 912 1945 mas hoy al que te ve desengañado,
401 1958 1326 1996 que cuando frecuentada en tu ventura. (Quevedo, obras III, 6.)
401 2001 889 2034 Fué sin distincion obra y conceto,
403 2046 888 2075 en cuya idea á fuerza del cuidado
400 2089 1460 2129 fué á penas dicho, quando fué formado. Lope, Versos á la primera fiesta
271 2131 1459 2172 del palacio nuevo (5. Oktober u. flg. 1632). Obras sueltas IX, 236. Viage del
272 2176 398 2200 Parnasso.
400 2222 1459 2262 Dove presto sarà un delizioso luogo di fontane, piante, colombaie, e pollai,
272 2264 605 2298 Serrano 11. Sept. 1632.
