1600 2522
326 263 1424 312 Noch sieht man im wüsten Felde ein Stück des Palast-
232 313 1421 369 vierecks, den Nordflügel, mit einem der Eckthürme: das jetzige
232 362 1422 416 Artilleriemuseum. Diess ist der alte Salon de los Reinos, mit
232 412 1420 462 Spiegelgewölbe, vergoldeten Arabesken und reichlichem Licht von
230 463 1419 520 beiden Seiten; benannt von den Wappen der damals der Krone ge-
229 513 1417 562 hörigen Reiche unter dem Gewölbe: einst geschmückt mit den
229 564 1418 620 zwölf Kriegsstücken, welche die Thaten der Generale Philipps
229 614 1416 662 des Grossen erzählten, dessen Bild hoch zu Ross dazwischen
226 664 1414 718 hing. Zurbaran hatte eine Art Accompagnement dazu gemalt in
227 715 1416 762 den zwölf Thaten des Herkules. Hier wurden die letzten Cortes
225 767 1415 812 von 1789 gehalten, welche die Abschaffung des salischen Gesetzes
224 814 1412 864 verkündigten. — Nach Osten schloss sich der Flügel des Theaters
224 864 1413 911 an (el Coliseo de las Comedias), und das noch erhaltene Ballhaus
222 914 1412 964 (el cason), wo später Luca Giordano die Stiftung des Ordens des
222 965 1407 1010 goldenen Vliesses in der Allegorie der Decke malte. Der
222 1014 1410 1069 Haupthof war im Jahre 1637 mit steinernen Portiken und Log-
221 1065 1409 1113 gien umgeben worden. Nordwärts lag der grosse Platz, wo sich
220 1114 1410 1165 in den Quadrillen der Rohrspeerturniere und im Parejasreiten die
221 1164 1404 1213 Künste der hohen Schule entfalteten und die Stiergefechte tobten.
219 1213 1405 1260 Aber auch diese Fläche genügte noch nicht, und man schuf im
218 1264 1400 1314 Jahre 1637 für die Feste zur Feier der Kaiserwahl Ferdinand III,
219 1315 1405 1363 des Schwagers des Königs, das „Grosse Theater“, nach dem
217 1363 1402 1416 florentiner Berichterstatter ein Platz von 230 Schritt Länge und
221 1416 1404 1459 190 Breite. Ein Berg musste geebnet und die letzten Wälder der
215 1465 1405 1512 Umgegend abgetrieben werden für die Schaugerüste, mit den
214 1515 1402 1564 beiden Reihen silber- und goldschimmernder, mit Teppichen
213 1564 1403 1607 behängter Balkons und tausenden von Wachskerzen in Glas-
212 1614 365 1643 laternen.
305 1665 1403 1708 Dieser Gebäudekomplex stand dem Anblick offen nach der
213 1713 1400 1761 Seite des Prado und der Stadt; an allen übrigen war er vom
211 1764 1396 1810 Park umschlossen. Im Osten lag der grosse Stern, wo bedeckte
211 1813 1398 1860 Gänge in einen achteckigen Platz (Ochavado) mündeten. Meist
212 1863 1395 1907 in der Peripherie dieses Parks standen zerstreut die Einsiedeleien
1377 209 1425 235 339
743 190 922 218 Buen Retiro.
208 1965 1392 2007 quale haveva spesso da contrastare con Olivares, e passar dei disgusti, possono
208 2008 1394 2046 havergli abbreviata la vita. In tanti anni che ha servito alla Maestà sua, deve haver
208 2053 1394 2093 conseguito poco, poichè ha lasciato de’ debiti. Florent. Depesche vom 17. März
211 2098 1394 2134 1635. Die andern Architekten waren Tejada, Gomez de Mora, Alonso Carbonell.
336 2142 1393 2182 In dem grossen Plan Madrids, der 1656 zu Antwerpen erschien, von
207 2185 1395 2226 Pedro Texeira, reproducirt von dem geographisch-statistischen Institut, Madrid 1881,
206 2228 878 2259 kann man sich über Buen Retiro orientiren.
335 2273 1033 2310 Serrano, Depesche vom 14. Februar 1637 u. flg.
