1600 2522
399 258 1492 298 Tintoretto gehört zu denen, die zu allen Zeiten ebenso heftige
306 309 1492 347 Bewunderer wie Hasser gehabt haben, erstere unter den Künstlern,
305 357 1493 390 letztere besonders unter Laien. Die einen fühlen sich verletzt
307 407 1491 445 durch sein Verfahren mit den Gegenständen, seinen Leichtsinn;
308 457 1491 495 die andern sehen nur das malerische Genie, die unerschöpfliche Ge-
307 508 1492 548 staltungskraft. Zu den erstern gehörte Pacheco, zu den letztern
306 560 1492 599 sein Schwiegersohn, obwol dessen ruhiges Beobachtertemperament
304 610 1491 649 von dem feurigen Wesen des Komponisten und „Maschinisten“
307 659 1491 699 so grundverschieden war. Zu der Art Malerei, die Velazquez
304 709 1491 749 gross gemacht hat, fehlte ihm zwar nicht das Talent (wie seine
304 759 1492 796 Bildnisse beweisen) aber das Phlegma und — die Zeit. Dem
308 809 1492 847 Schweif der Tintorettoschwärmer, die damals in Venedig ihr
303 858 1490 895 Wesen trieben, war der Naturalismus ein Greuel; wer kein
303 908 1491 948 Stilmaler (manieroso) ist (sagt Marco Boschini, der die Gesinnung
304 958 1490 996 und das Rothwelsch dieser Leute auf die Nachwelt gebracht hat),
302 1009 740 1040 der ist ein Schuhflicker.
391 1053 1490 1096 Da giebt es Leute, Naturalisten nennen sie sich, wenn die eine
302 1112 1489 1145 Gestalt malen wollen, so streifen sie in den Gassen herum und quälen
304 1162 1489 1195 die Nachbarn: dein Gesicht ist just meine Idee, das wird einen herr-
302 1211 1487 1245 lichen Effekt machen in der Figur, die ich unter den Händen habe.
302 1261 1488 1294 Sind sie an der Arbeit, so darf Niemand herein, wie bei den Buben
301 1311 1488 1345 wenn sie an ihrem Pensum sitzen, weil sie sich schämen, ihre Taschen-
300 1361 1488 1396 spielerkünste (stregarie) zu verrathen. Da sieht es aus, wie bei den
301 1411 1486 1446 Schwarzkünstlern: Püppchen, Kleidungstücke, Waffen, Modelle, Beine,
301 1461 1487 1494 Büsten, Ketten u. s. w. Das sind keine Maler, sondern Abschreiber, Pinsel-
299 1509 1486 1545 pfuscher (strupia peneli) — die die Natur in den Sack stecken; Gesandte,
299 1560 1487 1595 die ihren Vortrag an den König vom Blatt ablesen. Nein, wer kein
299 1609 1484 1646 Stilmaler ist, der ist ein Schuhflicker! Wer so seine Sachen stückweis,
299 1660 1486 1694 strichweis, gliedweis macht, bekleistert das edle Handwerk. Wenn sie
299 1709 1485 1745 den Jupiter malen sollen, so konterfeien sie einen Schürgen, aus einem
298 1759 1485 1794 Küchenbürschchen (cestariol, Knabe der mit dem Körbchen auf den
298 1809 1486 1843 Markt geht) machen sie einen Ganymed, aus einem sonnverbrannten Bauern
300 1859 1486 1893 Apollo, und für Diana dient ihnen Dortchen Lakenreisser (Doratia de
301 1907 499 1944 Caracupana)“.
386 1957 1482 1994 In der Beschreibung des Escorial von Francisco de los San-
297 2006 1482 2043 tos steht ein Abschnitt über das aus dem Nachlass Carl I er-
307 187 355 214 274
809 177 998 204 Drittes Buch.
423 2123 1251 2154 El arte de la pintura II. 14 f. 130. 295 (falta de decoro).
429 2167 1482 2197 Marco Boschini, La Carta del nauegar pitoresco. Venetia 1660. Vento
296 2211 413 2238 segondo.
423 2255 1123 2285 Descripcion del Escorial. Madrid 1681. S. 38 f.
