1600 2480
240 273 1400 316 wurde (1632). Es ist ein kräftiges gedrungenes Gesicht von
242 321 1405 359 reichlichen Haaren umwallt, ein wenig nach links gewandt; auf
243 370 1403 415 ganz dunklem braunem Grunde, der sich über der rechten Schulter
241 419 1402 458 etwas erhellt. Die Farbe ist ganz gleichmässig, kühl kupferig
240 460 1400 504 mit drüber hinstreifenden Lichtern, ähnlich dem Ton in Äsop
241 523 500 558 und Menippus.
332 564 1401 608 Quevedo hat uns in Versen eine sehr ausführliche humo-
243 612 1403 654 ristische Beschreibung seines äussern Menschen als Spiegel des
244 660 1404 705 innern geschenkt, die ganz mit unserm Bilde stimmt. Die Stirn
244 709 1406 750 ist hoch, oben in der Mitte ist das stärkste und breiteste Licht
245 758 1406 804 gesammelt, auch steigen von der Nasenwurzel breite schräge
246 806 1407 847 Falten auf, zwei horizontale Narben fehlen nicht. Auf diese
246 859 831 894 breite klare Stirn war er stolz .
337 904 1405 947 Die Augen stehn hier hinter den grossen runden Gläsern
248 952 1402 991 einer Hornbrille, deren Einfassung einen Schatten aufs Gesicht
248 1001 1406 1040 wirft. Denn dieser scharfsichtige Beobachter war seit seinen
248 1050 1406 1093 Universitätsjahren in Alcalá, wo er als fünfzehnjähriger den
250 1098 1408 1143 theologischen Grad erwarb, mit hochgradiger Kurzsichtigkeit
249 1147 1407 1185 behaftet. Durch unersättliches Lesen (auch orientalischer Drucke)
249 1195 1408 1235 hatte er seine Sehkraft geschwächt, denn er las beim Essen, im
250 1244 1407 1288 Wagen, im Bett; er führte auf Reisen ein hundert sehr kleiner
250 1292 1408 1328 Bändchen in einer Ledertasche mit sich. Er hatte den Appetit,
254 1341 1410 1381 aber auch die Verdauungskraft des Polyhistors; sein gedrängter,
248 1389 1410 1432 durch Anspielungen, durch unerwartete und ungewöhnliche Wen-
253 1437 1409 1483 dungen dunkler Stil ist (wie der Hamann’s) der Stil des Lesers.
252 1485 1408 1524 Bei ihm traf nicht zu, dass das Lesen die Denkkraft lähmt. Die
252 1534 1348 1571 Brille war also in diesem Falle nicht wunderliche Eitelkeit .
342 1582 1410 1625 Es sind grosse, runde, offene Augen , Lerma nennt sie in
255 1632 1410 1673 einem Gedicht klar wie Crystall, er selbst „trübe zugleich und
253 1681 1411 1723 heiter“ . Ohne die Brille unsicher, blöde, haben sie unter den
241 208 272 235 46
717 200 903 226 Fünftes Buch.
380 1794 1408 1827 Cabeza — ancha, bien repartida, suficiente para mostrar por señas mi
256 1837 1410 1874 agudeza, frente — larga y blanca, con algunas viejas heridas, testimonio de valiente.
383 1881 1411 1910 C’est surtout la folie d’estre aveugle qui a fait fortune . . . . De bons
256 1924 1412 1961 yeux sont devenus le partage de la canaille. M. de Langle, Mon vogage en Es-
255 1967 1413 2004 pagne. Neuchatel 1785 II. 93. Generale liessen sich im Galopp, mit ungeheurem
257 2010 1411 2043 Kneifer malen. Z. B. der Marques de Velada, in einem Stich von Ant. van der Does.
383 2053 1349 2088 Ojos — rasgados, aunque turbios serenos, aunque tengan mil enojos.
382 2103 781 2130 Lisura en verso, y en prosa,
382 2144 748 2172 Don Francisco, conservad,
384 2187 738 2216 Ya que vuestros ojos son
382 2228 1045 2253 Tan claros como un cristal. Palomino a. a. O.
