1600 2522
125 267 1310 306 wurde, und die Silberflotten erst hier, später in San Lucar und
127 316 1310 354 Cadiz aus- und einliefen. Hier wurden die Wimpel und Stan-
127 367 1310 408 darten gemalt, welche Spaniens Schild über die Weltmeere tru-
126 417 1311 458 gen. Die Casa de Contratacion hatte die Gerichtsbarkeit über
129 467 1311 507 den Verkehr mit den Colonien, und die grossen Kaufherren das
127 517 1311 557 Monopol des überseeischen Handels. Sie beherrschten die alten
126 568 1310 600 Handelsstädte der Mittelmeerländer und selbst des Nordens,
127 617 1311 655 deren Kaufleute ihre Waaren nach diesem Hauptstapelplatz
124 667 1311 701 der damals weltbeherrschenden Halbinsel brachten. „Sevilla,
123 717 1312 756 sagt Thomas Moncada, ist die Hauptstadt aller Kaufleute der
125 767 1313 806 Welt: vor kurzem noch lag Andalusien am Ende der Erde, jetzt
123 816 1311 857 ist es ihr Mittelpunkt geworden“. Die Einkünfte und Zollein-
124 867 1312 904 nahmen, der Werth des Besitzes, die Volkszahl stieg. Dieser Han-
124 916 1312 955 del hatte ganz neue Bevölkerungsschichten herangezogen. Es
124 966 1311 1005 gab nun drei scharf unterschiedene Klassen: die Eingeborenen,
124 1016 1312 1049 Nachkommen der Colonisten und der Reste der alten Einwohner,
124 1065 1314 1105 Adel und Volk, gemessen, tapfer, begütert, von ihren Einkünften
126 1116 1312 1154 oder ihrer Hände Arbeit lebend, die nicht ausser Land gingen.
126 1166 1313 1196 Die fremden Geschäftsleute: von ihren Kolonien sind noch die
123 1216 1313 1255 Strassennamen übrig: deutsche, vlämische, französische, italieni-
122 1266 1312 1305 sche. Endlich die Müssiggänger, die Fracasso’s, die Spieler,
124 1316 1312 1354 aus denen gelegentlich Banden zum Kampfe gegen die Moris-
123 1366 1314 1404 ken geformt wurden. Das alles fand kaum Platz: „Hier ist selbst
123 1417 768 1450 der Strom bewohnt, wie in China“.
214 1466 1313 1503 Eine allmähliche Umwandlung des Lebens und der Gestalt
123 1516 1313 1554 der Stadt folgte. Die Schätze Indiens, sagt Zúñiga, zogen den
125 1565 1309 1604 Handel aller Völker an, und brachten eine Ueberfülle alles dessen
125 1615 1313 1654 was in der Welt köstlich heisst, in Kunst und Natur“. Gerade die
124 1665 1313 1703 Regierung Philipp III, in welche die Jugend des Velazquez fällt,
122 1716 1312 1754 bezeichnet der Chronist als die Epoche dieser Veränderung, es
121 1765 1312 1804 war die Zeit der grossen Stiftungen, der Hochfluth des Unter-
120 1814 1312 1854 nehmungsgeistes. „Bald, sagt er, begann sich in allen Stücken
122 1865 1312 1903 eine andere Welt zu zeigen“. Das waren seine halcyonischen
121 1917 227 1954 Tage!
211 1965 1312 2002 Das Reich erblickte in Sevilla, wo, wie Lope sagt, „zweimal
121 2014 1310 2053 alljährlich der gesammte Unterhalt Spaniens landet,“ seine allge-
120 2064 1270 2103 meine Hülfe (socorro) und die gemeinsame Hoffnung seiner Städte.
1280 196 1310 221 25
669 195 768 218 Sevilla.
254 2137 596 2167 Weiss, L’Espagne I. 24.
252 2180 1020 2211 Zúñiga, Anales de Sevilla, zum Jahr 1564 und 1599.
251 2224 1049 2255 Lope, el peregrino de su patria. Obras sueltas V, 320.
250 2268 901 2298 Jornada que S. M. hizo á la Andaluzia 1624.
