1600 2522
303 251 1492 290 Das Wachsthum dieses Emporkömmlings, der das altehrwürdige
302 301 1493 341 herrliche Toledo verdrängte, fällt parallel mit der Zeit, wo Spa-
302 351 1494 389 nien aus seinen nationalen und von der Natur vorgezeichneten
302 400 1492 432 Grenzen heraustrat und die Tendenz zur Universalmonarchie
302 451 1493 488 nahm. Ein Hof, der seine Statthalter nach Flandern, der Lom-
302 500 1493 538 bardei, Neapel, Sicilien und Amerika schickt, muss ein welt-
302 551 1494 587 städtisches Wesen bekommen. Tirso nennt Madrid den „Uni-
301 601 1494 640 versalplatz“, die „Weltkarte“, die „ganze Welt“. „Sie ist, sagt
303 651 1493 687 Calderon, das Vaterland aller, die in ihrer kleinen Welt, Ein-
301 701 1492 739 geborene und Fremde, gleich geliebte Söhne sind“. Die Spanier,
302 749 1492 788 die von ihrem Land als dem „Schutz und Zepter der Welt“
302 801 1492 839 träumten, waren stolz auf diess „edle Gasthaus aller Fremden“ .
301 850 1493 890 Die Madrider werden als gesprächig, höflich und gefällig ge-
300 901 1493 937 rühmt, diess überraschte in einem Land, in dessen Ortschaf-
302 950 1493 988 ten sonst die Fremden mit Steinwürfen begrüsst zu werden
304 999 1494 1039 pflegten . Es war schon damals die „Sphäre“ nicht nur der
303 1049 1493 1089 Schönheit, sondern auch des verfeinerten Lebensgenusses . Die
301 1097 1493 1140 Stadt am Mansanares war trotz ihrer schwerzugänglichen Lage
303 1149 1493 1188 eine Art Weltbazar besonders für Luxusartikel. Wer pessimi-
300 1199 1493 1237 stisch gestimmt war, nannte es das Neue Babylon, wo die schärf-
300 1249 1492 1286 sten Köpfe in der Vielheit der Sprachen verwirrt werden; das
301 1299 1493 1337 Hospital, wo man Sünden auffängt wie Beulen, und von Glück
300 1350 1143 1387 zu sagen hat, wer gesund herauskommt . —
396 1379 1491 1430 Da konnte es nun auch nicht an lebhaftem Kunstverkehr
304 1448 419 1477 fehlen.
396 1499 1491 1540 Kunstliebhaberei, Kunstverständniss und Kunstunterhaltung
304 1549 1493 1588 waren damals in Madrid bereits Ueberlieferung. Ja wenn man
308 181 352 204 172
804 176 1001 200 Zweites Buch.
433 1671 1492 1702 Basta che M. es tienda de toda mercaduria. — Como es plaza universal,
311 1715 1493 1747 ese nombre pueden dalle . . . . Es todo el mundo esta villa. Tirso, En M. y en
308 1760 1493 1792 una casa I, 8. A M., famosa corte, que la mapa del mundo es. Ders., La Villana
304 1803 1496 1835 de la Sagra. Que es España amparo y cetro del mundo, noble hospedage de
303 1846 1493 1880 todos los forasteros. Calderon, Amigo, amante y leal I. En Madrid, patria de
304 1891 1493 1924 todos, pues en su mundo pequeño son hijos de igual cariño naturales y extran-
303 1937 845 1964 geros. Ders., El maestro de danzar.
432 1989 1426 2020 La gente si trovò conversevole, cortese, et grata. Venturini a. a. O.
430 2041 1494 2073 Madrid que es el cetro y la esfera de toda la lindura, el aseo, la gala
302 2084 1172 2116 y la hermosura. Calderon, No siempre lo peor es cierto II.
429 2138 1493 2170 Esta nueva Babilonia, donde verás confundir en variedades y lenguas el
302 2181 973 2212 ingenio mas sutil. Calderon, Hombre pobre I.
400 2225 1492 2258 Es hospital la corte, venturoso el que sano de ella escapa. Peganse como
302 2270 1204 2303 bubas los pecados. Tirso, El pretendiente al reves. III, 10.
