1600 2480
533 206 1022 235 Letzte Bildnisse des Conde Duque.
199 280 1353 319 des Velazquez eigentlich der Mühe eigner Prüfung überhebt.
199 329 1352 367 Es ist ein düster und roh gemaltes, im Fleische rotes Machwerk.
199 378 1352 411 Das Bildniss, welches General Meade mitbrachte und Richard
198 427 1354 463 Ford besass ist besser, aber auch in jenem schweren braunen
199 476 1354 513 Ton, der dem Meister fremd ist. Dagegen war das in dem Es-
199 525 1354 561 corial aufbewahrte miniaturartige Bildchen vertrauenerweckend.
200 573 1356 609 Es ist dem Stich des Panneels sehr ähnlich, ganz hübsch gemalt
199 622 1354 660 in einem warmen Ton, fein und doch leicht tokkirend, ursprüng-
198 669 1355 709 lich elliptisch, dann in ein Viereck eingesetzt. Es befindet sich
198 719 1101 758 jetzt im Palast zu Madrid, im Saal des Gasparini.
291 768 1357 804 Von Interesse sind zwei kleine Kupferstiche, die beide nur
200 816 1355 855 in einem Exemplar bekannt sind. Die Velazquez’sche Auffassung
201 865 1357 904 der Züge des Ministers ist in beiden auf kleinem Raum sorgfältig
201 915 1358 951 (obwol nicht so fein wie von Panneels) und so treffend wieder-
201 963 1357 1001 gegeben, dass man sie dem Maler selbst zugeschrieben hat, der
201 1013 1096 1050 sich doch gewiss der Nadel bedient haben würde.
289 1061 1355 1090 Das erste Blatt in der Nationalbibliothek zu Madrid stellt
201 1108 1356 1147 eine plastische Büste dar, ruhend auf einem schmalen viereckigen
203 1158 1358 1195 Untersatz, er trägt eine Rüstung und den Mantel in römischer
202 1206 1355 1243 Art um die Schultern geknüpft. Es ist in Linienmanier gearbeitet,
203 1254 1358 1292 im Gesicht mit harten, spröden Kreuzschraffirungen, offenbar von
203 1303 1358 1341 einem sehr mittelmässigen Stecher, aber doch einem Mann vom
204 1354 354 1390 Metier.
291 1400 1358 1430 Das zweite Blatt stammt aus dem Besitz von Cean Bermudez,
204 1448 1362 1487 der auf die Rückseite eine Notiz geschrieben hat. Nur der Kopf
202 1497 1360 1536 ist ausgeführt, und zwar in Punktirmanier mit der Punze, die
202 1546 1356 1584 Perrücke ist mit langen parallelen Schlangenlinien wiedergegeben.
203 1595 1360 1625 Die Arbeit des Gesichts verräth noch mehr als in dem ersten einen
202 1642 1358 1682 geübten, und zwar niederländischen Stecher. Der Ausdruck, in
204 1692 1358 1729 dem Madrider Blättchen argwöhnisch und hinterhaltig, ist unbe-
203 1740 1358 1779 fangener. Den unvollendeten Zustand mag man aus dem plötz-
202 1789 1356 1819 lichen Sturz des Staatsmanns erklären. Dieses Blättchen wurde
202 1837 1355 1874 von Herrn von Werther für das Kupferstichcabinet in Berlin er-
203 1889 337 1916 worben.
1310 210 1351 226 121
328 1984 1359 2014 Rosell y Torres, Museo español de antig. IV, 107 hält es für eine
204 2027 767 2056 Kopie des Malers nach seinem Gemälde.
333 2069 1361 2099 Este retrato del Conde Duque de Olivares, grabado por Velazquez es el
205 2112 1361 2142 mismo de quien hablo en mi Diccionario histórico de los mas ilustres profesores
206 2148 1362 2184 de las bellas artes en España. — Madrid 22 de Septe. de 1813. — Cean Bermudez.
