1600 2480
228 282 1384 323 zeichnung wurde in der Grabschrift ausführlich erwähnt . Sie
228 330 1387 371 ist sonst meines Wissens nur Algardi zu Theil geworden, als
228 379 1386 418 er seine Statue gegossen hatte; hier hing an der Kette das Kreuz
228 427 572 458 des Christusordens.
315 477 1383 514 Es wird auch erzählt , der Maler habe das ihm durch einen
225 525 1384 566 Kämmerling überbrachte Geldgeschenk abgelehnt, „weil der König
227 575 1386 615 sein Herr es ihm eigenhändig auszahle“, worüber der Pabst ge-
224 623 1381 664 lächelt habe. Es galt allerdings für korrekt, dass er als adeliger
224 672 1386 710 Kammermaler des Königs nur von diesem Honorare annehme.
224 719 1385 758 Grade am Hof von Rom hat er gewiss gern alles vermieden, was
225 768 1386 810 dem spanisch-edelmännischen pundonor nicht entsprach und ge-
223 817 1251 856 legentlich zu seinem Nachtheil gebraucht werden konnte.
312 866 1381 906 Das Bildniss kam beim Erlöschen des Hauses Pamfili (1760)
224 914 1385 953 mit der Primogenitur an die Doria Landi. Lange Zeit hatte es
224 963 1381 1000 den Ehrenplatz in der tribunetta der Galerie des Palasts am Corso,
223 1012 1384 1050 gegenüber dem Andreas Doria von Sebastian del Piombo, der
222 1059 1382 1099 hier dem Tizian ganz nahe gekommen ist. In den letzten Jahren
223 1108 1382 1147 ist es unter einen Baldachin im grossen Eingangssaal versetzt
223 1158 360 1185 worden.
312 1206 1383 1242 Grossen Anklang fand es schon damals auch in den Künstler-
222 1255 1382 1292 kreisen Roms, wo ja die Eifersucht gegen Fremde sich weniger als
224 1304 1380 1341 sonstwo bemerklich machte . Palomino spielt darauf an: „Unser
223 1352 1380 1389 Velazquez kam nach Italien; doch nicht um zu lernen, sondern
222 1401 1382 1430 um zu lehren: denn das Bildniss des Pabstes Innocenz X war
222 1449 1378 1485 das Staunen (el pasmo) Roms, alle kopirten es zum Studium und
221 1497 1382 1534 betrachteten es wie ein Wunder“ . Manche Zeugnisse hierfür
222 1546 1382 1575 aus italienischen Federn liessen sich anführen. Selbst zur Zeit
222 1594 1379 1631 der Mengs-David’schen Schule schrieb Salvatore Tonci (1794):
222 1641 1378 1678 „Das Bildniss ist ein Unglück für alle seine Nachbarn; der herr-
220 1690 1380 1726 liche Guido darunter (Maria das Kind anbetend) scheint neben
220 1739 1376 1776 ihm von Pergament“ . Reynolds nannte es das schönste Gemälde
221 1788 674 1825 in Rom und kopirte es .
1341 212 1386 239 189
724 209 893 231 Innocenz X.
344 1883 1378 1912 Cum ipse pro tunc etiam Innocentis X. Pont. max. faciem coloribus mire
221 1925 1381 1956 expresserit, aurea catena pretij supra ordinarij eum remuneratus est, numismate
221 1968 1380 2000 gemmis caelato cum ipsius Pontif. effigie, insculpta, ex ipsa ex annullo appenso.
221 2010 478 2041 Palomino III, 353.
346 2054 1084 2084 Description of Houghton Hall. London 1747. p. 63.
344 2097 1343 2129 Roma, che gradisce più i forastieri, che i propri figliuoli. Passeri 424.
347 2140 815 2168 Palomino, Museo pictorico II, 63.
345 2182 1183 2212 Descrizione ragionata della Galeria Doria. Roma 1794. 162.
347 2225 1376 2258 It is here the famous portrait by Velazquez is which Sir J. Reynolds
