1600 2480
520 168 1022 195 Das Ritterkreuz des Santiagoordens.
278 243 1350 282 Diese Adelsbündnisse, geschaffen in dem heissen Rassen-
189 291 1350 334 kampf vergangener Zeiten, bestimmt die Selbstverläugnung des
191 340 1350 378 Soldaten mit der des Mönchs zu legiren und durch sie zu härten,
191 389 1352 427 sie waren nur noch eine Finanzquelle durch Besteuerung der
192 445 348 473 Eitelkeit.
279 485 1351 524 Da ist wohl der Verdacht berechtigt, dass jenem Rigorismus
191 535 1352 570 nicht bloss Adelsstolz oder Pedanterie zu Grunde lag. Und
195 583 1353 623 Palomino weiss auch, dass „grosse Rivalität“ die Ausfertigung
196 637 749 674 der Proben verzögert habe. —
281 681 1352 723 Jetzt aber habe der König die Geduld verloren und dem
192 730 1355 766 Präsidenten befohlen, ihm die Information zu bringen, da er
194 777 1354 819 etwas über des Velazquez Proben zu sagen habe. „Legt sie da
193 825 1354 869 hin, sagte er, denn mir steht die edle Abkunft (calidad) des
194 873 1356 918 Velazquez fest“. Diese Erzählung ist bezweifelt worden. Gewiss
196 923 1356 960 aber ist dass der Rath sich in einer neuen Sitzung (am zweiten
195 972 1357 1016 April 1659) anders besonnen hat. Er fand jetzt die von der
195 1021 1357 1061 inzwischen aus Sevilla zurückgekehrten Kommission vorgelegten
196 1069 1358 1112 Akten und Zeugnisse über die Zurückzahlung der Steuer an
198 1117 1358 1155 die mütterlichen Ascendenten für deren Adelsbeweis genügend .
288 1166 1356 1207 Nach dem Eintreffen des päbstlichen Breve am 29. Juli 1659
198 1213 1358 1250 wurde nach unsern Akten das Habit sofort ertheilt. Damit fällt
199 1264 1355 1307 die Angabe Palomino’s, wonach der despacho am 27. Novem-
198 1312 1358 1356 ber 1658 erfolgt sei, und die Uebergabe am folgenden Tag, dem
199 1361 1358 1405 Namenstag des Prinzen Prosper. „Er erhielt das Habit von
201 1410 1355 1454 D. Gaspar Juan Alfonso Perez de Guzman el Bueno, Grafen von
198 1458 1359 1498 Niebla, sein Pathe war der Comthur Marques de Malpica; da-
200 1506 1357 1550 nach war Empfang im Palast.“ In demselben Jahre widmete ihm
200 1554 1359 1597 Diaz del Valle ein „Elogium und Nomenclatur“ der Maler die
200 1606 1068 1640 mit einem der Militärorden beehrt worden sind.
517 1738 1050 1774 Die Vollendung des Escorial.
289 1806 1360 1848 Im März des Jahres 1654 wurden Hof und Provinz durch
202 1849 1359 1898 eine Feier ungewöhnlicher Art in Bewegung gesetzt. Es war die
201 1903 1360 1947 Einweihung der Gruftkirche des Escorial und die Ueberführung
203 1955 1056 1988 der Reste der Vorfahren in dieses „Pantheon“.
1303 171 1348 195 235
202 2023 1363 2060 i testimoni. Depesche des Ippolito Camillo Guidi an den Herzog von Modena,
203 2075 379 2102 9. Mai 1643.
325 2110 1359 2143 — haviendo auto con testimonio que presento Diego Velazquez de que
204 2153 1362 2183 se le havia buelta la blanca de la carne en la Ziudad de Sevilla, dijeron los tenian
205 2200 924 2233 por bastantes para abrir este juicio y lo rubricaron.
