1600 2396
187 213 1341 254 fremden Beimengungen (Blei, Eisen, Arsen, Antimon etc.) und
185 262 810 303 enthalten nur etwas Kupferoxydul.
251 318 1342 352 Bei den gewöhnlichen Raffinat- oder Garkupfersorten des Handels
184 359 1341 393 ist nach Reischauer und Fleitmann ein Theil der Verunreinigungen
185 399 1344 433 (Sb, As, Sn, Pb, Ni, Fe) mit Kupfer legirt und bleibt beim Behandeln mit
184 440 1342 479 Salpetersäure entweder als Oxyd (Sb, Sn) oder als Salz (Pb S bei
186 484 1343 514 einem Gehalt an Pb und S) oder als Schwefelmetall (Cú) neben freiem
185 523 1342 558 Schwefel und gewöhnlich etwas As zurück; ein anderer Theil der Verun-
184 563 1341 599 reinigungen (namentlich Fe, Ni und Pb) ist im Kupfer neben Kupferoxydul
185 603 1341 641 und alkalischen Erden im oxydirten Zustand vorhanden, gebunden an Kiesel-,
184 644 1341 682 Antimon-, Arsensäure und Zinnoxyd, und bleibt beim Behandeln mit Salpeter-
185 686 1342 719 säure als schwerlöslich theilweise zurück. Der beim längeren Kochen von
186 727 1341 765 solchem Kupfer in Eisenchloridlösung auf demselben sich zeigende schwarze
186 769 1343 824 Ueberzug enthält zum Theil diese Verunreinigungen; bei ganz reinem Kupfer
186 812 1312 855 scheint er aus sehr feinvertheiltem Kupfer zu bestehen, nach Ebermeyer
185 841 1307 888 aus Kupferoxyd (Fuchs’sche Eisenprobe, Fikentscher’s Braunsteinprobe).
251 893 1343 929 Das reinste Kupfer stellt man auf galvanischem Wege aus einer
185 935 1343 970 reinen Kupfervitriollösung in cohärentem Zustande her, kann auch aus dieser
186 977 1341 1013 durch Eisen Kupfer in der Wärme pulverförmig niederschlagen, mit heissem
185 1019 1341 1050 Wasser aussüssen, mit reiner Salzsäure kochen, wieder vollständig aus-
186 1060 1342 1094 waschen, trocknen, im Thontiegel unter einer Borax- oder Glasdecke zu-
187 1101 1341 1135 sammenschmelzen, zu einem Zain ausgiessen und diesen auswalzen. Das in
185 1141 1341 1175 Streifen geschnittene, trocken aufbewahrte Kupfer muss vor dem Gebrauche
183 1182 1341 1215 nochmals kurze Zeit mit Salzsäure digerirt, abgewaschen und schnell bei
184 1224 888 1258 nicht zu hoher Temperatur getrocknet werden.
327 1334 1199 1381 B. Reagentien zu massanalytischen Proben.
265 1416 1339 1462 §. 67. Allgemeines. Ausser den in den vorhergehenden §§.
183 1467 1340 1509 aufgeführten Agentien zur Versetzung der Probesubstanz in lös-
184 1517 1339 1558 lichen und für das Titriren geeigneten Zustand bedarf man bei
184 1566 1339 1608 Massanalysen der Reagentien zur Anfertigung der Nor-
182 1614 1341 1656 mallösungen (S. 38) und der Indicatoren (S. 40) zur
184 1664 1008 1704 Erkennung des Reactionsendes beim Titriren.
264 1728 1338 1773 §. 68. Reagentien zu Normallösungen. Hierher gehören haupt-
182 1779 334 1810 sächlich:
267 1832 1337 1886 1) Uebermangansaures Kali (Chamäleon), K Mn
181 1901 1337 1957 mit 29,8 K und 70,2 Mn, dessen Wirkung darauf beruht, dass
180 1956 1337 2005 dasselbe an oxydable Körper, z. B. niedrigere Oxydationsstufen
179 2012 1336 2088 (Fe, Gu etc.) oder sonst 5/7 des Sauerstoffgehaltes der Mn abgiebt und
1283 136 1339 166 141
647 130 875 164 §. 66. Metalle.
1393 1425 1496 1453 Nöthige
1369 1458 1520 1487 Reagentien.
1392 1735 1540 1764 Reagentien
1367 1770 1540 1793 zu Normallös
1371 1860 1535 1891 Uebermangan
1382 1896 1563 1922 saures Kali.
291 2088 700 2140 B. u. h. Ztg. 1864. S. 384.
292 2148 699 2180 B. u. h. Ztg. 1865. S. 123.
294 2186 953 2221 Erdm., Journ. f. pr. Chem. Bd. 70. S. 143.
