1600 2396
199 200 1355 244 40 Pfd. schwerer, etwa 25 Mm. langer Drahtstift in senkrechter
195 248 1350 291 Stellung befindet, unter einer 2 Ctr. schweren Kochsalzdecke im
193 297 1349 341 Steinkohlenmuffelofen bei geschlossener Muffelmündung und
189 345 1350 389 halbgeöffnetem Luftzuge in mässiger Hitze eingeschmolzen, dann
189 396 1349 437 6—7 Min. lang die Temperatur durch Oeffnen der Muffelmün-
190 443 1348 486 dung erniedrigt, nach einem weiteren gleichen Zeitraum bei ge-
188 492 1344 532 schlossener Muffel die letzte Hitze gegeben und sobald das leise
186 540 1346 582 Knistern aufhört (nach 7—8 Min.), die Proben herausgenommen,
186 589 1345 630 nachdem sie im Ganzen etwa 20 Mm. im Ofen gewesen sind.
267 636 1346 682 Müsen.  Ein Gemenge von 1 Ctr. Probirgut mit 4 Ctr.
185 688 1345 731 rohem Fluss (2 Weinstein und 1 Salpeter) wird bei reichen
186 737 1347 779 Erzen mit 10—15 % Eisenfeile und bei strengflüssiger Gangart
184 784 1346 830 mit 10—15 Pfd. Boraxglas oder 10—15 Pfd. Spatheisenstein
183 837 1346 876 versetzt, in einer Bleitute mit Kochsalz bedeckt und entweder
183 885 1345 928 in einem gewöhnlichen Zugofen oder einem Zugofen mit Unter-
183 936 1344 978 wind (Gebläseofen) geschmolzen. Bei Anwendung des letzteren
188 986 1343 1027 setzt man 4 Proben ein, füllt mit Holzkohlen, zündet diese von
183 1034 1343 1077 oben an und setzt das Gebläse in Gang, sobald das Prasseln
182 1084 1344 1125 und Zischen in den Tuten aufhört. Die Schmelzung ist nach
185 1133 1340 1174 15—20 Min. vollendet, wenn das Schäumen der Masse aufge-
182 1181 333 1212 hört hat.
266 1230 1341 1270 Der 12—15 Tuten fassende Zugofen wird mit einem Ge-
179 1277 1340 1321 menge von Koks und Holzkohlen gespeist, dieses von oben bei
179 1330 1341 1372 fest verschlossener Zugöffnung angezündet und, wenn dieselbe
179 1380 1341 1423 nach 1 Stunde durchgebrannt sind und die Verpuffung aufge-
178 1430 1340 1474 hört hat, bei geschlossener Einsatzthür und geöffnetem Zuge
179 1481 1340 1524 noch 20—25 Min. lang geschmolzen. Bei gut gerathener Probe
179 1529 1341 1573 lässt sich der König leicht von der Schlacke trennen; geschieht
179 1578 1340 1621 dieses nicht oder sitzt der König höckerig in der Schlacke, so
178 1627 1340 1670 ist das Blei entweder noch nicht völlig aus derselben ausge-
178 1671 1337 1718 schmolzen oder theilweise schon als Oxyd verschlackt (übergaar).
178 1725 1339 1767 Gute. Proben sollen den Bleigehalt um 1—2 % weniger, als die
178 1775 493 1819 Analyse angeben.
259 1822 1338 1865 Französische und englische Hütten. Statt Potasche
177 1871 1339 1921 verwendet man Soda ohne Kohle, steckt in die Beschickung ent-
177 1920 1339 1969 weder mehrere Nägel mit dem Kopfe nach unten ein, drückt
177 1971 1340 2018 die Beschickung fest an dieselben, streut Borax darüber und
176 2021 1337 2067 giebt eine Kochsalzdecke oder man thut in die Beschickung ein
176 2069 1338 2117 hufeisenförmig gekrümmtes Eisenblech, dessen Schenkel man,
1368 1832 1552 1856 Französ. und
1367 1866 1538 1894 engl. Hütten.
466 123 1082 156 §. 76. Niederschlagsprobe in Thontuten.
1282 126 1339 156 159
1373 645 1465 670 Müsen.
286 2172 723 2206 Preuss. Ztschr. 1862. X, 176.
