1600 2648
157 246 1378 292 welche einen dritten wesentlich gleichartigen Zweig des geistigen
154 299 1374 343 Eigenthumes bilden. Auch bei einem nur zur Aufführung be-
154 353 1375 389 stimmten Drama oder Musikstücke und bei Lehr- und Kanzel-
155 406 1376 450 vorträgen besteht das vermögensrechtliche Interesse des Ver-
155 459 1376 503 fassers nicht in dem Verlage, sondern in der öffentlichen Dar-
155 512 1378 557 stellung seines Werkes und in der Verhinderung jeder andern
155 566 657 609 Art der Bekanntmachung.
243 618 1379 663 Die Bezeichnung: Recht des Urhebers ist weder bei uns
157 671 1376 716 recipirt, noch enthält sie in sich selbst diejenige concrete Be-
155 724 1379 770 stimmtheit, welche der Ausdruck geistiges Eigenthum durch
156 777 789 823 den Sprachgebrauch erlangt hat.
245 831 1377 874 Hierzu kommt, dass auch im französischen  und engli-
154 883 1377 929 schen  Rechte die Bezeichnung des geistigen Eigenthumes für
154 936 1377 980 das Recht des Urhebers an Schriften, Kunstwerken und Erfin-
156 990 1379 1035 dungen ziemlich allgemein in der Gesetzgebung und in der
157 1043 1378 1089 Wissenschaft recipirt ist, so dass der bei uns übliche Sprach-
158 1097 1355 1142 gebrauch sich bereits zu internationaler Geltung erhoben hat.
444 1209 1099 1253 §. 13. Dogmengeschichte .
156 1282 1380 1343 Eigenthumstheorie. — Vertragsmässiger Vorbehalt. — Recht der Per-
527 1330 997 1379 sönlichkeit. — Privilegium.
245 1408 1377 1453 Der oben (S. 113) entwickelte Begriff des geistigen Eigen-
156 1460 1378 1505 thumes als der vermögensrechtlichen Nutzung der Repro-
155 1513 1380 1558 duction eines geistigen Erzeugnisses ist von der Mehrzahl der
159 1566 1381 1612 neueren Schriftsteller angenommen . Dagegen stehen dieser
1322 155 1376 183 119
632 157 903 193 Sprachgebrauch.
297 1671 1376 1709 Loi du 19 Juillet 1793 relative aux droits en propriété lit-
156 1718 1379 1755 téraire et artistique. — Loi du 8 avril 1859 relative à la propriété litté-
156 1764 1352 1802 raire et artistique. Vergl. die oben S. 108 angeführten Büchertitel.
301 1811 1382 1850 Neben der unserm Verlagsrechte entsprechenden Bezeichnung
156 1857 1380 1897 copyright — Vergl. 17 George III Cap. 57: An act for more effectually
160 1904 1262 1942 securing the Property of Prints to Inventors and Engravers.
304 1951 1381 1989 Vergl. Elvers Themis, Zeitschrift für practische Rechts-
157 1997 1380 2036 wissenschaft. Göttingen 1828. Bd. I. S. 209 ff. — M. Lange, Kritik
156 2044 1380 2082 der Grundbegriffe des geistigen Eigenthumes. Schönebeck 1858. Wäch-
156 2090 1378 2127 ter, das Verlagsrecht. Bd. I. S. 76 ff. S. 90 ff Harum, Oestereichische
156 2136 1377 2175 Pressgesetzgebung. §§. 7—11, 16—24. Bluntschli, Kritische Ueberschau,
156 2182 1378 2221 Bd. I. S. 1 ff. Warnkönig in der kritischen Vierteljahrsschrift. Bd. I,
155 2231 300 2260 S. 49. ff.
300 2276 1378 2312 Jolly, Die Lehre vom Nachdruck nach den Beschlüssen des
156 2322 788 2360 deutschen Bundes dargestellt. S. 44.
