1600 2648
557 202 1121 239 V. Gegenstände. §. 16. Schriften.
246 290 1437 334 Gedanken durch Schriftzeichen, deren Vervielfältigung durch
245 342 1437 386 den Druck ein vermögensrechtliches Interesse gewährt. Beide
247 395 1437 438 Bezeichnungen unterscheiden sich dadurch von einander, dass
245 447 1437 490 die zweite mehr die allgemeinen Requisite des geistigen Eigen-
245 499 1436 542 thumes: das Erforderniss der geistigen Production und der li-
243 550 1436 594 terarischen (buchhändlerischen) Verwendbarkeit hervorhebt, wäh-
244 602 1435 645 rend die erstere lediglich von der besondern Form der Gegen-
243 654 1436 698 stände des literarischen Eigenthumes, von der schriftlichen Ab-
244 706 1436 750 fassung hergenommen ist, und deshalb für den wissenschaftli-
244 758 949 801 chen Gebrauch den Vorzug verdient.
332 810 1434 852 Aus dem Begriffe der Schriften als einer Mittheilung von
244 861 1438 905 Gedanken durch Schriftzeichen ergibt sich neben den allge-
244 914 1437 958 meinen Requisiten des geistigen Eigenthumes ein doppeltes
244 965 1435 1008 Erforderniss für die Gegenstände des Schrifteigenthumes, von
243 1017 1435 1059 denen das eine den Inhalt, das andere die Form betrifft, nämlich:
335 1069 1435 1113 1. Die Schrift muss zur Mittheilung von Gedanken be-
242 1122 472 1157 stimmt sein.
329 1173 1438 1216 2. Die Mittheilung der Gedanken muss in schriftlicher
243 1226 555 1268 Form erfolgen .
333 1276 1436 1320 Ausser diesen beiden Bedingungen ist das Schrifteigenthum,
243 1328 1438 1372 wie die folgende Untersuchung ergeben wird, an kein objectives
246 1381 675 1422 Erforderniss gebunden.
330 1432 1436 1476 Der Inhalt der Schrift muss zur Mittheilung von Gedan-
243 1483 1437 1519 ken bestimmt sein. Daher bilden blosse Schrift- und Druck-
240 1536 1436 1580 proben, kalligraphische Vorschriften und dgl. keinen
242 1587 1437 1631 Gegenstand des Schrifteigenthumes . Dies gilt auch dann, wenn
241 1639 1439 1684 der Text der Vorschriften Gedanken enthält, die der Verfertiger
245 1692 1438 1736 zu diesem Gebrauche gesammelt oder ursprünglich aufgezeichnet
246 1744 1438 1787 hat, da der Zweck des Werkes eben nicht in der Mittheilung der
241 1791 1438 1838 Gedanken, sondern in dem Gebrauche als Schreibmuster be-
239 1850 1437 1891 steht. Aus demselben Grunde, aus welchem nach S. 129 Sche-
240 1901 1438 1944 mata und Formulare, welche zum Gebrauche als Schreibpapier
239 1953 1438 1995 bestimmt sind, nicht Gegenstand des literarischen Eigenthumes
245 2005 1437 2046 sein können, wird auch bei den Vorschriften dies dadurch ver-
240 2057 1437 2100 hindert, dass hier nicht die Schriftzeichen zur Mittheilung von
249 205 301 231 146
382 2186 1440 2225 In Betreff der schriftlichen Form vergl. den folgenden Paragra-
239 2231 438 2268 phen (§. 17).
384 2277 1437 2315 Heydemann und Dambach, Die preussische Nachdrucksgesetz-
238 2323 574 2360 gebung S. 200—214.
