1600 2648
184 300 1374 344 zum Druck und Verkauf seines Werkes Phoenix beigelegt
185 353 304 387 wurde.
271 405 1373 449 Als ältestes deutsches Privilegium erwähnt Pütter (a. a.
185 456 1375 500 O. S. 253) das im Jahre 1501 von dem Reichsregimente zu
185 507 1374 550 Nürnberg für die Werke der Hroswitha dem Dichter Conrad
186 559 1375 603 Celtes ertheilte Privilegium, bei welchem freilich nicht von
185 611 1376 655 einem Schutze des geistigen Eigenthumes der fünfhundert Jahre
185 663 1375 705 zuvor verstorbenen Verfasserin, sondern nur von einem Ge-
187 715 1374 759 werbsprivilegium für den Herausgeber die Rede sein konnte.
187 767 1375 810 Dagegen sind von Kaiser Maximilian verschiedene Privilegien
187 819 1376 861 aus den Jahren 1510 bis 1514 für die Predigten Geilers von
188 871 1375 913 Kaisersperg, für die Schriften von Joh. Schottius, Stabius u. a.
187 923 344 957 erhalten.
276 975 1377 1019 Ausser den Kaisern gewährten auch die Landesherren und
188 1027 1377 1072 die Magistrate der Städte Verlagsprivilegien für ihr Gebiet,
189 1078 1380 1124 wie denn Luthers Bibelübersetzung unter dem Schutze eines
190 1131 1379 1174 von dem Kurfürsten zu Sachsen ertheilten Privilegiums vom
190 1184 1010 1228 August 1534 in Wittenberg verlegt wurde.
277 1235 1380 1279 Strafandrohungen gegen den Nachdruck wurden theils
192 1287 1379 1330 in den ertheilten Privilegien selbst erlassen, theils ergingen
192 1339 1380 1382 allgemeine Reichs- und Landesgesetze zum Schutze privilegir-
192 1391 1380 1435 ter Werke, so das kaiserliche Patent vom 10. Februar 1746,
192 1443 1381 1478 die Kursächsischen Mandate vom 22. Januar 1661 und vom
193 1495 1382 1539 27. Februar 1686, die Frankfurter Rathsschlüsse vom 27. Ja-
194 1547 1381 1591 nuar 1657, vom 9. Februar 1660 und vom 22. August 1775
192 1599 1384 1642 und die Nürnberger Ordnung von 1623. In der Nürnberger
193 1651 1383 1693 Verordnung, in dem Frankfurter Rathsschlusse von 1660 und
193 1703 1382 1739 in dem Kursächsischen Mandate von 1686 wurde der Nach-
176 1756 1384 1803 druck auch unprivilegirter, redlicher Weise erworbener Werke
194 1807 1384 1850 zum Schaden einheimischer Verleger verboten und unter Strafe
194 1860 1384 1904 gestellt. Diese Verordnungen blieben indess noch ein Jahr-
194 1912 1385 1954 hundert hindurch vereinzelte Ausnahmen, und da überdies der
258 212 1296 250 II. Geschichte des geistigen Eigenthumes. §. 6. Aeltere Zeit.
183 213 220 239 42
336 2016 830 2051 Vergl. Wächter a. a. O. S. 9.
336 2059 1386 2096 Gerstlacher, Handbuch der teutschen Reichsgesetze. Carlsruhe
198 2108 495 2136 1788 t. 9 S. 1207.
337 2151 901 2189 Codex August. tom. I p. 239, 413.
335 2195 1386 2234 Angeführt von M. Neumann, Beiträge zum deutschen Verlags-
197 2242 927 2273 und Nachdrucksrechte. Berlin 1866. S. 27.
335 2287 1382 2325 M. Lange, Kritik der Grundbegriffe vom geistigen Eigenthume.
196 2336 617 2366 Schönebeck 1858. S. 61.
