1600 2648
304 295 1407 340 Der Geist und die Tragweite dieser Bestimmungen ist viel-
219 346 1407 391 fach verkannt worden. Es ist zunächst unrichtig, wenn ge-
219 398 1407 443 wöhnlich behauptet wird, das Allg. Landrecht habe nur den
217 450 1409 496 Schutz des Verlegers im Auge, da es vielmehr im §. 998 das
217 502 1407 545 Verlagsrecht ausdrücklich auf den Verfasser zurückführt und
218 554 1408 598 im §. 1297 Th. II Tit. 20 ausdrücklich auch den Selbstverlag
217 605 1408 651 des Verfassers erwähnt. Die im §. 996 gegebene Definition
216 659 1408 703 des Verlagsrechtes entspricht dem Begriffe des literarischen
219 710 1409 755 Eigenthumes. Sie passt nicht bloss auf das abgeleitete Recht
216 762 1407 806 des Verlegers, sondern auf das ausschliessliche Vervielfältigungs-
217 814 1407 859 recht des Verfassers, welches nach §. 998 erst durch schrift-
216 866 1409 910 lichen Vertrag auf den Verleger übertragen wird. Es war
217 918 1408 964 deshalb ohne den geringsten Zwang möglich, das Nachdruck-
217 970 1407 1014 verbot der §§. 1034 ff. auch auf den unbefugten Abdruck noch
216 1023 1408 1065 ungedruckter Schriften zu beziehen. Der Rechtsschutz des
216 1074 1409 1119 schriftstellerischen Eigenthumes ist also im Allgem. Landrecht
216 1127 1407 1170 unter den continentalen Gesetzgebungen zuerst im Princip
216 1179 1407 1221 und in seiner Allgemeinheit anerkannt, wenn auch in der
216 1230 1406 1274 Durchführung dieses Principes insofern eine Inconsequenz be-
216 1282 1406 1326 gangen ist, als in den §§. 1029—1032 Th. I Tit. 11, auch
215 1334 1406 1377 der Wiederabdruck eines Buches, an welchem kein Verlags-
217 1385 1236 1429 recht mehr besteht, gegen Nachdruck geschützt wird.
304 1438 1428 1482 Auf der andern Seite ist im Allgemeinen Landrecht zuerst
217 1489 1406 1535 der Rechtsschutz des geistigen Eigenthumes über die Grenzen
216 1542 1406 1585 des eigenen Staates auf alle Länder des deutschen Reiches
217 1594 1406 1638 ausgedehnt, ja unter gewissen Beschränkungen auch für das
200 1647 1406 1694 Ausland ausgesprochen. Es würde nur der Annahme derselben
206 1690 1407 1766 Bestimmungen in den übrigen Staaten bedurft haben, um sofort
221 208 258 235 48
300 207 1335 244 II. Geschichte des geistigen Eigenthumes. §. 7. Neuere Zeit.
217 1763 1406 1820 stehenden Grundsätzen unerlaubt ist, dennoch nachdruckt, muss den
217 1831 838 1868 rechtmässigen Verleger entschädigen.
310 1877 1405 1915 §. 1036. Uebrigens sollen unerlaubte Nachdrucke in hiesige Lande
216 1922 1406 1960 bei Vermeidung der Confiscation nicht eingeführt und unbefugte Nach-
216 1968 1407 2005 drucker nach näherer Bestimmung des Criminalrechts ernstlich bestraft
217 2014 954 2050 werden (Th. 2 Tit. 20 Abschn. 14 [lies 15]).
357 2059 1405 2097 Vergl. das Erkenntniss des Obertribunals vom 1. Juni 1859,
217 2105 1405 2140 Goltdammers Archiv Bd. 7 S. 471; ferner die bei Bornemann, System
217 2149 1404 2187 Bd. III S. 351 mitgetheilte Erinnerung Suarez’s: Das Recht des Schrift-
217 2195 1305 2232 stellers an seinem Werke gehöre in die Lehre vom Eigenthume.
359 2240 1404 2278 Das Allg. Landrecht ist zwar später promulgirt als das fran-
217 2285 1404 2317 zösische Gesetz vom 19. Juli 1793. Allein seine Redaction war be-
218 2332 906 2362 kanntlich schon im Jahre 1792 vollendet.
