1600 2648
415 161 1217 200 V. Gegenstände. §. 17. Schriften (Fortsetzung).
307 251 1375 295 Man kann diese Meinung allerdings nicht wie Eisenlohr
220 303 1415 347 durch eine vermeintliche gesetzliche Präsumtion widerlegen,
219 357 1416 398 wonach der Redner, welcher seine Gedanken nicht durch die
220 409 1414 453 Schrift fixirt hat, auf das geistige Eigenthum verzichte. Eben-
219 462 1414 505 sowenig reicht der von Bluntschli  angegebene Grund aus,
221 513 1415 557 dass die Reden der Staatsmänner und Deputirten in so emi-
221 565 1415 608 nentem Grade der Oeffentlichkeit und Gemeinschaft zugehören,
222 617 1415 661 dass ihrer Bekanntmachung kein individuelles Autorrecht hin-
221 669 566 704 derlich sein dürfe.
311 721 1416 763 Es bedarf aber weder der Annahme eines Verzichtes, noch
222 773 1417 816 auch einer Entziehung des Eigenthumes um des öffentlichen
223 825 1419 868 Wohles willen, da in der That nach dem Obigen der Redner
224 877 1417 921 an den nicht schriftlich concipirten freien Vorträgen kein Schrift-
224 930 1416 973 eigenthum erwirbt. Die gerichtlichen und parlamentarischen
223 982 1415 1023 Reden werden daher unmittelbar bei ihrer Entstehung ein ge-
226 1033 1417 1077 meinfreies Object, das jeder in beliebiger Form und Zusam-
225 1086 1417 1130 menstellung vervielfältigen darf und an dem kein Schrifteigen-
224 1138 1418 1179 thum besteht. Dem Redner bleibt natürlich unbenommen, eine
225 1191 1416 1233 Sammlung oder eine besondere Ausgabe seiner Reden zu ver-
224 1242 1418 1286 anstalten und diese Ausgabe, soweit sie eine neue Bearbeitung
224 1294 1418 1338 enthält, ist gegen Nachdruck geschützt. An dem ursprüngli-
225 1346 1419 1381 chen Inhalte der Rede erwirbt der Verfasser aber auch durch
225 1398 1419 1442 solche nachträgliche Herausgabe kein Schrifteigenthum und es
223 1450 1419 1494 bleibt daher auch nachher jedem Dritten unbenommen, eine
226 1502 1419 1547 gleiche Ausgabe oder Sammlung nach dem stenographischen
227 1554 736 1597 Berichte zu veranstalten .
221 165 274 193 168
227 1698 1418 1735 en tous genres p. 80. 82. Harum, Die Oesterreichische Pressgesetz-
228 1743 1195 1780 gebung S. 90. Wächter, Das Verlagsrecht Th. I S. 151.
367 1790 1087 1826 Das literarisch-artistische Eigenthum S. 46.
369 1834 853 1863 Deutsches Privatrecht S. 106.
368 1877 1418 1916 Ein wunderliches Missverständniss scheint der folgenden Be-
227 1923 1418 1963 merkung von Kaiser (Die Preussische Gesetzgebung etc. S. 38) zu Grunde
227 1969 1419 2010 zu liegen: »Es möge noch bemerkt werden, dass das Gesetz auf die in
227 2014 1419 2055 den letzten Jahrzehnten immer allgemeiner gewordene Stenographie
228 2061 1420 2100 keine Rücksicht nimmt. Der Abdruck stenographisch nachgeschriebener
229 2106 1419 2146 Lehrvorträge (?), Gelegenheits- und Kammerreden ist den Zeitungen
230 2153 1421 2191 noch nirgend verkümmert worden, obwohl dem Redner bei der gros-
230 2198 1421 2238 sen Verbreitung der Tagespresse durch solchen Abdruck sein Verlags-
232 2246 1141 2283 recht in vielen Fällen gewissermassen werthlos wird.«
324 2289 1422 2329 Wir würden gewiss die Casuistik der Englischen Gesetzgebung
