1600 2648
151 238 1375 284 es also der besondern Bestimmung des §. 3, b. des Gesetzes vom
154 291 1376 338 11. Juni 1837 nicht, obgleich dieselbe auch hier die Verfolgung
150 345 1375 390 des unbefugten Nachdruckes erleichtert, indem sie den Verfasser
150 398 1374 445 des Beweises überhebt, dass der Vortrag nach einem Manu-
149 453 450 497 scripte erfolgte.
239 505 1375 550 Die freien Vorträge fallen dagegen nicht unter die
150 558 1375 605 allgemeine Regel des Gesetzes, welche für Druckschriften und
149 610 1373 656 Manuscripte das Recht der ausschliesslichen Vervielfältigung
149 666 1373 709 statuirt. Sie können den Rechtsschutz des geistigen Eigen-
148 718 1373 763 thumes nur durch besondere Ausnahmebestimmungen erlangen,
149 772 1374 816 wie solche in dem §. 3, b. cit. und in den entsprechenden Vor-
148 824 1374 861 schriften des Oesterreichischen und der oben S. 161 Note 1
148 878 1373 923 citirten Gesetze vorliegen. Diese Ausnahmebestimmungen müs-
147 933 1373 977 sen aber strict interpretirt werden. Der Rechtsschutz des gei-
148 986 1373 1030 stigen Eigenthumes wird also nach einheimischem Rechte nur
147 1039 1085 1085 Predigten und Lehrvorträgen  zu Theil.
236 1093 1373 1138 Alle übrigen freien Vorträge, namentlich die Reden vor
149 1146 1371 1191 Gericht und die Kammerreden, gehören nicht zu den Ob-
144 1199 1372 1245 jecten des Schrifteigenthumes . Sie können daher nachge-
147 1253 1372 1291 schrieben und auf Grund einer solchen Nachschrift von Jedem
147 1307 552 1351 vervielfältigt werden.
236 1358 1371 1404 Einige Schriftsteller vindiziren dem Redner ein bedingtes
147 1414 1371 1459 Schrifteigenthum, indem sie behaupten, dass zwar die Zeitungen
146 1465 1371 1512 berechtigt seien, den öffentlich gehaltenen Vortrag als Theil
147 1520 1369 1565 des Berichtes über die öffentlichen Verhandlungen abzudrucken,
146 1574 1371 1618 dass aber die besondere Ausgabe oder die Sammlung solcher
145 1628 910 1672 Vorträge nur dem Verfasser zustehe .
1323 147 1377 177 167
280 147 1243 186 Predigten und Lehrvorträge. — Reden vor Gericht etc.
290 1724 1367 1762 Mit dieser Definition des §. 3, b des Gesetzes vom 11. Juni 1837
145 1771 1368 1811 stimmen die übrigen oben S. 161 citirten deutschen Nachdrucksgesetze
145 1819 1369 1850 überein. Das Oesterreichische Gesetz vom 19. October 1846 nennt
145 1864 1367 1904 im §. 4 b die Vorträge zum Zwecke der Erbauung, der Belehrung und
145 1911 1365 1951 des Vergnügens. Es zählt also auch humoristische Vorträge hieher. Das
146 1958 1369 1997 Englische Statut vom 9. September 1835 (5 & 6 William IV cap. 65)
144 2004 1368 2043 bezieht sich auf Vorlesungen überhaupt, nimmt aber in sect. V ausdrück-
144 2050 1367 2086 lich die an Universitäten und öffentlichen Schulen, sowie die auf Grund
144 2098 1367 2138 von Stiftungen gehaltenen Lehrvorträge aus, indem es solche für Ge-
143 2147 418 2184 meingut erklärt.
288 2192 1365 2231 Die Voraussetzung, dass solche Reden in der Vorlesung eines
142 2238 1366 2278 vorher ausgearbeiteten Manuscriptes bestehen könnten, ist durch die
142 2285 1365 2324 Natur der gerichtlichen und parlamentarischen Debatten ausgeschlossen.
288 2332 1364 2372 Gambastide, Traité théorique et pratique des contrefaçons
