1600 2648
226 230 1406 274 Die schriftliche Form der Mittheilung ist unabhängig von der
182 282 1408 329 Gattung der Schriftzeichen, deren sich der Verfasser und der
181 336 1408 382 Drucker bedienen. Daher geniessen auch stenographisch geschrie-
182 390 1407 437 bene und stenographisch gedruckte Werke den Rechts-
181 443 1408 490 schutz des Schrifteigenthumes. Dasselbe gilt von Werken, wel-
183 497 1408 543 che lediglich in Ziffern abgefasst sind, wie z. B. den astro-
182 550 1409 596 nomischen und nautischen Tabellen, Logarithmentafeln u. dgl.
183 604 1408 648 Ebenso darf nicht bestritten werden, dass auch eine Samm-
184 657 1408 704 lung von Rebus Gegenstand des Schrifteigenthumes sein kann .
272 710 1411 749 Hieran schliessen sich ferner die wissenschaftlichen
184 764 1410 811 Zeichnungen, welche ebenfalls nach dem oben (S. 161) Ge-
185 819 1412 864 sagten als ein Gegenstand des Schrifteigenthumes anzuspre-
186 870 1411 914 chen sind und die Modebilder und Muster, die vom juri-
187 925 1414 970 stischen Gesichtspuncte aus betrachtet denselben Character von
186 978 1413 1024 zur Mittheilung und Erläuterung technischer Regeln bestimmten
187 1032 565 1077 Zeichnungen haben.
277 1085 1412 1129 Dramatische Werke sind vor den übrigen Gattungen
188 1139 1414 1182 der Schriften dadurch ausgezeichnet, dass sie Gegenstände eines
189 1192 1413 1237 doppelten geistigen Eigenthumes sind, nämlich des Schrifteigen-
189 1244 1415 1291 thumes und des Bühneneigenthumes, von denen das erste in
191 1299 1414 1344 der ausschliesslichen Vervielfältigung, das zweite in dem aus-
190 1352 1415 1395 schliesslichen Rechte der öffentlichen Aufführung
190 1405 1415 1451 besteht. Beide Arten des geistigen Eigenthumes können neben
193 1458 1414 1504 einander und unabhängig von einander an demselben dramati-
193 1512 1418 1557 schen Werke ausgeübt werden. Die Dauer beider Rechte ist
193 1564 1417 1610 verschieden normirt, indem das Schrifteigenthum 30 Jahre, das
193 1618 1416 1664 Bühneneigenthum 10 Jahre (nach den übereinstimmenden Vor-
193 1671 1418 1718 schriften der Deutschen Gesetzgebungen) nach dem Tode
194 1725 1418 1770 des Autors erlischt . Beide Rechte können unabhängig von
195 1778 1417 1824 einander veräussert werden, und folglich verschiedenen Subjec-
195 1832 443 1866 ten zustehen.
286 1884 1418 1931 Die Nothwendigkeit, ein solches Recht der öffentlichen
1352 138 1406 167 169
314 138 1269 176 Wissenschaftliche Zeichnungen. — Dramatische Werke.
196 1996 1418 2035 noch weit übertreffen, wenn man solchen Erinnerungen begegnen und
196 2042 1418 2083 auch den Nachdruck der stenographisch nachgeschriebenen Collegien-
196 2089 865 2122 hefte noch besonders verbieten wollte.
341 2136 1418 2173 Jolly, Die Lehre vom Nachdruck S. 108. Harum, Oesterreich.
200 2183 1371 2223 Pressgesetzgebung S. 79 f. Wächter, Das Verlagsrecht Th. I S. 167.
340 2230 1421 2269 Nach Englischem und Französischem Rechte ist die Dauer bei-
199 2269 1419 2318 der Befugnisse gleich bemessen. (5. 6. Victoria cap. 45 sect. III, sect. XX.
198 2321 561 2362 Loi du 8 avril 1854.)
