1600 2648
378 173 1174 213 V. Gegenstände. §. 17. Schriften (Fortsetzung).
178 261 1370 306 Aufführung neben dem Schrifteigenthume zu statuiren, ist da-
177 312 1369 359 durch gegeben, dass die vermögensrechtliche Nutzung der mei-
179 365 1369 412 sten dramatischen Werke nicht in der Vervielfältigung durch
178 415 1369 464 den Druck, sondern in der öffentlichen Aufführung besteht.
178 468 1371 516 Eine grosse Zahl dieser Werke wird gar nicht oder doch nur
177 520 1368 568 in geringer Zahl für den Bühnengebrauch (als Manuscript) ge-
177 571 1370 620 druckt. Während nun der Bezug solcher Manuscripte durch
178 624 1369 669 Theateragenten vermittelt wurde, die dafür von den Schau-
176 676 1368 721 spielunternehmern honorirt wurden, fehlte es dem Verfasser,
177 729 1369 776 der einmal sein Werk zur Aufführung herausgegeben hatte, frü-
176 780 1369 830 her an der Möglichkeit, die unbefugte Mittheilung an andere
178 832 680 879 Bühnen zu verhindern .
264 886 1370 929 Diese Möglichkeit wurde den Verfassern dramatischer Werke
177 937 1368 976 in Preussen zuerst durch das Gesetz vom 11. Juni 1837 er-
177 989 1371 1038 öffnet, welches in den §§. 32—34 die Aufführung der noch nicht
177 1042 1370 1081 durch den Druck veröffentlichten dramatischen Werke von der
178 1093 1370 1140 Erlaubniss des Autors abhängig macht. Derselbe Grundsatz
177 1147 1369 1192 wurde durch den Bundesbeschluss vom 22. April 1841 für das
176 1198 845 1243 übrige Deutschland angenommen .
262 1251 1368 1294 Die Beschränkung auf die nicht durch den Druck veröf-
177 1302 1369 1347 fentlichten Werke erwies sich als unmotivirt, da eine Verviel-
179 1355 1368 1398 fältigung durch den Druck in vielen Fällen schon für den Büh-
179 1407 1370 1452 nengebrauch bedingt wurde und da überdies kein genügender
178 1459 1370 1504 Grund vorlag, dem Verfasser den gleichzeitigen Genuss der aus
177 1511 1369 1555 der Aufführung und aus der buchhändlerischen Verbreitung
176 1564 1366 1608 seines Werkes zu ziehenden Nutzung vorzuenthalten. Das Preus-
183 173 237 201 170
324 1662 1368 1701 Allerdings hatte das Obertribunal schon vor dem Erlasse des
177 1709 1368 1745 Gesetzes vom 11. Juni 1837 durch ein Erkenntniss vom 6. April 1835
177 1754 1369 1792 den Grundsatz aufgestellt, dass der Verfasser eines dramatischen Wer-
176 1800 1367 1837 kes, so lange solches nicht durch den Druck veröffentlicht worden, be-
177 1845 1368 1884 rechtigt sei, jede ohne seine Genehmigung erfolgende theatralische Auffüh-
176 1890 1367 1929 rung desselben zu verhindern und falls solche geschehen, Entschädigung
176 1937 1365 1977 zu verlangen (Simon und v. Strampff, Rechtsprüche Bd. 4 S. 223). So lange
177 1982 1364 2020 es indess an einer Strafandrohung gegen die unbefugte Aufführung fehlte,
176 2027 1365 2061 blieb das Recht des dramatischen Dichters nur zu unwirksam, wie die
175 2072 1365 2123 von Hitzig (Das Preussische Gesetz vom 11. Juni 1837 etc. S. 97 ff.)
176 2112 735 2156 mitgetheilten Thatsachen belegen.
322 2163 1366 2194 In Frankreich war bereits durch das Gesetz vom 13—19. Ja-
176 2210 1364 2247 nuar 1791 die öffentliche Aufführung von Dramen (gleichviel ob ge-
175 2254 1364 2291 druckt oder nicht) von der schriftlichen Erlaubniss der Verfasser ab-
175 2299 443 2336 hängig gemacht.
