1600 2648
213 297 1403 341 genügenden Resultate. Die Praxis hat auch die im Vorstehen-
213 349 1404 392 den entwickelten Grundsätze consequent zur Anwendung ge-
212 402 1405 446 bracht und die von Jolly und Friedländer angenommene ge-
213 453 1401 497 wohnheitsrechtliche Schutzlosigkeit des eigentlichen Zeitungs-
213 506 1403 549 materiales  keinesweges angenommen, wie dies ausser dem
214 557 1404 600 angeführten Erkenntnisse des Obertribunales auch die Gut-
213 609 1404 653 achten des literarischen Sachverständigen-Vereines beweisen .
302 661 1407 704 Gleichwohl wird die Forderung nach besondern Normen des
214 713 1406 755 Rechtsschutzes für die Zeitungspresse vielfach wiederholt und
214 765 1406 808 der Gesetzentwurf des Frankfurter Bundestages suchte diesem
214 816 1406 859 Verlangen dadurch zu entsprechen, dass er im Art. 4 den Nach-
214 868 1406 913 druck von Zeitungsartikeln unter der Bedingung der Quellen-
214 921 1406 964 angabe im Anschluss an das Oesterreichische Gesetz vom 19.
216 973 1407 1016 October 1846 §. 5 b. allgemein gestattete und nur die fortge-
216 1024 1408 1066 setzte Ausbeutung eines Blattes durch ein anderes unter Strafe
214 1077 1408 1120 stellte. Die Tendenz dieser Vorschriften geht dahin, das Zei-
215 1129 1408 1173 tungsunternehmen als solches zu schützen ohne das Zeitungs-
215 1180 1355 1217 material als solches dem Nachdruckverbote zu unterwerfen.
308 1232 1408 1275 Das Bayerische Gesetz vom 28. Juni 1865 ist indess in die-
215 1285 1404 1328 sen Vorschriften dem sonst fast wörtlich wiedergegebenen Frank-
217 1336 1276 1379 furter Entwurfe nicht gefolgt. Es bestimmt im Art. 9:
307 1388 1408 1431 »Artikel, welche in einer Zeitung erschienen sind, dürfen
261 1441 1409 1484 in anderen Zeitungen sowohl in der nämlichen Sprache, als
260 1492 1066 1535 auch in Uebersetzung abgedruckt werden.
303 1544 1409 1589 Diese Bestimmung findet keine Anwendung und der Ab-
259 1597 1408 1641 druck gilt als Nachdruck, wenn der Urheber des Artikels in
260 1650 1408 1692 der Zeitung selbst, in welcher der Artikel erschienen ist,
258 1701 1410 1744 förmlich erklärt hat, dass er den Abdruck untersagt. Bei
261 1753 1412 1797 Artikeln politischen Inhalts ist jedoch eine solche Untersa-
261 1806 637 1849 gung nicht zulässig.
304 1856 1411 1900 Bei dem nach vorstehenden Bestimmungen erlaubten Ab-
263 1909 1415 1952 drucke eines in einer Zeitung erschienenen Artikels in einer
262 1961 1412 2006 andern Zeitung muss stets die Quelle angegeben werden, aus
261 2012 1411 2056 welcher derselbe geschöpft wurde. Ist dieses nicht gesche-
526 208 1084 246 V. Gegenstände. §. 16. Schriften.
216 209 268 236 158
363 2103 1415 2140 Jolly, Die Lehre vom Nachdruck S. 111 f. Friedländer, Der
219 2149 1412 2187 einheimische und ausländische Rechtsschutz gegen Nachdruck S. 27 f.
219 2194 1411 2232 — Vergl. dagegen Wächter, das Verlagsrecht Th. II S. 538 ff. Eisen-
219 2240 1413 2277 lohr, Das literarisch-artistische Eigenthum S. 50. Volkmann in der
219 2285 1358 2323 Zeitschrift für Rechtspflege u. Verwaltung, Neue Folge VI S. 273 f.
359 2331 1009 2368 Heydemann und Dambach S. 173—200.
