1600 2648
323 201 1256 238 IV. Das geistige Eigenthum. §. 13. Dogmengeschichte.
195 288 1383 332 det . Die Specification ist also nur eine Art der Occu-
195 340 317 381 pation.
283 392 1384 436 Beim geistigen Eigenthume ist aber die eigene Hervorbrin-
195 444 1384 487 gung des Geisteswerkes der alleinige Grund der Erwerbung.
196 496 1386 539 Eine Occupation des geistigen Eigenthumes an herrenlosen und
195 548 1386 592 derelinquirten Werken findet keinesweges statt. Es kann über-
196 600 1386 642 haupt nur einmal und von einer bestimmten Person, dem Ur-
196 652 1387 695 heber unmittelbar erworben werden, jeder dritte Erwerber
197 704 1343 740 muss seine Rechte auf diesen Urheber zurückführen können.
282 756 1387 798 Endlich ist einleuchtend, dass eine solche totale rechtliche
197 807 1386 857 Herrschaft, wie sie den Inhalt des Sacheigenthumes ausmacht,
196 860 1387 909 bei dem geistigen Eigenthume, auch abgesehen von der Ver-
196 912 1386 955 schiedenheit des Objectes, keineswegs stattfindet. Der geistige
199 957 1388 1008 Eigenthümer ist nur gegen ganz bestimmte Eingriffe in seinen
198 1016 1387 1059 Rechtskreis (unbefugte Vervielfältigung, Nachahmung, Auffüh-
198 1067 1391 1110 rung etc.) geschützt, während er keinesweges in der Lage ist,
199 1119 1389 1162 jede Benutzung und Ausbeutung seines Geisteswerkes untersa-
200 1171 1390 1214 gen zu können. Die neueren Vertheidiger der Eigenthums-
201 1223 1389 1266 theorie haben sich in scharfsinnigen Distinctionen erschöpft,
200 1275 1391 1318 um dieser beschränkten Wirkung gegenüber die Totalität der
202 1327 1392 1370 rechtlichen Herrschaft des geistigen Eigenthümers theoretisch
201 1383 382 1413 zu retten.
286 1429 1392 1475 Nach Fichte (a. a. O. S. 443) und Eisenlohr (a. a. O. S. 60)
202 1481 1393 1517 ist bei dem Inhalte einer Schrift zu unterscheiden zwischen den
202 1534 1394 1576 Gedanken und der Form des Ausdruckes. Erstere könne jeder
200 1585 1392 1630 sich im Wege der Reception zueignen und es könne daher nie-
203 1637 1394 1683 mand an ihrer Benutzung gehindert werden. Die Form des
203 1690 1393 1734 Ausdruckes dagegen bleibe auf immer des Autors ausschlies-
202 1725 1394 1785 sendes Eigenthum, weil niemand sich fremde Gedanken aneig-
203 1793 1006 1836 nen könne, ohne ihre Form zu verändern.
289 1844 1396 1890 Diese Unterscheidung ist an sich berechtigt . Die Worte
203 1896 1395 1940 sind das Mittel, durch welches die Gedanken des Schriftstellers
197 201 248 228 122
347 2046 1395 2085 L. 7. §. 7 Dig. de adquir. dom. (41. 1): Cum quis ex aliena ma-
204 2092 1394 2130 teria speciem aliquam suo nomine fecerit, Nerva et Proculus putant,
204 2138 1395 2175 hunc dominum esse, qui fecerit, »quia quod factum est, antea
205 2183 515 2213 nullius fuerat.«
350 2226 1394 2265 Sie wird von Neustetel (Der Büchernachdruck nach Römischem
206 2271 1393 2311 Recht betrachtet S. 11) und von Wächter (Das Verlagsrecht Th. I S.
209 2319 677 2355 101) ohne Grund verworfen.
