1600 2648
225 276 1420 321 geographischen, naturwissenschaftlichen und architektonischen
227 328 1419 373 Zeichnungen, sowie die musikalischen Compositionen den Schrif-
226 380 582 425 ten völlig gleich .
312 441 1419 485 Die Kunstwerke und bildlichen Darstellungen werden da-
226 494 1418 540 gegen in den §§. 21 ff. andern Regeln in Bezug auf die Erwer-
225 546 1417 591 bung des ausschliessenden Rechtes zur Vervielfältigung und in
227 599 1297 643 Bezug auf die Dauer des Rechtsschutzes  unterworfen.
312 660 1417 702 Von den deutschen Landesgesetzen schliessen sich das Braun-
226 712 1417 756 schweigische Gesetz vom 10. Februar 1842 §. 1 und das Gross-
225 764 1417 808 herzogl. Sächsische Gesetz vom 11. Januar 1839 §§. 1. 18. 19.
227 815 1418 858 21 der Terminologie des Preussischen Gesetzes vom 11. Juni
228 867 1418 911 1837 an. Ebenso zählen die Gesetze für das Grossherzogthum
224 919 1418 963 Hessen vom 23. September 1830 Art. 1, Sachsen Coburg Gotha
227 972 1419 1017 vom 18. September 1828 §. 1. und für Sachsen Meiningen vom
226 1025 1418 1069 7. Mai 1829 Art. 1, welche den Rechtsschutz des geistigen Ei-
225 1077 1419 1122 genthumes noch nicht auf die Kunstwerke erstrecken, die
225 1129 1419 1173 Landkarten, topographischen Zeichnungen und Musikalien zu
226 1182 484 1216 den Schriften.
314 1242 1417 1286 Die übrigen deutschen Gesetze gebrauchen die Ausdrücke:
230 1295 1418 1338 »literarisches und artistisches Eigenthum,« oder »literarische Er-
226 1347 1419 1391 zeugnisse und Werke der Kunst« lediglich als eine Collectivbe-
224 1399 1419 1443 zeichnung, ohne zwischen beiden Kategorien eine bestimmte
225 1450 1417 1494 Grenze zu ziehen. Wo jedoch besondere Bestimmungen in Be-
226 1503 1418 1548 zug auf das artistische Eigenthum gegeben werden, sind die-
226 1555 1417 1599 selben auf die Werke der zeichnenden und der plastischen
518 189 1129 228 V. Gegenstände. §. 15. Eintheilung.
230 190 282 218 142
367 1717 1419 1757 §. 18. Was vorstehend in den §§. 1. 2. 5 bis 17 über das aus-
226 1761 1419 1799 schliessende Recht zur Vervielfältigung von Schriften verordnet ist, fin-
224 1807 1419 1846 det auch in Anwendung auf geographische, naturwissenschaftliche, ar-
225 1852 1420 1892 chitectonische und ähnliche Zeichnungen und Abbildungen, welche nach
226 1897 1379 1937 ihrem Hauptzwecke nicht als Kunstwerke (§. 21) zu betrachten sind.
315 1943 1420 1985 §. 19. Dieselben Vorschriften gelten hinsichtlich der ausschlies-
226 1991 1362 2030 senden Befugniss zur Vervielfältigung musikalischer Compositionen.
367 2035 1419 2075 In Bezug auf die Dauer des Rechtsschutzes sind die Kunstwerke
226 2082 1420 2118 durch den Bundesbeschluss vom 16. Juni 1845 (Publications-Patent v.
229 2127 1420 2166 16. Januar 1846) den Schriften gleichgestellt. Dagegen dauert die Ver-
226 2173 1420 2211 schiedenheit der Rechtsnormen in Bezug auf die Förmlichkeit der An-
225 2217 1418 2257 meldung fort, welche für die Kunstwerke, nicht aber auch für die
257 2262 1420 2303 Schriften zur Bedingung des ausschliesslichen Rechtes der Vervielfäl-
258 2312 555 2349 tigung gemacht ist.
