1600 2648
272 181 1385 217 III. Rechtsquellen und Literatur. §. 9. Internationale Beziehungen.
196 269 1384 313 tionspatente zu den Bundesbeschlüssen von 1841, 1845, 1856
196 320 1075 356 und 1857 übereinstimmend die Schlussklausel:
242 372 1384 409 »dass Unsere Behörden und Unterthanen nicht bloss in Un-
237 424 1385 467 seren zum deutschen Bunde gehörigen Landen, sondern (in
238 476 1384 519 Voraussetzung der Beobachtung einer diesfälligen Reciproci-
237 528 1383 571 tät seitens der übrigen deutschen Staaten) auch in den übri-
238 580 1383 624 gen Provinzen Unsrer Monarchie sich darnach zu achten
237 635 351 668 haben.«
282 684 1384 726 Wo in den Landesgesetzen in dieser oder in einer ähn-
193 735 1383 773 lichen Weise das Gebiet des deutschen Bundes oder der übri-
193 787 1382 834 gen deutschen Staaten bezeichnet wird,  da ist es offenbar,
192 839 1383 882 dass der Gesetzgeber das gemeinsame Verkehrsgebiet der na-
193 891 1383 934 tionalen Literatur und Kunst durch die Hinweisung auf das
192 943 1383 985 damals bestehende Bundesgebiet bezeichnen wollte, ohne dass
190 995 1378 1038 er durch die gebrauchten Worte die Gewährung des Rechts-
192 1047 1383 1091 schutzes an die Bedingung der fortdauernden Zugehörigkeit zu
192 1099 909 1142 dem deutschen Bunde geknüpft hätte.
277 1151 1383 1193 Der zweite Kreis der internationalen Rechtsgemeinschaft
192 1203 1382 1247 umfasst diejenigen Staaten, welche durch besondere Verträge
192 1255 1380 1297 mit Preussen in ein Verhältniss des gemeinschaftlichen Rechts-
190 1306 1382 1349 schutzes gegen den Nachdruck getreten sind. Der erste dieser
193 1358 1382 1401 Verträge wurde am 13. Mai 1846 zwischen Preussen und
191 1410 1382 1452 Grossbritannien abgeschlossen und nach erfolgtem Beitritte von
190 1461 1379 1505 Sachsen, Braunschweig, Anhalt, den Sächsischen Herzogthü-
193 1514 1382 1556 mern, den Reussischen und Schwarzburgischen Fürstenthümern
190 1566 1382 1607 durch den Zusatzvertrag vom 14. Juni 1855 erweitert. Der
189 1617 1379 1659 zweite Vertrag wurde zwischen Preussen und Frankreich am
190 1670 1382 1711 2. August 1862 abgeschlossen und mit dem Zusatzprotokolle
189 1721 1380 1756 vom 14. Dezember 1864 am 5. Mai 1865 ratifizirt. Der Bei-
189 1773 1381 1815 tritt zu diesem Vertrage wurde allen Zollvereinsstaaten offen
188 1824 1380 1868 gehalten und bis jetzt von den Sächsischen Herzogthümern,
188 1876 1381 1920 den Schwarzburgischen und Reussischen Fürstenthümern, von
188 1928 1380 1971 Braunschweig, Oldenburg und Waldeck erklärt,  während
187 1980 1379 2023 Bayern, Würtemberg, Sachsen, Luxemburg, Baden, das Gross-
188 2032 1379 2080 herzogthum Hessen, Mecklenburg-Schwerin und die freien
187 2084 1380 2127 Städte mit der Literarconvention vom 2. August 1862 un-
198 184 233 211 82
330 2203 1382 2240 Vergl. Oesterr. Gesetz v. 19. October 1846 §. 38. — Bayerisch.
184 2249 732 2278 Gesetz v. 28. Juni 1865 Art. 66.
329 2294 1033 2324 Preussisches Handels-Archiv. 1865 S. 351.
