1600 2648
264 211 1380 249 III. Rechtsquellen und Literatur. §. 9. Internationale Beziehungen.
191 299 1379 343 Gesetze gewährt wird.  Diese Klausel der sogenannten ma-
190 352 1379 395 teriellen Reciprocität scheint auf den ersten Anblick geeignet,
189 404 1380 448 die vertragsmässigen Vereinbarungen über den gegenseitigen
190 456 1379 497 Rechtsschutz entbehrlich zu machen, zumal das Gesetz den im
191 507 1379 542 Ausland erschienenen Werken den Rechtsschutz in demselben
191 559 1379 600 Maasse zusichert, als solcher den Preussischen Werken nach
188 611 1379 646 den Gesetzen des fremden Staates zu Theil wird. Indess wenn
187 663 1380 706 diese Klausel die Gegenseitigkeit des Rechtsschutzes auch für
188 715 1378 755 den Fall zulässt, dass in dem Maasse der Schutzfristen Ver-
187 766 1378 802 schiedenheiten in der inländischen und der ausländischen Ge-
187 818 1377 862 setzgebung bestehen, so fällt doch die Bedingung der mate-
187 870 1378 914 riellen Reciprocität überall da fort, wo die Verfolgung des
186 922 1377 965 geistigen Eigenthumes an besondere Bedingungen und Förm-
187 973 1377 1016 lichkeiten geknüpft ist, die dem Preussischen Rechte fremd
185 1026 1376 1070 sind, wenn also die Verschiedenheit nicht in dem Maasse, son-
186 1078 1378 1120 dern in den Voraussetzungen des Rechtsschutzes besteht. Daher
186 1129 1376 1173 kam z. B. die Vorschrift des §. 38 cit. den in Frankreich er-
186 1182 1376 1217 schienenen Werken vor dem Abschlusse der Literarconvention
185 1234 1375 1276 nicht zu statten, obgleich Frankreich nach dem Decrete vom
186 1286 1375 1329 28. März 1852 den ausländischen Werken vollständig denselben
184 1338 1376 1381 Rechtsschutz gewährt, wie den einheimischen, nur unter der
185 1389 1374 1434 Bedingung der Hinterlegung von zwei Pflichtexemplaren bei
184 1442 1375 1488 der Pariser Bibliothek.  Diese letztere Bestimmung schloss
184 1493 1375 1537 aber wegen der dadurch bedingten Ungleichartigkeit in den
184 1546 1374 1590 Voraussetzungen des Rechtsschutzes die Anwendung des §. 38
184 1598 1110 1641 des Gesetzes vom 11. Juni 1837 vollständig aus.
270 1650 1375 1694 Da nun eine vollständige Gleichartigkeit der Gesetzgebung
184 1702 1374 1745 über das geistige Eigenthum, wie §. 38 cit. solche voraussetzt,
182 1754 1374 1796 kaum in irgend einem Staate angetroffen wird, so hat die er-
184 1806 1372 1848 wähnte Klausel der materiellen Reciprocität zur Zeit kaum
183 1858 822 1902 irgend eine practische Bedeutung.
191 213 226 240 84
325 1970 1374 2006 Entsprechende Vorschriften enthalten: Das Oesterreich. Gesetz
182 2016 1372 2051 v. 19. October 1846 §. 39. — Das Bayer. Gesetz v. 28. Juni 1865 Art.
181 2061 1374 2098 66. — Das Braunschweig. Gesetz v. 10. Februar 1842 §. 21. — Das
180 2107 1372 2144 Grossherzogl. Sächs. Gesetz v. 11. Januar 1839 §. 38. — Das Sächs.
182 2153 754 2189 Gesetz v. 22. Februar 1844 §. 11.
329 2197 1373 2234 Décret du 28 mars 1852 Art. 4. — Loi du 19 juillet 1793
181 2246 292 2272 Art. 6.
322 2286 1370 2324 Vergl. die bei Kayser, Preussische Pressgesetzgebung, S. 69 f.
181 2332 1123 2370 mitgetheilten Entscheidungen Preussischer Gerichtshöfe.
