<?xml version="1.0" encoding="UTF-8"?>
<PcGts xmlns="http://schema.primaresearch.org/PAGE/gts/pagecontent/2019-07-15" xmlns:xsi="http://www.w3.org/2001/XMLSchema-instance" xsi:schemaLocation="http://schema.primaresearch.org/PAGE/gts/pagecontent/2019-07-15 http://schema.primaresearch.org/PAGE/gts/pagecontent/2019-07-15/pagecontent.xsd">
<Metadata>
<Creator>regJS2PAGE.py</Creator>
<Created>2021-02-16T10:49:24.970173</Created>
<LastChange>2021-02-16T10:49:24.970173</LastChange>
</Metadata>
<Page imageFilename="tmp/klostermann_eigenthum01_1867_0052.png" imageWidth="1600" imageHeight="2648">
<TextRegion id="block_0" custom="structure {type:header;}">
<Coords points="304,231 304,269 1342,269 1342,231 304,231"/>
<TextLine id="line_0">
<Coords points="304,233 339,233 359,233 531,233 550,233 600,233 620,232 765,232 783,232 1002,232 1039,231 1063,231 1086,232 1114,232 1135,231 1252,231 1269,231 1342,231 1342,259 1269,259 1252,259 1135,259 1114,260 1086,260 1063,268 1039,268 1002,269 783,269 765,269 620,269 600,261 550,261 531,262 359,262 339,261 304,261 304,233"/>
<Baseline points="304,261 339,261 359,262 531,262 550,261 600,261 620,269 765,269 783,269 1002,269 1039,268 1063,268 1086,260 1114,260 1135,259 1252,259 1269,259 1342,259"/>
<TextEquiv><Unicode>II. Geschichte des geistigen Eigenthumes. §. 6. Aeltere Zeit.</Unicode></TextEquiv>
</TextLine>

</TextRegion>
<TextRegion id="block_1" custom="structure {type:body;}">
<Coords points="225,320 225,363 223,371 223,416 222,423 222,467 220,476 220,510 221,528 221,570 220,580 220,620 221,631 221,673 220,683 220,725 220,735 220,770 221,788 221,829 221,839 306,839 306,880 306,891 220,891 220,933 221,943 221,987 218,994 218,1038 216,1046 216,1089 220,1099 220,1141 220,1151 220,1194 220,1202 306,1202 306,1245 306,1254 221,1254 221,1297 220,1306 220,1349 222,1358 222,1403 1411,1403 1411,1358 1412,1349 1412,1306 1411,1297 1411,1254 1411,1245 1411,1202 1140,1202 1140,1194 1140,1151 1412,1151 1412,1141 1412,1099 1411,1089 1411,1046 1412,1038 1412,994 1411,987 1411,943 1411,933 1411,891 1413,880 1413,839 600,839 600,829 600,788 1413,788 1413,770 1413,735 1411,725 1411,683 1411,673 1411,631 1413,620 1413,580 1412,570 1412,528 1412,510 1412,476 1412,467 1412,423 1412,416 1412,371 1413,363 1413,320 225,320"/>
<TextLine id="line_1">
<Coords points="225,320 384,320 397,320 521,320 534,320 766,320 783,321 837,321 851,320 1130,320 1146,320 1212,320 1227,320 1413,320 1413,363 1227,363 1212,354 1146,354 1130,363 851,363 837,355 783,355 766,361 534,361 521,354 397,354 384,361 225,361 225,320"/>
<Baseline points="225,361 384,361 397,354 521,354 534,361 766,361 783,355 837,355 851,363 1130,363 1146,354 1212,354 1227,363 1413,363"/>
<TextEquiv><Unicode>Quinctus Pollius Valerianus die Jugendgedichte und Atrectus</Unicode></TextEquiv>
</TextLine>

<TextLine id="line_2">
<Coords points="223,374 276,374 302,373 515,373 540,373 734,373 773,373 927,373 959,373 1030,373 1052,371 1229,371 1251,371 1412,371 1412,405 1251,405 1229,407 1052,407 1030,406 959,406 927,407 773,407 734,416 540,416 515,416 302,416 276,407 223,407 223,374"/>
<Baseline points="223,407 276,407 302,416 515,416 540,416 734,416 773,407 927,407 959,406 1030,406 1052,407 1229,407 1251,405 1412,405"/>
<TextEquiv><Unicode>die Epigramme herausgab, während eine besondere Taschen-</Unicode></TextEquiv>
</TextLine>

<TextLine id="line_3">
<Coords points="222,424 366,424 393,424 452,424 482,424 693,424 725,424 775,424 800,425 904,425 927,424 1193,424 1215,424 1272,424 1294,423 1412,423 1412,457 1294,457 1272,459 1215,459 1193,467 927,467 904,458 800,458 775,458 725,458 693,467 482,467 452,459 393,459 366,467 222,467 222,424"/>
<Baseline points="222,467 366,467 393,459 452,459 482,467 693,467 725,458 775,458 800,458 904,458 927,467 1193,467 1215,459 1272,459 1294,457 1412,457"/>
<TextEquiv><Unicode>ausgabe der Epigramme bei einem Freigelassenen des Secun-</Unicode></TextEquiv>
</TextLine>

<TextLine id="line_4">
<Coords points="220,477 282,477 312,476 466,476 493,476 681,476 712,486 787,486 834,477 901,477 930,476 1063,476 1092,476 1218,476 1248,476 1301,476 1324,476 1412,476 1412,509 1324,509 1301,510 1248,510 1218,510 1092,510 1063,510 930,510 901,510 834,510 787,510 712,510 681,510 493,510 466,510 312,510 282,510 220,510 220,477"/>
<Baseline points="220,510 282,510 312,510 466,510 493,510 681,510 712,510 787,510 834,510 901,510 930,510 1063,510 1092,510 1218,510 1248,510 1301,510 1324,509 1412,509"/>
<TextEquiv><Unicode>dus Lucensis erschienen war. Der Dichter schrieb für diese</Unicode></TextEquiv>
</TextLine>

<TextLine id="line_5">
<Coords points="221,528 449,528 481,528 801,528 836,528 868,528 899,528 995,528 1021,537 1083,537 1107,528 1348,528 1380,529 1412,529 1412,561 1380,561 1348,570 1107,570 1083,561 1021,561 995,561 899,561 868,561 836,561 801,570 481,570 449,563 221,563 221,528"/>
<Baseline points="221,563 449,563 481,570 801,570 836,561 868,561 899,561 995,561 1021,561 1083,561 1107,570 1348,570 1380,561 1412,561"/>
<TextEquiv><Unicode>Buchhändler Ankündigungen in Form von Epigrammen, in</Unicode></TextEquiv>
</TextLine>

<TextLine id="line_6">
<Coords points="220,581 324,581 355,580 490,580 518,580 583,580 613,580 713,580 745,580 840,580 867,580 918,580 950,580 1061,580 1088,580 1154,580 1184,580 1242,580 1266,580 1327,580 1356,580 1413,580 1413,613 1356,613 1327,613 1266,613 1242,613 1184,613 1154,613 1088,613 1061,613 950,613 918,613 867,613 840,613 745,613 713,620 613,620 583,613 518,613 490,613 355,613 324,614 220,614 220,581"/>
<Baseline points="220,614 324,614 355,613 490,613 518,613 583,613 613,620 713,620 745,613 840,613 867,613 918,613 950,613 1061,613 1088,613 1154,613 1184,613 1242,613 1266,613 1327,613 1356,613 1413,613"/>
<TextEquiv><Unicode>denen Format und Preis, sowie die Firma und der Ort des</Unicode></TextEquiv>
</TextLine>

<TextLine id="line_7">
<Coords points="221,632 427,632 455,631 662,631 693,632 783,632 831,632 941,632 968,634 1044,634 1072,641 1133,641 1168,632 1273,632 1301,631 1411,631 1411,665 1301,665 1273,665 1168,665 1133,665 1072,665 1044,673 968,673 941,666 831,666 783,665 693,665 662,666 455,666 427,666 221,666 221,632"/>
<Baseline points="221,666 427,666 455,666 662,666 693,665 783,665 831,666 941,666 968,673 1044,673 1072,665 1133,665 1168,665 1273,665 1301,665 1411,665"/>
<TextEquiv><Unicode>Buchladens beschrieben wird. Horaz sagt von seiner Dicht-</Unicode></TextEquiv>
</TextLine>

<TextLine id="line_8">
<Coords points="220,685 330,685 362,685 438,685 459,684 505,684 525,684 588,684 614,683 806,683 831,683 949,683 974,684 1084,684 1106,684 1293,684 1317,684 1411,684 1411,725 1317,725 1293,725 1106,725 1084,717 974,717 949,724 831,724 806,717 614,717 588,717 525,717 505,717 459,717 438,718 362,718 330,724 220,724 220,685"/>
<Baseline points="220,724 330,724 362,718 438,718 459,717 505,717 525,717 588,717 614,717 806,717 831,724 949,724 974,717 1084,717 1106,725 1293,725 1317,725 1411,725"/>
<TextEquiv><Unicode>kunst, dass sie den Gebrüdern Sosius, seinen Verlegern, Geld,</Unicode></TextEquiv>
</TextLine>

<TextLine id="line_9">
<Coords points="220,737 294,737 316,735 551,735 574,735 652,735 676,736 804,736 829,735 895,735 917,736 1024,736 1048,735 1097,735 1120,736 1152,736 1177,735 1267,735 1283,736 1413,736 1413,770 1283,770 1267,770 1177,770 1152,769 1120,769 1097,769 1048,769 1024,770 917,770 895,769 829,769 804,770 676,770 652,769 574,769 551,770 316,770 294,770 220,770 220,737"/>
<Baseline points="220,770 294,770 316,770 551,770 574,769 652,769 676,770 804,770 829,769 895,769 917,770 1024,770 1048,769 1097,769 1120,769 1152,769 1177,770 1267,770 1283,770 1413,770"/>
<TextEquiv><Unicode>dem Schriftsteller aber Namen und Ruhm bis in ferne Länder</Unicode></TextEquiv>
</TextLine>

<TextLine id="line_10">
<Coords points="221,788 286,788 310,788 420,788 444,788 600,788 600,829 444,829 420,822 310,822 286,823 221,823 221,788"/>
<Baseline points="221,823 286,823 310,822 420,822 444,829 600,829"/>
<TextEquiv><Unicode>und Zeiten eintrage.</Unicode></TextEquiv>
</TextLine>

<TextLine id="line_11">
<Coords points="306,840 404,840 426,839 492,839 514,839 665,839 685,839 822,839 844,840 951,840 974,840 1176,840 1202,840 1278,840 1303,840 1334,840 1354,839 1413,839 1413,872 1354,872 1334,873 1303,873 1278,874 1202,874 1176,880 974,880 951,873 844,873 822,873 685,873 665,873 514,873 492,873 426,873 404,873 306,873 306,840"/>
<Baseline points="306,873 404,873 426,873 492,873 514,873 665,873 685,873 822,873 844,873 951,873 974,880 1176,880 1202,874 1278,874 1303,873 1334,873 1354,872 1413,872"/>
<TextEquiv><Unicode>Diese und ähnliche Notizen lassen vermuthen, dass in der</Unicode></TextEquiv>
</TextLine>

<TextLine id="line_12">
<Coords points="220,892 401,892 424,891 609,891 632,891 884,891 912,902 974,902 996,891 1251,891 1281,901 1323,901 1346,891 1411,891 1411,924 1346,924 1323,924 1281,924 1251,926 996,926 974,926 912,926 884,933 632,933 609,926 424,926 401,926 220,926 220,892"/>
<Baseline points="220,926 401,926 424,926 609,926 632,933 884,933 912,926 974,926 996,926 1251,926 1281,924 1323,924 1346,924 1411,924"/>
<TextEquiv><Unicode>römischen Kaiserzeit Verlagsrechte von Schriftstellern an ein-</Unicode></TextEquiv>
</TextLine>

<TextLine id="line_13">
<Coords points="221,944 312,944 323,943 554,943 575,943 772,943 796,944 862,944 877,944 980,944 996,944 1058,944 1074,943 1411,943 1411,987 1074,987 1058,978 996,978 980,977 877,977 862,977 796,977 772,985 575,985 554,977 323,977 312,978 221,978 221,944"/>
<Baseline points="221,978 312,978 323,977 554,977 575,985 772,985 796,977 862,977 877,977 980,977 996,978 1058,978 1074,987 1411,987"/>
<TextEquiv><Unicode>zelne Buchhändler übertragen und durch den Geschäftsgebrauch</Unicode></TextEquiv>
</TextLine>

<TextLine id="line_14">
<Coords points="218,995 276,995 298,995 526,995 551,995 721,995 743,996 886,996 932,996 992,996 1015,995 1249,995 1274,994 1412,994 1412,1029 1274,1029 1249,1030 1015,1030 992,1029 932,1029 886,1029 743,1029 721,1038 551,1038 526,1029 298,1029 276,1030 218,1030 218,995"/>
<Baseline points="218,1030 276,1030 298,1029 526,1029 551,1038 721,1038 743,1029 886,1029 932,1029 992,1029 1015,1030 1249,1030 1274,1029 1412,1029"/>
<TextEquiv><Unicode>des Buchhandels geschützt wurden. Ein Rechtsschutz bestand</Unicode></TextEquiv>
</TextLine>

<TextLine id="line_15">
<Coords points="216,1046 333,1046 359,1048 411,1048 433,1048 526,1048 549,1047 678,1047 704,1048 824,1048 845,1047 942,1047 978,1048 1021,1048 1050,1058 1092,1058 1119,1048 1231,1048 1254,1047 1356,1047 1379,1048 1411,1048 1411,1081 1379,1081 1356,1082 1254,1082 1231,1081 1119,1081 1092,1082 1050,1082 1021,1081 978,1081 942,1089 845,1089 824,1089 704,1089 678,1082 549,1082 526,1081 433,1081 411,1081 359,1081 333,1089 216,1089 216,1046"/>
<Baseline points="216,1089 333,1089 359,1081 411,1081 433,1081 526,1081 549,1082 678,1082 704,1089 824,1089 845,1089 942,1089 978,1081 1021,1081 1050,1082 1092,1082 1119,1081 1231,1081 1254,1082 1356,1082 1379,1081 1411,1081"/>
<TextEquiv><Unicode>jedoch für einen solchen Verlag nicht, da an keiner Stelle in</Unicode></TextEquiv>
</TextLine>

<TextLine id="line_16">
<Coords points="220,1100 282,1100 316,1100 496,1100 533,1099 783,1099 815,1100 903,1100 937,1100 1238,1100 1271,1100 1412,1100 1412,1134 1271,1134 1238,1134 937,1134 903,1134 815,1134 783,1141 533,1141 496,1134 316,1134 282,1134 220,1134 220,1100"/>
<Baseline points="220,1134 282,1134 316,1134 496,1134 533,1141 783,1141 815,1134 903,1134 937,1134 1238,1134 1271,1134 1412,1134"/>
<TextEquiv><Unicode>den römischen Rechtsquellen eines ausschliesslichen Rechtes</Unicode></TextEquiv>
</TextLine>

<TextLine id="line_17">
<Coords points="220,1151 280,1151 300,1151 593,1151 617,1161 679,1161 704,1151 865,1151 888,1151 1028,1151 1050,1153 1140,1153 1140,1185 1050,1185 1028,1193 888,1193 865,1185 704,1185 679,1185 617,1185 593,1194 300,1194 280,1185 220,1185 220,1151"/>
<Baseline points="220,1185 280,1185 300,1194 593,1194 617,1185 679,1185 704,1185 865,1185 888,1193 1028,1193 1050,1185 1140,1185"/>
<TextEquiv><Unicode>der Vervielfältigung von Schriften gedacht wird.</Unicode></TextEquiv>
</TextLine>

<TextLine id="line_18">
<Coords points="306,1202 462,1202 485,1203 543,1203 565,1203 616,1203 640,1203 747,1203 771,1204 829,1204 852,1204 1010,1204 1035,1204 1269,1204 1291,1204 1411,1204 1411,1238 1291,1238 1269,1245 1035,1245 1010,1245 852,1245 829,1237 771,1237 747,1245 640,1245 616,1236 565,1236 543,1237 485,1237 462,1237 306,1237 306,1202"/>
<Baseline points="306,1237 462,1237 485,1237 543,1237 565,1236 616,1236 640,1245 747,1245 771,1237 829,1237 852,1245 1010,1245 1035,1245 1269,1245 1291,1238 1411,1238"/>
<TextEquiv><Unicode>Dennoch hat die Frage des geistigen Eigenthumes bereits</Unicode></TextEquiv>
</TextLine>

<TextLine id="line_19">
<Coords points="221,1255 274,1255 299,1255 536,1255 559,1254 755,1254 778,1254 984,1254 1016,1265 1106,1265 1133,1256 1217,1256 1246,1255 1338,1255 1361,1256 1411,1256 1411,1289 1361,1289 1338,1289 1246,1289 1217,1290 1133,1290 1106,1289 1016,1289 984,1297 778,1297 755,1288 559,1288 536,1288 299,1288 274,1289 221,1289 221,1255"/>
<Baseline points="221,1289 274,1289 299,1288 536,1288 559,1288 755,1288 778,1297 984,1297 1016,1289 1106,1289 1133,1290 1217,1290 1246,1289 1338,1289 1361,1289 1411,1289"/>
<TextEquiv><Unicode>die römischen Juristen beschäftigt, wenn auch mehr als</Unicode></TextEquiv>
</TextLine>

<TextLine id="line_20">
<Coords points="220,1307 272,1307 305,1306 513,1306 546,1306 605,1306 634,1306 873,1306 905,1306 1112,1306 1144,1308 1229,1308 1260,1307 1309,1307 1340,1309 1412,1309 1412,1342 1340,1342 1309,1341 1260,1341 1229,1342 1144,1342 1112,1349 905,1349 873,1340 634,1340 605,1339 546,1339 513,1349 305,1349 272,1341 220,1341 220,1307"/>
<Baseline points="220,1341 272,1341 305,1349 513,1349 546,1339 605,1339 634,1340 873,1340 905,1349 1112,1349 1144,1342 1229,1342 1260,1341 1309,1341 1340,1342 1412,1342"/>
<TextEquiv><Unicode>ein Gegenstand der theoretischen Speculation denn als eine</Unicode></TextEquiv>
</TextLine>

<TextLine id="line_21">
<Coords points="222,1359 329,1359 351,1358 409,1358 433,1358 639,1358 658,1358 806,1358 853,1359 911,1359 939,1360 1010,1360 1039,1360 1102,1360 1129,1359 1187,1359 1209,1360 1411,1360 1411,1402 1209,1402 1187,1393 1129,1393 1102,1393 1039,1393 1010,1393 939,1393 911,1392 853,1392 806,1392 658,1392 639,1400 433,1400 409,1392 351,1392 329,1403 222,1403 222,1359"/>
<Baseline points="222,1403 329,1403 351,1392 409,1392 433,1400 639,1400 658,1392 806,1392 853,1392 911,1392 939,1393 1010,1393 1039,1393 1102,1393 1129,1393 1187,1393 1209,1402 1411,1402"/>
<TextEquiv><Unicode>Frage des practischen Rechtes. Als eine Art der Erwerbung</Unicode></TextEquiv>
</TextLine>

</TextRegion>
<TextRegion id="block_2" custom="structure {type:pageNum;}">
<Coords points="225,235 225,262 261,262 261,235 225,235"/>
<TextLine id="line_22">
<Coords points="225,235 261,235 261,262 225,262 225,235"/>
<Baseline points="225,262 261,262"/>
<TextEquiv><Unicode>36</Unicode></TextEquiv>
</TextLine>

</TextRegion>
<TextRegion id="block_3" custom="structure {type:note;}">
<Coords points="359,1487 359,1524 362,1532 362,1569 360,1578 360,1616 360,1626 222,1626 222,1660 222,1667 367,1667 367,1704 367,1712 367,1749 366,1741 366,1793 367,1803 367,1841 365,1849 365,1886 367,1895 367,1931 364,1940 364,1976 363,1984 363,2022 363,2038 312,2038 312,2077 312,2085 219,2085 219,2122 217,2131 217,2168 218,2176 218,2214 217,2221 217,2255 217,2267 362,2267 362,2302 363,2312 363,2347 364,2357 364,2396 1077,2396 1077,2357 1173,2357 1173,2347 1173,2312 617,2312 617,2302 617,2267 850,2267 850,2255 850,2221 1410,2221 1410,2214 1410,2176 1409,2168 1409,2131 1409,2122 1409,2085 1410,2077 1410,2038 1052,2038 1052,2022 1052,1984 1043,1976 1043,1940 1019,1940 1019,1931 1019,1895 1080,1895 1080,1886 1080,1849 1117,1849 1117,1841 1117,1803 1193,1803 1193,1793 1193,1741 1021,1741 1021,1749 1021,1712 1139,1712 1139,1704 1139,1667 323,1667 323,1660 323,1626 1411,1626 1411,1616 1411,1578 605,1578 605,1569 605,1532 601,1524 601,1487 359,1487"/>
<TextLine id="line_23">
<Coords points="359,1487 422,1487 440,1488 453,1488 474,1497 519,1497 540,1489 601,1489 601,1515 540,1515 519,1524 474,1524 453,1515 440,1515 422,1516 359,1516 359,1487"/>
<Baseline points="359,1516 422,1516 440,1515 453,1515 474,1524 519,1524 540,1515 601,1515"/>
<TextEquiv><Unicode>Lib. I ep. 114.</Unicode></TextEquiv>
</TextLine>

<TextLine id="line_24">
<Coords points="362,1532 425,1532 445,1532 458,1532 478,1542 522,1542 545,1535 605,1535 605,1561 545,1561 522,1569 478,1569 458,1561 445,1561 425,1562 362,1562 362,1532"/>
<Baseline points="362,1562 425,1562 445,1561 458,1561 478,1569 522,1569 545,1561 605,1561"/>
<TextEquiv><Unicode>Lib. I ep. 118.</Unicode></TextEquiv>
</TextLine>

<TextLine id="line_25">
<Coords points="360,1578 457,1578 485,1588 585,1588 612,1579 669,1579 701,1578 790,1578 823,1578 1014,1578 1051,1579 1273,1579 1310,1583 1373,1583 1398,1583 1411,1583 1411,1610 1398,1610 1373,1611 1310,1611 1273,1616 1051,1616 1014,1615 823,1615 790,1606 701,1606 669,1606 612,1606 585,1606 485,1606 457,1614 360,1614 360,1578"/>
<Baseline points="360,1614 457,1614 485,1606 585,1606 612,1606 669,1606 701,1606 790,1606 823,1615 1014,1615 1051,1616 1273,1616 1310,1611 1373,1611 1398,1610 1411,1610"/>
<TextEquiv><Unicode>Vergl. ausser den schon angeführten Epigrammen: Lib. I</Unicode></TextEquiv>
</TextLine>

<TextLine id="line_26">
<Coords points="222,1633 267,1633 288,1626 323,1626 323,1653 288,1653 267,1660 222,1660 222,1633"/>
<Baseline points="222,1660 267,1660 288,1653 323,1653"/>
<TextEquiv><Unicode>ep. 3:</Unicode></TextEquiv>
</TextLine>

<TextLine id="line_27">
<Coords points="367,1668 421,1668 441,1671 535,1671 557,1668 639,1668 660,1670 722,1670 742,1675 822,1675 841,1667 1006,1667 1026,1669 1139,1669 1139,1698 1026,1698 1006,1704 841,1704 822,1695 742,1695 722,1695 660,1695 639,1703 557,1703 535,1696 441,1696 421,1704 367,1704 367,1668"/>
<Baseline points="367,1704 421,1704 441,1696 535,1696 557,1703 639,1703 660,1695 722,1695 742,1695 822,1695 841,1704 1006,1704 1026,1698 1139,1698"/>
<TextEquiv><Unicode>Qui tecum cupis esse meos ubicunque libellos</Unicode></TextEquiv>
</TextLine>

<TextLine id="line_28">
<Coords points="367,1714 406,1714 424,1713 545,1713 565,1713 669,1713 688,1713 805,1713 822,1712 930,1712 948,1713 1021,1713 1021,1746 948,1746 930,1741 822,1741 805,1748 688,1748 669,1749 565,1749 545,1741 424,1741 406,1742 367,1742 367,1714"/>
<Baseline points="367,1742 406,1742 424,1741 545,1741 565,1749 669,1749 688,1748 805,1748 822,1741 930,1741 948,1746 1021,1746"/>
<TextEquiv><Unicode>Et comites longae quaeris habere viae,</Unicode></TextEquiv>
</TextLine>

<TextLine id="line_29">
<Coords points="366,1759 425,1759 444,1767 505,1767 524,1767 596,1767 613,1760 707,1760 724,1758 863,1758 881,1759 1047,1759 1066,1741 1193,1741 1193,1789 1066,1789 1047,1787 881,1787 863,1787 724,1787 707,1787 613,1787 596,1793 524,1793 505,1787 444,1787 425,1786 366,1786 366,1759"/>
<Baseline points="366,1786 425,1786 444,1787 505,1787 524,1793 596,1793 613,1787 707,1787 724,1787 863,1787 881,1787 1047,1787 1066,1789 1193,1789"/>
<TextEquiv><Unicode>Hos eme quos arctat brevibus membrana tabellis:</Unicode></TextEquiv>
</TextLine>

<TextLine id="line_30">
<Coords points="367,1803 480,1803 498,1804 535,1804 553,1804 677,1804 697,1813 749,1813 768,1812 896,1812 917,1813 986,1813 1005,1805 1117,1805 1117,1841 1005,1841 986,1832 917,1832 896,1831 768,1831 749,1832 697,1832 677,1840 553,1840 535,1832 498,1832 480,1832 367,1832 367,1803"/>
<Baseline points="367,1832 480,1832 498,1832 535,1832 553,1840 677,1840 697,1832 749,1832 768,1831 896,1831 917,1832 986,1832 1005,1841 1117,1841"/>
<TextEquiv><Unicode>Scrinia da magnis, me manus una capit.</Unicode></TextEquiv>
</TextLine>

<TextLine id="line_31">
<Coords points="365,1849 408,1849 426,1852 524,1852 543,1850 660,1850 678,1850 729,1850 750,1850 804,1850 824,1850 933,1850 953,1852 984,1852 1002,1859 1080,1859 1080,1879 1002,1879 984,1878 953,1878 933,1877 824,1877 804,1877 750,1877 729,1877 678,1877 660,1886 543,1886 524,1877 426,1877 408,1878 365,1878 365,1849"/>
<Baseline points="365,1878 408,1878 426,1877 524,1877 543,1886 660,1886 678,1877 729,1877 750,1877 804,1877 824,1877 933,1877 953,1878 984,1878 1002,1879 1080,1879"/>
<TextEquiv><Unicode>Ne tamen ignores ubi sim venalis et erres</Unicode></TextEquiv>
</TextLine>

<TextLine id="line_32">
<Coords points="367,1895 446,1895 467,1903 558,1903 577,1897 655,1897 675,1903 720,1903 740,1895 813,1895 835,1896 932,1896 952,1895 1019,1895 1019,1924 952,1924 932,1923 835,1923 813,1923 740,1923 720,1922 675,1922 655,1923 577,1923 558,1931 467,1931 446,1927 367,1927 367,1895"/>
<Baseline points="367,1927 446,1927 467,1931 558,1931 577,1923 655,1923 675,1922 720,1922 740,1923 813,1923 835,1923 932,1923 952,1924 1019,1924"/>
<TextEquiv><Unicode>Urbe vagus tota: me duce certus eris.</Unicode></TextEquiv>
</TextLine>

<TextLine id="line_33">
<Coords points="364,1940 514,1940 534,1940 613,1940 633,1940 771,1940 793,1949 899,1949 919,1941 1043,1941 1043,1969 919,1969 899,1976 793,1976 771,1968 633,1968 613,1968 534,1968 514,1968 364,1968 364,1940"/>
<Baseline points="364,1968 514,1968 534,1968 613,1968 633,1968 771,1968 793,1976 899,1976 919,1969 1043,1969"/>
<TextEquiv><Unicode>Libertum docti Lucensis quaere Secundi</Unicode></TextEquiv>
</TextLine>

<TextLine id="line_34">
<Coords points="363,1984 477,1984 496,1987 564,1987 584,1986 675,1986 697,1986 915,1986 935,1986 1052,1986 1052,2014 935,2014 915,2022 697,2022 675,2019 584,2019 564,2021 496,2021 477,2014 363,2014 363,1984"/>
<Baseline points="363,2014 477,2014 496,2021 564,2021 584,2019 675,2019 697,2022 915,2022 935,2014 1052,2014"/>
<TextEquiv><Unicode>Limina post Pacis, Palladiumque Forum.</Unicode></TextEquiv>
</TextLine>

<TextLine id="line_35">
<Coords points="312,2039 436,2039 454,2039 658,2039 678,2039 792,2039 821,2040 941,2040 963,2042 1042,2042 1061,2040 1113,2040 1134,2042 1151,2042 1174,2040 1202,2040 1223,2040 1276,2040 1298,2039 1339,2039 1357,2038 1410,2038 1410,2066 1357,2066 1339,2075 1298,2075 1276,2068 1223,2068 1202,2068 1174,2068 1151,2068 1134,2068 1113,2068 1061,2068 1042,2070 963,2070 941,2077 821,2077 792,2073 678,2073 658,2075 454,2075 436,2076 312,2076 312,2039"/>
<Baseline points="312,2076 436,2076 454,2075 658,2075 678,2073 792,2073 821,2077 941,2077 963,2070 1042,2070 1061,2068 1113,2068 1134,2068 1151,2068 1174,2068 1202,2068 1223,2068 1276,2068 1298,2075 1339,2075 1357,2066 1410,2066"/>
<TextEquiv><Unicode>Lessing (Gesammelte Werke, Leipzig 1855. Bd. 6 S. 293 ff.) hat</Unicode></TextEquiv>
</TextLine>

<TextLine id="line_36">
<Coords points="219,2087 317,2087 342,2085 466,2085 492,2085 558,2085 578,2085 640,2085 659,2094 715,2094 738,2086 818,2086 840,2085 1097,2085 1117,2086 1158,2086 1178,2085 1357,2085 1374,2094 1409,2094 1409,2113 1374,2113 1357,2122 1178,2122 1158,2113 1117,2113 1097,2122 840,2122 818,2113 738,2113 715,2113 659,2113 640,2113 578,2113 558,2113 492,2113 466,2121 342,2121 317,2113 219,2113 219,2087"/>
<Baseline points="219,2113 317,2113 342,2121 466,2121 492,2113 558,2113 578,2113 640,2113 659,2113 715,2113 738,2113 818,2113 840,2122 1097,2122 1117,2113 1158,2113 1178,2122 1357,2122 1374,2113 1409,2113"/>
<TextEquiv><Unicode>zuerst gezeigt, dass hier von einer Taschenausgabe im Gegensatze zu</Unicode></TextEquiv>
</TextLine>

<TextLine id="line_37">
<Coords points="217,2131 270,2131 291,2132 445,2132 469,2139 526,2139 553,2131 690,2131 713,2131 861,2131 887,2132 1161,2132 1188,2132 1235,2132 1261,2131 1342,2131 1360,2131 1409,2131 1409,2159 1360,2159 1342,2160 1261,2160 1235,2159 1188,2159 1161,2168 887,2168 861,2167 713,2167 690,2158 553,2158 526,2158 469,2158 445,2167 291,2167 270,2158 217,2158 217,2131"/>
<Baseline points="217,2158 270,2158 291,2167 445,2167 469,2158 526,2158 553,2158 690,2158 713,2167 861,2167 887,2168 1161,2168 1188,2159 1235,2159 1261,2160 1342,2160 1360,2159 1409,2159"/>
<TextEquiv><Unicode>der grösseren von Atrectus verlegten Gesammtausgabe die Rede ist.</Unicode></TextEquiv>
</TextLine>

<TextLine id="line_38">
<Coords points="218,2176 274,2176 293,2176 420,2176 438,2176 621,2176 639,2176 690,2176 710,2176 823,2176 843,2178 971,2178 1000,2178 1067,2178 1094,2178 1146,2178 1171,2177 1339,2177 1367,2177 1410,2177 1410,2204 1367,2204 1339,2214 1171,2214 1146,2206 1094,2206 1067,2206 1000,2206 971,2211 843,2211 823,2205 710,2205 690,2204 639,2204 621,2212 438,2212 420,2205 293,2205 274,2204 218,2204 218,2176"/>
<Baseline points="218,2204 274,2204 293,2205 420,2205 438,2212 621,2212 639,2204 690,2204 710,2205 823,2205 843,2211 971,2211 1000,2206 1067,2206 1094,2206 1146,2206 1171,2214 1339,2214 1367,2204 1410,2204"/>
<TextEquiv><Unicode>Die redende Einführung des Buches beweist, dass das Epigramm als</Unicode></TextEquiv>
</TextLine>

<TextLine id="line_39">
<Coords points="217,2221 381,2221 398,2221 446,2221 463,2221 594,2221 612,2222 763,2222 781,2231 850,2231 850,2251 781,2251 763,2250 612,2250 594,2255 463,2255 446,2250 398,2250 381,2250 217,2250 217,2221"/>
<Baseline points="217,2250 381,2250 398,2250 446,2250 463,2255 594,2255 612,2250 763,2250 781,2251 850,2251"/>
<TextEquiv><Unicode>Aufschrift für dasselbe bestimmt war.</Unicode></TextEquiv>
</TextLine>

<TextLine id="line_40">
<Coords points="362,2267 425,2267 443,2269 523,2269 548,2268 617,2268 617,2296 548,2296 523,2302 443,2302 425,2296 362,2296 362,2267"/>
<Baseline points="362,2296 425,2296 443,2302 523,2302 548,2296 617,2296"/>
<TextEquiv><Unicode>Art. poet. 345:</Unicode></TextEquiv>
</TextLine>

<TextLine id="line_41">
<Coords points="363,2312 417,2312 437,2315 531,2315 550,2321 617,2321 635,2312 711,2312 730,2312 829,2312 848,2314 896,2314 915,2317 946,2317 963,2323 1041,2323 1058,2314 1173,2314 1173,2347 1058,2347 1041,2343 963,2343 946,2342 915,2342 896,2342 848,2342 829,2347 730,2347 711,2341 635,2341 617,2341 550,2341 531,2341 437,2341 417,2341 363,2341 363,2312"/>
<Baseline points="363,2341 417,2341 437,2341 531,2341 550,2341 617,2341 635,2341 711,2341 730,2347 829,2347 848,2342 896,2342 915,2342 946,2342 963,2343 1041,2343 1058,2347 1173,2347"/>
<TextEquiv><Unicode>Hic meret aera liber Sosiis, hic et mare transit,</Unicode></TextEquiv>
</TextLine>

<TextLine id="line_42">
<Coords points="364,2357 404,2357 424,2359 544,2359 564,2361 634,2361 654,2358 790,2358 808,2361 950,2361 967,2368 1077,2368 1077,2388 967,2388 950,2396 808,2396 790,2394 654,2394 634,2387 564,2387 544,2395 424,2395 404,2386 364,2386 364,2357"/>
<Baseline points="364,2386 404,2386 424,2395 544,2395 564,2387 634,2387 654,2394 790,2394 808,2396 950,2396 967,2388 1077,2388"/>
<TextEquiv><Unicode>Et longum noto scriptori prorogat aevum.</Unicode></TextEquiv>
</TextLine>

</TextRegion>
</Page>
</PcGts>