1600 2648
200 278 1392 321 und ähnlichen Aufzeichnungen, die durch zufällige, mit der Per-
198 330 1393 371 son ihres Verfassers oder mit Ort und Zeit ihrer Abfassung
200 382 1392 424 verknüpfte Umstände einen literarischen Werth erlangen kön-
200 434 1392 477 nen, den sie ursprünglich nicht besassen und nicht beanspruchten.
289 486 1389 529 Man muss hiernach das aufgestellte Kriterium der ursprüng-
201 537 1394 580 lichen Bestimmung für den schriftstellerischen Verkehr unbe-
201 590 1395 634 dingt verwerfen und den Satz aufstellen, dass jede zur Mit-
202 642 1394 686 theilung von Gedanken bestimmte Schrift ein mögliches Ob-
198 694 1397 736 ject des Schrifteigenthumes ist. Ob an derselben demnächst
202 746 1397 789 ein Schrifteigenthum entsteht und ausgeübt wird, ob die Schrift
203 798 1396 840 Gegenstand eines Verlagsvertrages oder eines unbefugten Nach-
203 849 1396 892 druckes wird, hängt von äusseren Umständen ab, die keines-
204 901 1399 945 weges immer in der Form und dem Inhalte der Schrift begründet
202 953 1397 997 sind. Manche der schönsten Blüthen unserer Lyrik ist entstanden,
203 1005 1399 1049 ohne ursprünglich für den Verlag bestimmt zu sein und manche
204 1056 1398 1098 Schrift, die weder für den literarischen Verkehr verfasst, noch
205 1108 1399 1153 ihrem geistigen Gehalte nach für denselben geeignet war, hat
203 1159 1398 1196 durch die Launen des Zufalls dennoch eine literarische Verbrei-
205 1213 486 1255 tung erlangt .
293 1265 1400 1309 Noch weniger als auf den geistigen Gehalt und die schrift-
205 1317 1401 1362 stellerische Tendenz kommt es auf den Umfang der Mitthei-
207 1370 1402 1417 lung an. Die Frage, wie viel Druckseiten oder Zeilen eine
207 1421 1402 1465 Schrift zählen muss, um als selbständiger Träger eines ver-
208 1475 1403 1517 mögensrechtlichen Interesses gelten zu können, ist rein that-
206 1526 1403 1569 sächlicher Natur . Sobald ein solches vermögensrechtliches
206 1578 1401 1619 Interesse vorhanden ist, muss das Recht der ausschliesslichen
208 1631 1403 1673 Vervielfältigung anerkannt und geschützt werden . Es kann
209 1683 1403 1722 nur als ein verfehlter Versuch bezeichnet werden, wenn die
512 191 1079 228 V. Gegenstände. §. 16. Schriften.
203 194 252 219 152
347 1810 1404 1846 Ein Beispiel, in Bezug auf welches allerdings die Annahme eines
208 1855 1405 1891 geistigen Eigenthumes aus mehr als einem Grunde ausgeschlossen bleibt,
210 1900 1406 1937 ist das sogenannte Buch der Wilden: das Schmierheft eines deut-
211 1946 1407 1983 schen Hinterwäldler-Jungen aus Ober-Canada, welches dem Abbé Do-
211 1991 1407 2028 menech in die Hände fiel und von dem der deutschen Schriftzüge Un-
210 2037 1408 2074 kundigen als eine Hieroglyphenschrift der Rothhäute angesehen und
210 2082 550 2112 veröffentlicht wurde.
350 2128 1407 2165 Vergl. das Gutachten betreffend den Nachdruck eines Flugblat-
213 2174 1043 2209 tes bei Heydemann und Dambach a. a. O. S. 187.
354 2218 1414 2259 Renouard, Traité des droits d’auteurs etc. Tom I p. 16. Une
213 2264 1407 2303 petite propriété est aussi sacrée qu’une grande et droit trouver dans
214 2309 654 2347 la loi la même protection.
