<?xml version="1.0" encoding="UTF-8"?>
<PcGts xmlns="http://schema.primaresearch.org/PAGE/gts/pagecontent/2019-07-15" xmlns:xsi="http://www.w3.org/2001/XMLSchema-instance" xsi:schemaLocation="http://schema.primaresearch.org/PAGE/gts/pagecontent/2019-07-15 http://schema.primaresearch.org/PAGE/gts/pagecontent/2019-07-15/pagecontent.xsd">
<Metadata>
<Creator>regJS2PAGE.py</Creator>
<Created>2021-02-16T10:47:38.818889</Created>
<LastChange>2021-02-16T10:47:38.818889</LastChange>
</Metadata>
<Page imageFilename="tmp/klostermann_eigenthum01_1867_0134.png" imageWidth="1600" imageHeight="2648">
<TextRegion id="block_0" custom="structure {type:body;}">
<Coords points="216,253 216,296 215,305 215,348 216,356 216,400 215,406 215,451 215,460 302,460 302,503 302,511 213,511 213,554 214,563 214,608 214,614 214,659 217,666 217,709 215,718 215,763 216,770 216,814 216,822 216,865 215,874 215,918 215,925 215,969 215,977 215,1021 215,1029 215,1070 216,1080 216,1125 215,1133 215,1176 216,1184 216,1228 216,1236 216,1280 216,1288 216,1332 216,1340 303,1340 303,1383 303,1393 215,1393 215,1435 215,1444 215,1487 215,1495 215,1539 217,1547 217,1591 216,1599 216,1643 216,1651 216,1692 1404,1692 1404,1651 1405,1643 1405,1599 1404,1591 1404,1547 1406,1539 1406,1495 1404,1487 1404,1444 1405,1435 1405,1393 1405,1383 1405,1340 1075,1340 1075,1332 1075,1288 1405,1288 1405,1280 1405,1236 1406,1228 1406,1184 1405,1176 1405,1133 1405,1125 1405,1080 1405,1070 1405,1029 1406,1021 1406,977 1406,969 1406,925 1405,918 1405,874 1407,865 1407,822 1407,814 1407,770 1408,763 1408,718 1408,709 1408,666 1407,659 1407,614 1406,608 1406,563 1407,554 1407,511 1405,503 1405,460 1192,460 1192,451 1192,406 1408,406 1408,400 1408,356 1406,348 1406,305 1407,296 1407,253 216,253"/>
<TextLine id="line_0">
<Coords points="216,254 381,254 403,254 469,254 486,253 629,253 652,253 733,253 756,253 974,253 995,254 1060,254 1077,254 1278,254 1291,254 1407,254 1407,296 1291,296 1278,288 1077,288 1060,288 995,288 974,288 756,288 733,288 652,288 629,296 486,296 469,288 403,288 381,288 216,288 216,254"/>
<Baseline points="216,288 381,288 403,288 469,288 486,296 629,296 652,288 733,288 756,288 974,288 995,288 1060,288 1077,288 1278,288 1291,296 1407,296"/>
<TextEquiv><Unicode>senschaft und Kunst  oder literarisches und artistisches Eigen-</Unicode></TextEquiv>
</TextLine>

<TextLine id="line_1">
<Coords points="215,306 364,306 399,306 464,306 487,306 572,306 595,306 627,306 659,305 723,305 742,305 1014,305 1036,305 1282,305 1314,306 1406,306 1406,340 1314,340 1282,340 1036,340 1014,348 742,348 723,339 659,339 627,339 595,339 572,340 487,340 464,339 399,339 364,347 215,347 215,306"/>
<Baseline points="215,347 364,347 399,339 464,339 487,340 572,340 595,339 627,339 659,339 723,339 742,348 1014,348 1036,340 1282,340 1314,340 1406,340"/>
<TextEquiv><Unicode>thum ; und auch in den Patentgesetzen verschiedener deut-</Unicode></TextEquiv>
</TextLine>

<TextLine id="line_2">
<Coords points="216,358 309,358 331,358 398,358 428,356 673,356 704,356 841,356 866,356 994,356 1029,357 1080,357 1101,356 1324,356 1357,358 1408,358 1408,391 1357,391 1324,400 1101,400 1080,391 1029,391 994,390 866,390 841,390 704,390 673,390 428,390 398,391 331,391 309,391 216,391 216,358"/>
<Baseline points="216,391 309,391 331,391 398,391 428,390 673,390 704,390 841,390 866,390 994,390 1029,391 1080,391 1101,400 1324,400 1357,391 1408,391"/>
<TextEquiv><Unicode>scher und ausländischer Staaten werden die Erfindungen als</Unicode></TextEquiv>
</TextLine>

<TextLine id="line_3">
<Coords points="215,411 267,411 289,409 445,409 467,408 664,408 689,406 746,406 771,408 936,408 958,409 1145,409 1155,410 1192,410 1192,451 1155,451 1145,443 958,443 936,442 771,442 746,442 689,442 664,450 467,450 445,451 289,451 267,444 215,444 215,411"/>
<Baseline points="215,444 267,444 289,451 445,451 467,450 664,450 689,442 746,442 771,442 936,442 958,443 1145,443 1155,451 1192,451"/>
<TextEquiv><Unicode>ein geistiges Eigenthum des Urhebers bezeichnet .</Unicode></TextEquiv>
</TextLine>

<TextLine id="line_4">
<Coords points="302,460 370,460 394,460 567,460 589,460 695,460 717,460 946,460 967,461 1010,461 1031,471 1094,471 1117,471 1259,471 1280,460 1405,460 1405,503 1280,503 1259,495 1117,495 1094,494 1031,494 1010,494 967,494 946,502 717,502 695,493 589,493 567,494 394,494 370,495 302,495 302,460"/>
<Baseline points="302,495 370,495 394,494 567,494 589,493 695,493 717,502 946,502 967,494 1010,494 1031,494 1094,494 1117,495 1259,495 1280,503 1405,503"/>
<TextEquiv><Unicode>Der Gebrauch dieser Bezeichnung ist von neueren juristi-</Unicode></TextEquiv>
</TextLine>

<TextLine id="line_5">
<Coords points="213,513 312,513 336,511 591,511 614,511 753,511 776,511 946,511 969,513 1098,513 1111,515 1147,515 1170,513 1246,513 1262,512 1407,512 1407,554 1262,554 1246,546 1170,546 1147,554 1111,554 1098,546 969,546 946,554 776,554 753,544 614,544 591,546 336,546 312,547 213,547 213,513"/>
<Baseline points="213,547 312,547 336,546 591,546 614,544 753,544 776,554 946,554 969,546 1098,546 1111,554 1147,554 1170,546 1246,546 1262,554 1407,554"/>
<TextEquiv><Unicode>schen Schriftstellern vielfach bekämpft worden . Ihre Angriffe</Unicode></TextEquiv>
</TextLine>

<TextLine id="line_6">
<Coords points="214,564 285,564 309,564 416,564 439,563 587,563 612,573 716,573 741,563 793,563 814,564 1068,564 1090,565 1148,565 1168,565 1329,565 1354,565 1406,565 1406,597 1354,597 1329,608 1168,608 1148,599 1090,599 1068,608 814,608 793,597 741,597 716,605 612,605 587,605 439,605 416,597 309,597 285,598 214,598 214,564"/>
<Baseline points="214,598 285,598 309,597 416,597 439,605 587,605 612,605 716,605 741,597 793,597 814,608 1068,608 1090,599 1148,599 1168,608 1329,608 1354,597 1406,597"/>
<TextEquiv><Unicode>sind indess lediglich gegen die Verwechslung des geistigen Ei-</Unicode></TextEquiv>
</TextLine>

<TextLine id="line_7">
<Coords points="214,616 409,616 430,616 490,616 511,615 584,615 597,614 892,614 908,616 974,616 997,626 1101,626 1123,617 1175,617 1199,617 1407,617 1407,659 1199,659 1175,650 1123,650 1101,659 997,659 974,649 908,649 892,658 597,658 584,649 511,649 490,649 430,649 409,659 214,659 214,616"/>
<Baseline points="214,659 409,659 430,649 490,649 511,649 584,649 597,658 892,658 908,649 974,649 997,659 1101,659 1123,650 1175,650 1199,659 1407,659"/>
<TextEquiv><Unicode>genthumes mit dem Sacheigenthume und gegen die unzulässige</Unicode></TextEquiv>
</TextLine>

<TextLine id="line_8">
<Coords points="217,667 438,667 450,667 507,667 519,666 885,666 897,667 1065,667 1077,668 1198,668 1208,667 1261,667 1272,668 1408,668 1408,702 1272,702 1261,703 1208,703 1198,702 1077,702 1065,709 897,709 885,709 519,709 507,700 450,700 438,708 217,708 217,667"/>
<Baseline points="217,708 438,708 450,700 507,700 519,709 885,709 897,709 1065,709 1077,702 1198,702 1208,703 1261,703 1272,702 1408,702"/>
<TextEquiv><Unicode>Ausdehnung des Eigenthumsbegriffes gerichtet, welche die nächste</Unicode></TextEquiv>
</TextLine>

<TextLine id="line_9">
<Coords points="215,720 459,720 491,728 533,728 564,718 639,718 670,718 909,718 932,719 1242,719 1263,720 1408,720 1408,763 1263,763 1242,763 932,763 909,752 670,752 639,752 564,752 533,752 491,752 459,762 215,762 215,720"/>
<Baseline points="215,762 459,762 491,752 533,752 564,752 639,752 670,752 909,752 932,763 1242,763 1263,763 1408,763"/>
<TextEquiv><Unicode>Veranlassung zu dem herrschenden Sprachgebrauche gegeben</Unicode></TextEquiv>
</TextLine>

<TextLine id="line_10">
<Coords points="216,773 284,773 330,772 426,772 443,770 708,770 734,770 805,770 830,771 937,771 957,771 1048,771 1069,771 1232,771 1256,771 1318,771 1341,773 1407,773 1407,804 1341,804 1318,805 1256,805 1232,814 1069,814 1048,806 957,806 937,804 830,804 805,804 734,804 708,813 443,813 426,806 330,806 284,806 216,806 216,773"/>
<Baseline points="216,806 284,806 330,806 426,806 443,813 708,813 734,804 805,804 830,804 937,804 957,806 1048,806 1069,814 1232,814 1256,805 1318,805 1341,804 1407,804"/>
<TextEquiv><Unicode>hat. Diese Einwendungen sind indess nicht geeignet, den ein-</Unicode></TextEquiv>
</TextLine>

<TextLine id="line_11">
<Coords points="216,825 281,825 306,833 368,833 390,823 449,823 464,822 711,822 734,822 801,822 823,832 885,832 910,822 968,822 982,823 1218,823 1233,824 1407,824 1407,865 1233,865 1218,857 982,857 968,856 910,856 885,855 823,855 801,855 734,855 711,864 464,864 449,857 390,857 368,857 306,857 281,858 216,858 216,825"/>
<Baseline points="216,858 281,858 306,857 368,857 390,857 449,857 464,864 711,864 734,855 801,855 823,855 885,855 910,856 968,856 982,857 1218,857 1233,865 1407,865"/>
<TextEquiv><Unicode>mal von der Gesetzgebung und von der Wissenschaft recipirten</Unicode></TextEquiv>
</TextLine>

<TextLine id="line_12">
<Coords points="215,874 507,874 530,884 572,884 596,874 783,874 819,874 895,874 920,875 1006,875 1030,875 1099,875 1121,875 1245,875 1267,875 1325,875 1348,874 1405,874 1405,909 1348,909 1325,908 1267,908 1245,918 1121,918 1099,908 1030,908 1006,908 920,908 895,908 819,908 783,916 596,916 572,908 530,908 507,918 215,918 215,874"/>
<Baseline points="215,918 507,918 530,908 572,908 596,916 783,916 819,908 895,908 920,908 1006,908 1030,908 1099,908 1121,918 1245,918 1267,908 1325,908 1348,909 1405,909"/>
<TextEquiv><Unicode>Sprachgebrauch zu beseitigen. Man kann sich füglich der Be-</Unicode></TextEquiv>
</TextLine>

<TextLine id="line_13">
<Coords points="215,927 409,927 434,926 586,926 597,926 797,926 821,925 987,925 1010,927 1093,927 1110,927 1256,927 1277,926 1329,926 1352,935 1406,935 1406,969 1352,969 1329,960 1277,960 1256,960 1110,960 1093,960 1010,960 987,966 821,966 797,968 597,968 586,969 434,969 409,969 215,969 215,927"/>
<Baseline points="215,969 409,969 434,969 586,969 597,968 797,968 821,966 987,966 1010,960 1093,960 1110,960 1256,960 1277,960 1329,960 1352,969 1406,969"/>
<TextEquiv><Unicode>zeichnung: geistiges Eigenthum bedienen, ohne dadurch die ge-</Unicode></TextEquiv>
</TextLine>

<TextLine id="line_14">
<Coords points="215,978 361,978 373,977 658,977 681,977 739,977 751,977 1029,977 1041,988 1083,988 1097,978 1406,978 1406,1021 1097,1021 1083,1012 1041,1012 1029,1012 751,1012 739,1011 681,1011 658,1012 373,1012 361,1013 215,1013 215,978"/>
<Baseline points="215,1013 361,1013 373,1012 658,1012 681,1011 739,1011 751,1012 1029,1012 1041,1012 1083,1012 1097,1021 1406,1021"/>
<TextEquiv><Unicode>nerische Verschiedenheit des Urheberrechtes an Geistesproducten</Unicode></TextEquiv>
</TextLine>

<TextLine id="line_15">
<Coords points="215,1030 282,1030 307,1030 364,1030 386,1029 698,1029 721,1030 753,1030 776,1030 906,1030 929,1040 970,1040 991,1030 1114,1030 1173,1031 1234,1031 1255,1029 1405,1029 1405,1064 1255,1064 1234,1064 1173,1064 1114,1065 991,1065 970,1063 929,1063 906,1063 776,1063 753,1062 721,1062 698,1070 386,1070 364,1063 307,1063 282,1064 215,1064 215,1030"/>
<Baseline points="215,1064 282,1064 307,1063 364,1063 386,1070 698,1070 721,1062 753,1062 776,1063 906,1063 929,1063 970,1063 991,1065 1114,1065 1173,1064 1234,1064 1255,1064 1405,1064"/>
<TextEquiv><Unicode>und des Sacheigenthumes in Zweifel zu ziehen. Die Bezeich-</Unicode></TextEquiv>
</TextLine>

<TextLine id="line_16">
<Coords points="216,1092 305,1092 327,1082 385,1082 406,1081 566,1081 579,1080 814,1080 835,1081 894,1081 918,1082 988,1082 1002,1082 1143,1082 1157,1082 1405,1082 1405,1123 1157,1123 1143,1116 1002,1116 988,1116 918,1116 894,1115 835,1115 814,1123 579,1123 566,1123 406,1123 385,1116 327,1116 305,1125 216,1125 216,1092"/>
<Baseline points="216,1125 305,1125 327,1116 385,1116 406,1123 566,1123 579,1123 814,1123 835,1115 894,1115 918,1116 988,1116 1002,1116 1143,1116 1157,1123 1405,1123"/>
<TextEquiv><Unicode>nung des geistigen Eigenthumes hat also dieselbe Berechtigung,</Unicode></TextEquiv>
</TextLine>

<TextLine id="line_17">
<Coords points="215,1134 274,1134 294,1134 415,1134 430,1133 606,1133 627,1142 885,1142 897,1134 1086,1134 1105,1133 1405,1133 1405,1175 1105,1175 1086,1176 897,1176 885,1176 627,1176 606,1176 430,1176 415,1168 294,1168 274,1167 215,1167 215,1134"/>
<Baseline points="215,1167 274,1167 294,1168 415,1168 430,1176 606,1176 627,1176 885,1176 897,1176 1086,1176 1105,1175 1405,1175"/>
<TextEquiv><Unicode>wie andere allgemein angenommene juristische Kunstausdrücke,</Unicode></TextEquiv>
</TextLine>

<TextLine id="line_18">
<Coords points="216,1186 337,1186 366,1185 416,1185 448,1185 536,1185 558,1184 742,1184 765,1185 961,1185 984,1187 1078,1187 1101,1186 1335,1186 1357,1195 1406,1195 1406,1219 1357,1219 1335,1228 1101,1228 1078,1219 984,1219 961,1227 765,1227 742,1219 558,1219 536,1219 448,1219 416,1219 366,1219 337,1220 216,1220 216,1186"/>
<Baseline points="216,1220 337,1220 366,1219 416,1219 448,1219 536,1219 558,1219 742,1219 765,1227 961,1227 984,1219 1078,1219 1101,1228 1335,1228 1357,1219 1406,1219"/>
<TextEquiv><Unicode>welche bei bloss wörtlicher Auffassung einen Widerspruch er-</Unicode></TextEquiv>
</TextLine>

<TextLine id="line_19">
<Coords points="216,1238 328,1238 352,1238 410,1238 429,1247 456,1247 473,1236 509,1236 533,1237 585,1237 606,1237 813,1237 838,1237 1033,1237 1059,1237 1112,1237 1135,1237 1305,1237 1326,1237 1405,1237 1405,1270 1326,1270 1305,1279 1135,1279 1112,1271 1059,1271 1033,1277 838,1277 813,1271 606,1271 585,1270 533,1270 509,1271 473,1271 456,1270 429,1270 410,1271 352,1271 328,1280 216,1280 216,1238"/>
<Baseline points="216,1280 328,1280 352,1271 410,1271 429,1270 456,1270 473,1271 509,1271 533,1270 585,1270 606,1271 813,1271 838,1277 1033,1277 1059,1271 1112,1271 1135,1279 1305,1279 1326,1270 1405,1270"/>
<TextEquiv><Unicode>geben, wie z. B. die vermuthete Vollmacht, die geistliche Ver-</Unicode></TextEquiv>
</TextLine>

<TextLine id="line_20">
<Coords points="216,1289 439,1289 462,1289 515,1289 537,1288 731,1288 752,1289 875,1289 900,1299 931,1299 948,1289 1015,1289 1033,1299 1075,1299 1075,1323 1033,1323 1015,1332 948,1332 931,1322 900,1322 875,1323 752,1323 731,1322 537,1322 515,1322 462,1322 439,1329 216,1329 216,1289"/>
<Baseline points="216,1329 439,1329 462,1322 515,1322 537,1322 731,1322 752,1323 875,1323 900,1322 931,1322 948,1332 1015,1332 1033,1323 1075,1323"/>
<TextEquiv><Unicode>wandtschaft, die moralische Person u. dgl. m.</Unicode></TextEquiv>
</TextLine>

<TextLine id="line_21">
<Coords points="303,1341 495,1341 516,1340 600,1340 620,1349 657,1349 679,1350 721,1350 751,1341 856,1341 879,1340 1001,1340 1025,1341 1199,1341 1223,1341 1405,1341 1405,1374 1223,1374 1199,1383 1025,1383 1001,1375 879,1375 856,1374 751,1374 721,1373 679,1373 657,1374 620,1374 600,1374 516,1374 495,1375 303,1375 303,1341"/>
<Baseline points="303,1375 495,1375 516,1374 600,1374 620,1374 657,1374 679,1373 721,1373 751,1374 856,1374 879,1375 1001,1375 1025,1383 1199,1383 1223,1374 1405,1374"/>
<TextEquiv><Unicode>Ueberdiess fehlt es an einem andern recipirten Kunstaus-</Unicode></TextEquiv>
</TextLine>

<TextLine id="line_22">
<Coords points="215,1393 348,1393 387,1393 523,1393 545,1393 604,1393 626,1393 763,1393 789,1393 985,1393 1009,1403 1048,1403 1074,1393 1278,1393 1298,1394 1405,1394 1405,1435 1298,1435 1278,1435 1074,1435 1048,1426 1009,1426 985,1434 789,1434 763,1434 626,1434 604,1426 545,1426 523,1426 387,1426 348,1433 215,1433 215,1393"/>
<Baseline points="215,1433 348,1433 387,1426 523,1426 545,1426 604,1426 626,1434 763,1434 789,1434 985,1434 1009,1426 1048,1426 1074,1435 1278,1435 1298,1435 1405,1435"/>
<TextEquiv><Unicode>drucke, welcher das geistige Eigenthum zu verdrängen geeig-</Unicode></TextEquiv>
</TextLine>

<TextLine id="line_23">
<Coords points="215,1447 272,1447 293,1447 389,1447 434,1445 503,1445 519,1444 754,1444 787,1445 829,1445 859,1445 910,1445 941,1454 1002,1454 1031,1445 1103,1445 1133,1444 1404,1444 1404,1487 1133,1487 1103,1478 1031,1478 1002,1478 941,1478 910,1479 859,1479 829,1478 787,1478 754,1486 519,1486 503,1478 434,1478 389,1478 293,1478 272,1479 215,1479 215,1447"/>
<Baseline points="215,1479 272,1479 293,1478 389,1478 434,1478 503,1478 519,1486 754,1486 787,1478 829,1478 859,1479 910,1479 941,1478 1002,1478 1031,1478 1103,1478 1133,1487 1404,1487"/>
<TextEquiv><Unicode>net wäre. Das Verlagsrecht ist ein von dem ursprünglichen</Unicode></TextEquiv>
</TextLine>

<TextLine id="line_24">
<Coords points="215,1496 371,1496 394,1496 613,1496 635,1496 880,1496 903,1497 1112,1497 1132,1495 1246,1495 1270,1496 1406,1496 1406,1530 1270,1530 1246,1537 1132,1537 1112,1539 903,1539 880,1530 635,1530 613,1539 394,1539 371,1539 215,1539 215,1496"/>
<Baseline points="215,1539 371,1539 394,1539 613,1539 635,1530 880,1530 903,1539 1112,1539 1132,1537 1246,1537 1270,1530 1406,1530"/>
<TextEquiv><Unicode>geistigen Eigenthume verschiedenes abgeleitetes Recht, welches</Unicode></TextEquiv>
</TextLine>

<TextLine id="line_25">
<Coords points="217,1558 257,1558 277,1549 384,1549 398,1547 618,1547 643,1549 737,1549 749,1549 1024,1549 1044,1551 1257,1551 1280,1549 1404,1549 1404,1591 1280,1591 1257,1582 1044,1582 1024,1591 749,1591 737,1582 643,1582 618,1591 398,1591 384,1582 277,1582 257,1581 217,1581 217,1558"/>
<Baseline points="217,1581 257,1581 277,1582 384,1582 398,1591 618,1591 643,1582 737,1582 749,1591 1024,1591 1044,1582 1257,1582 1280,1591 1404,1591"/>
<TextEquiv><Unicode>zu seiner Begründung einen Verlagsvertrag voraussetzt. (Vergl.</Unicode></TextEquiv>
</TextLine>

<TextLine id="line_26">
<Coords points="216,1600 297,1600 316,1600 373,1600 388,1600 444,1600 498,1600 543,1600 566,1599 705,1599 735,1609 797,1609 820,1600 880,1600 905,1599 1010,1599 1030,1599 1089,1599 1111,1600 1405,1600 1405,1643 1111,1643 1089,1633 1030,1633 1010,1634 905,1634 880,1634 820,1634 797,1633 735,1633 705,1633 566,1633 543,1633 498,1633 444,1642 388,1642 373,1634 316,1634 297,1643 216,1643 216,1600"/>
<Baseline points="216,1643 297,1643 316,1634 373,1634 388,1642 444,1642 498,1633 543,1633 566,1633 705,1633 735,1633 797,1633 820,1634 880,1634 905,1634 1010,1634 1030,1633 1089,1633 1111,1643 1405,1643"/>
<TextEquiv><Unicode>§. 28 Nr. 4.). Es umfasst nur das Recht der Vervielfältigung</Unicode></TextEquiv>
</TextLine>

<TextLine id="line_27">
<Coords points="216,1662 279,1662 302,1651 464,1651 490,1652 557,1652 568,1651 816,1651 840,1651 929,1651 951,1651 1003,1651 1014,1651 1136,1651 1159,1651 1216,1651 1227,1651 1404,1651 1404,1692 1227,1692 1216,1686 1159,1686 1136,1686 1014,1686 1003,1685 951,1685 929,1684 840,1684 816,1692 568,1692 557,1685 490,1685 464,1686 302,1686 279,1686 216,1686 216,1662"/>
<Baseline points="216,1686 279,1686 302,1686 464,1686 490,1685 557,1685 568,1692 816,1692 840,1684 929,1684 951,1685 1003,1685 1014,1686 1136,1686 1159,1686 1216,1686 1227,1692 1404,1692"/>
<TextEquiv><Unicode>von Schriften und Kunstwerken, nicht die Rechte des Erfinders,</Unicode></TextEquiv>
</TextLine>

</TextRegion>
<TextRegion id="block_1" custom="structure {type:header;}">
<Coords points="310,165 310,203 1388,203 1388,165 310,165"/>
<TextLine id="line_28">
<Coords points="310,165 357,165 380,166 439,166 459,166 586,166 605,165 790,165 810,166 834,166 853,168 893,168 915,166 1027,166 1042,167 1101,167 1121,167 1388,167 1388,203 1121,203 1101,194 1042,194 1027,203 915,203 893,195 853,195 834,202 810,202 790,202 605,202 586,202 459,202 439,194 380,194 357,194 310,194 310,165"/>
<Baseline points="310,194 357,194 380,194 439,194 459,202 586,202 605,202 790,202 810,202 834,202 853,195 893,195 915,203 1027,203 1042,194 1101,194 1121,203 1388,203"/>
<TextEquiv><Unicode>IV. Das geistige Eigenthum. §. 12. Begriff und Sprachgebrauch.</Unicode></TextEquiv>
</TextLine>

</TextRegion>
<TextRegion id="block_2" custom="structure {type:pageNum;}">
<Coords points="220,166 220,192 271,192 271,166 220,166"/>
<TextLine id="line_29">
<Coords points="220,166 271,166 271,192 220,192 220,166"/>
<Baseline points="220,192 271,192"/>
<TextEquiv><Unicode>118</Unicode></TextEquiv>
</TextLine>

</TextRegion>
<TextRegion id="block_3" custom="structure {type:note;}">
<Coords points="359,1737 359,1773 359,1781 218,1781 218,1820 215,1828 215,1857 215,1872 355,1872 355,1903 355,1918 217,1918 217,1955 217,1963 355,1963 355,2001 355,2009 216,2009 216,2046 216,2054 216,2083 216,2099 357,2099 357,2133 357,2144 216,2144 216,2182 216,2190 216,2226 217,2236 217,2273 218,2281 218,2318 1184,2318 1184,2281 1404,2281 1404,2273 1404,2236 1405,2226 1405,2190 1405,2182 1405,2144 1405,2133 1405,2099 486,2099 486,2083 486,2054 1405,2054 1405,2046 1405,2009 1406,2001 1406,1963 642,1963 642,1955 642,1918 1407,1918 1407,1903 1407,1872 657,1872 657,1857 657,1828 1406,1828 1406,1820 1406,1781 1406,1773 1406,1737 359,1737"/>
<TextLine id="line_30">
<Coords points="359,1737 473,1737 497,1737 600,1737 618,1747 644,1747 667,1739 709,1739 720,1737 790,1737 805,1739 883,1739 923,1737 1081,1737 1101,1738 1206,1738 1225,1747 1251,1747 1270,1740 1311,1740 1321,1738 1406,1738 1406,1773 1321,1773 1311,1768 1270,1768 1251,1766 1225,1766 1206,1767 1101,1767 1081,1767 923,1767 883,1766 805,1766 790,1765 720,1765 709,1765 667,1765 644,1765 618,1765 600,1765 497,1765 473,1766 359,1766 359,1737"/>
<Baseline points="359,1766 473,1766 497,1765 600,1765 618,1765 644,1765 667,1765 709,1765 720,1765 790,1765 805,1766 883,1766 923,1767 1081,1767 1101,1767 1206,1767 1225,1766 1251,1766 1270,1768 1311,1768 1321,1773 1406,1773"/>
<TextEquiv><Unicode>Preuss. Gesetz v. 11. Juni 1837. Baierisch. Gesetz v. 15. April</Unicode></TextEquiv>
</TextLine>

<TextLine id="line_31">
<Coords points="218,1785 297,1785 338,1783 571,1783 592,1783 696,1783 718,1792 741,1792 757,1785 800,1785 811,1781 942,1781 955,1785 1033,1785 1075,1783 1292,1783 1310,1783 1406,1783 1406,1812 1310,1812 1292,1820 1075,1820 1033,1812 955,1812 942,1811 811,1811 800,1811 757,1811 741,1810 718,1810 696,1811 592,1811 571,1818 338,1818 297,1811 218,1811 218,1785"/>
<Baseline points="218,1811 297,1811 338,1818 571,1818 592,1811 696,1811 718,1810 741,1810 757,1811 800,1811 811,1811 942,1811 955,1812 1033,1812 1075,1820 1292,1820 1310,1812 1406,1812"/>
<TextEquiv><Unicode>1840. Braunschweig. Gesetz v. 10. Februar 1842. Grossherzogl. Sächs.</Unicode></TextEquiv>
</TextLine>

<TextLine id="line_32">
<Coords points="215,1829 318,1829 338,1838 363,1838 386,1831 427,1831 446,1828 557,1828 579,1829 657,1829 657,1856 579,1856 557,1856 446,1856 427,1856 386,1856 363,1856 338,1856 318,1857 215,1857 215,1829"/>
<Baseline points="215,1857 318,1857 338,1856 363,1856 386,1856 427,1856 446,1856 557,1856 579,1856 657,1856"/>
<TextEquiv><Unicode>Gesetz v. 11. Januar 1839.</Unicode></TextEquiv>
</TextLine>

<TextLine id="line_33">
<Coords points="355,1872 546,1872 566,1873 671,1873 691,1882 717,1882 741,1875 782,1875 794,1872 923,1872 946,1875 1026,1875 1063,1874 1223,1874 1241,1875 1323,1875 1335,1874 1407,1874 1407,1903 1335,1903 1323,1903 1241,1903 1223,1902 1063,1902 1026,1903 946,1903 923,1901 794,1901 782,1902 741,1902 717,1901 691,1901 671,1901 566,1901 546,1902 355,1902 355,1872"/>
<Baseline points="355,1902 546,1902 566,1901 671,1901 691,1901 717,1901 741,1902 782,1902 794,1901 923,1901 946,1903 1026,1903 1063,1902 1223,1902 1241,1903 1323,1903 1335,1903 1407,1903"/>
<TextEquiv><Unicode>Oesterreich. Gesetz v. 19. October 1846. Kurfürstl. Hess. Ver-</Unicode></TextEquiv>
</TextLine>

<TextLine id="line_34">
<Coords points="217,1919 353,1919 372,1927 399,1927 422,1920 464,1920 483,1918 542,1918 563,1920 642,1920 642,1946 563,1946 542,1946 483,1946 464,1946 422,1946 399,1946 372,1946 353,1955 217,1955 217,1919"/>
<Baseline points="217,1955 353,1955 372,1946 399,1946 422,1946 464,1946 483,1946 542,1946 563,1946 642,1946"/>
<TextEquiv><Unicode>ordnung v. 16. Mai 1829.</Unicode></TextEquiv>
</TextLine>

<TextLine id="line_35">
<Coords points="355,1963 546,1963 573,1964 677,1964 708,1973 732,1973 756,1965 797,1965 817,1965 931,1965 955,1965 1033,1965 1072,1964 1158,1964 1178,1964 1276,1964 1297,1966 1332,1966 1353,1964 1406,1964 1406,1992 1353,1992 1332,1993 1297,1993 1276,1993 1178,1993 1158,2001 1072,2001 1033,1992 955,1992 931,2000 817,2000 797,1991 756,1991 732,1992 708,1992 677,1992 573,1992 546,1992 355,1992 355,1963"/>
<Baseline points="355,1992 546,1992 573,1992 677,1992 708,1992 732,1992 756,1991 797,1991 817,2000 931,2000 955,1992 1033,1992 1072,2001 1158,2001 1178,1993 1276,1993 1297,1993 1332,1993 1353,1992 1406,1992"/>
<TextEquiv><Unicode>Oesterreich. Gesetz v. 15. August 1852. Engl. Statut 17 Ge-</Unicode></TextEquiv>
</TextLine>

<TextLine id="line_36">
<Coords points="216,2018 287,2018 308,2009 356,2009 378,2010 445,2010 465,2011 510,2011 554,2009 698,2009 718,2009 828,2009 846,2019 872,2019 889,2011 915,2011 925,2009 1005,2009 1027,2011 1106,2011 1144,2009 1282,2009 1302,2009 1405,2009 1405,2037 1302,2037 1282,2037 1144,2037 1106,2038 1027,2038 1005,2037 925,2037 915,2037 889,2037 872,2037 846,2037 828,2037 718,2037 698,2045 554,2045 510,2037 465,2037 445,2045 378,2045 356,2038 308,2038 287,2046 216,2046 216,2018"/>
<Baseline points="216,2046 287,2046 308,2038 356,2038 378,2045 445,2045 465,2037 510,2037 554,2045 698,2045 718,2037 828,2037 846,2037 872,2037 889,2037 915,2037 925,2037 1005,2037 1027,2038 1106,2038 1144,2037 1282,2037 1302,2037 1405,2037"/>
<TextEquiv><Unicode>orge III. Cap. 57. Neapolit. Decret v. 2. März 1810. Französ. Gesetz</Unicode></TextEquiv>
</TextLine>

<TextLine id="line_37">
<Coords points="216,2064 242,2064 262,2056 306,2056 326,2054 385,2054 406,2056 486,2056 486,2083 406,2083 385,2083 326,2083 306,2083 262,2083 242,2082 216,2082 216,2064"/>
<Baseline points="216,2082 242,2082 262,2083 306,2083 326,2083 385,2083 406,2083 486,2083"/>
<TextEquiv><Unicode>v. 25. Mai 1791.</Unicode></TextEquiv>
</TextLine>

<TextLine id="line_38">
<Coords points="357,2100 519,2100 548,2101 607,2101 625,2099 909,2099 930,2100 1004,2100 1022,2100 1206,2100 1227,2099 1336,2099 1356,2100 1405,2100 1405,2127 1356,2127 1336,2127 1227,2127 1206,2129 1022,2129 1004,2129 930,2129 909,2129 625,2129 607,2128 548,2128 519,2133 357,2133 357,2100"/>
<Baseline points="357,2133 519,2133 548,2128 607,2128 625,2129 909,2129 930,2129 1004,2129 1022,2129 1206,2129 1227,2127 1336,2127 1356,2127 1405,2127"/>
<TextEquiv><Unicode>Neustetel, Der Büchernachdruck nach Römischem Rechte be-</Unicode></TextEquiv>
</TextLine>

<TextLine id="line_39">
<Coords points="216,2145 354,2145 382,2145 560,2145 586,2146 665,2146 688,2145 716,2145 734,2146 752,2146 768,2144 797,2144 823,2145 970,2145 992,2145 1050,2145 1069,2145 1282,2145 1312,2145 1405,2145 1405,2173 1312,2173 1282,2181 1069,2181 1050,2174 992,2174 970,2180 823,2180 797,2172 768,2172 752,2172 734,2172 716,2174 688,2174 665,2174 586,2174 560,2182 382,2182 354,2174 216,2174 216,2145"/>
<Baseline points="216,2174 354,2174 382,2182 560,2182 586,2174 665,2174 688,2174 716,2174 734,2172 752,2172 768,2172 797,2172 823,2180 970,2180 992,2174 1050,2174 1069,2181 1282,2181 1312,2173 1405,2173"/>
<TextEquiv><Unicode>trachtet. Heidelberg 1824. S. 4 ff. Wächter, Das Verlagsrecht. Stutt-</Unicode></TextEquiv>
</TextLine>

<TextLine id="line_40">
<Coords points="216,2193 284,2193 310,2192 390,2192 432,2191 482,2191 502,2190 524,2190 563,2191 590,2191 610,2192 646,2192 666,2190 695,2190 740,2190 1002,2190 1033,2190 1194,2190 1222,2190 1405,2190 1405,2219 1222,2219 1194,2219 1033,2219 1002,2225 740,2225 695,2219 666,2219 646,2219 610,2219 590,2218 563,2218 524,2218 502,2218 482,2219 432,2219 390,2219 310,2219 284,2226 216,2226 216,2193"/>
<Baseline points="216,2226 284,2226 310,2219 390,2219 432,2219 482,2219 502,2218 524,2218 563,2218 590,2218 610,2219 646,2219 666,2219 695,2219 740,2225 1002,2225 1033,2219 1194,2219 1222,2219 1405,2219"/>
<TextEquiv><Unicode>gart 1857. Bd. I. S. 99 ff. Maurenbrecher, Deutsches Privatrecht</Unicode></TextEquiv>
</TextLine>

<TextLine id="line_41">
<Coords points="217,2238 242,2238 262,2238 325,2238 371,2237 492,2237 523,2236 686,2236 702,2237 887,2237 923,2236 948,2236 967,2238 1029,2238 1073,2236 1149,2236 1167,2239 1193,2239 1240,2236 1404,2236 1404,2270 1240,2270 1193,2265 1167,2265 1149,2265 1073,2265 1029,2265 967,2265 948,2273 923,2273 887,2265 702,2265 686,2265 523,2265 492,2270 371,2270 325,2266 262,2266 242,2272 217,2272 217,2238"/>
<Baseline points="217,2272 242,2272 262,2266 325,2266 371,2270 492,2270 523,2265 686,2265 702,2265 887,2265 923,2273 948,2273 967,2265 1029,2265 1073,2265 1149,2265 1167,2265 1193,2265 1240,2270 1404,2270"/>
<TextEquiv><Unicode>§. 506. Gerber, Deutsches Privatrecht §. 219. Note 3. Renouard,</Unicode></TextEquiv>
</TextLine>

<TextLine id="line_42">
<Coords points="218,2282 317,2282 337,2282 387,2282 406,2282 498,2282 517,2282 671,2282 709,2281 792,2281 815,2283 893,2283 933,2282 1013,2282 1032,2281 1054,2281 1073,2291 1102,2291 1121,2284 1184,2284 1184,2311 1121,2311 1102,2318 1073,2318 1054,2310 1032,2310 1013,2311 933,2311 893,2310 815,2310 792,2310 709,2310 671,2310 517,2310 498,2310 406,2310 387,2310 337,2310 317,2310 218,2310 218,2282"/>
<Baseline points="218,2310 317,2310 337,2310 387,2310 406,2310 498,2310 517,2310 671,2310 709,2310 792,2310 815,2310 893,2310 933,2311 1013,2311 1032,2310 1054,2310 1073,2318 1102,2318 1121,2311 1184,2311"/>
<TextEquiv><Unicode>Traité des droits d’auteurs. Paris 1838. Tom. I. p. 455.</Unicode></TextEquiv>
</TextLine>

</TextRegion>
</Page>
</PcGts>