1600 2648
178 305 1400 351 Rechtlosigkeit in Bezug auf das geistige Eigenthum der Er-
179 360 491 396 finder herrschte.
280 412 1400 456 Auch auf dem Gebiete des literarischen Eigen-
178 465 1402 511 thumes ging die englische Gesetzgebung durch Verleihung
177 519 1399 564 eines allgemeinen gleichförmigen Rechtsschutzes den continen-
177 572 1399 619 talen Staaten voran. In England ist die Ansicht hergebracht,
177 625 1401 670 dass das Verlagsrecht des Schriftstellers an seinen Werken
177 678 1402 724 von jeher durch das gemeine Recht anerkannt worden sei und
176 732 1400 778 zwar ohne jede Beschränkung. Allein diese Behauptung er-
176 785 1401 831 weist sich bei näherer Betrachtung als unhaltbar. In England
176 839 1405 885 beruhte die Sicherstellung des Verlagsrechtes ursprünglich auf
175 893 1401 938 der zunftmässigen Vereinigung der Buchhändler (stationers
175 946 1399 992 company). Die Parlamentsacten von 1643 und 1662 verboten
175 1000 1400 1043 nur den Nachdruck der in die Register dieser Zunft eingetra-
175 1052 1400 1097 genen Bücher. Wenn diese Verordnungen auch zur Ein-
176 1105 1402 1152 tragung den Nachweis der Genehmigung des Verfassers für
175 1158 1401 1205 den Druck verlangten, so fehlte doch eine Vorschrift, durch
175 1212 1401 1259 welche das Eigenthum des Verfassers unabhängig von dieser
176 1264 1400 1311 Einregistrirung anerkannt wäre, für welche seit der Abschaf-
175 1318 1402 1364 fung der Censur im Jahre 1692 ein gesetzlicher Zwang nicht
175 1373 446 1409 mehr bestand.
263 1424 1401 1472 Es würde schwerlich zulässig gewesen sein als Zweck der
174 1479 1398 1524 Parlamentsacte von 1709, welche nur eine beschränkte Schutz-
174 1532 1400 1577 frist von 14 Jahren einführte, in den Eingangsworten die Auf-
174 1586 1361 1631 munterung der Gelehrten und Schriftsteller zu bezeichnen,
174 1639 1399 1685 wenn schon vorher, wie behauptet wird, dem Autor und seinen
174 1691 1399 1737 Erben das ausschliessliche Recht zur Herausgabe seiner Schrif-
174 1744 1399 1792 ten ohne jene Beschränkung zugestanden hätte. Es muss da-
174 1799 1400 1844 her behauptet werden, dass erst durch die Parlamentsacte von
344 215 1226 253 Reformen in England. — Literarisches Eigenthum.
1363 216 1401 246 45
320 1931 1401 1970 Vergl. den Vortrag des Sir Anthony Trollope vor dem Con-
174 1977 1401 2016 gress der sozialen Wissenschaften. The Times 8. October 1866. — Henry
173 2024 1399 2062 John Stephen, New Commentaries on the laws of England, Lond, 1842.
173 2071 406 2109 Vol. II p. 95.
322 2118 1400 2155 Whereas printers booksellers and other persons have of late
173 2164 1398 2203 frequently taken the liberty of printing reprinting and publishing —
172 2211 1399 2250 books and other writings without the consent of the anthors or pro-
171 2258 1399 2297 prietors of such books and writings to their very great detriment and
171 2306 1399 2345 too often to the ruin of them and their families; for preventing there-
171 2352 1399 2391 fore such practices for the future and for the encouragement of learned
172 2398 1194 2437 men to compose and write useful books be it enacted etc.
