<?xml version="1.0" encoding="UTF-8"?>
<PcGts xmlns="http://schema.primaresearch.org/PAGE/gts/pagecontent/2019-07-15" xmlns:xsi="http://www.w3.org/2001/XMLSchema-instance" xsi:schemaLocation="http://schema.primaresearch.org/PAGE/gts/pagecontent/2019-07-15 http://schema.primaresearch.org/PAGE/gts/pagecontent/2019-07-15/pagecontent.xsd">
<Metadata>
<Creator>regJS2PAGE.py</Creator>
<Created>2021-02-16T10:48:57.371983</Created>
<LastChange>2021-02-16T10:48:57.371983</LastChange>
</Metadata>
<Page imageFilename="tmp/klostermann_eigenthum01_1867_0166.png" imageWidth="1600" imageHeight="2648">
<TextRegion id="block_0" custom="structure {type:body;}">
<Coords points="171,258 171,303 172,309 172,355 171,361 171,406 171,413 171,458 172,466 172,510 174,519 174,562 173,570 173,615 173,622 173,665 174,674 174,717 174,725 174,770 174,777 174,821 174,830 174,873 175,881 175,926 175,933 175,977 174,985 174,1029 177,1038 177,1080 177,1089 177,1130 176,1142 176,1186 178,1194 178,1237 178,1247 263,1247 263,1290 263,1299 176,1299 176,1341 176,1351 176,1393 176,1403 176,1446 176,1455 176,1499 177,1507 177,1550 177,1560 177,1604 176,1611 176,1655 180,1663 180,1706 180,1715 263,1715 263,1759 1368,1759 1368,1715 711,1715 711,1706 711,1663 1370,1663 1370,1655 1370,1611 1370,1604 1370,1560 1369,1550 1369,1507 1372,1499 1372,1455 1370,1446 1370,1403 1374,1393 1374,1351 1370,1341 1370,1299 1371,1290 1371,1247 951,1247 951,1237 951,1194 1369,1194 1369,1186 1369,1142 1369,1130 1369,1089 1368,1080 1368,1038 1369,1029 1369,985 1369,977 1369,933 1369,926 1369,881 1370,873 1370,830 1368,821 1368,777 1367,770 1367,725 1368,717 1368,674 1369,665 1369,622 1369,615 1369,570 1368,562 1368,519 1368,510 1368,466 1367,458 1367,413 1368,406 1368,361 1366,355 1366,309 1366,303 1366,258 171,258"/>
<TextLine id="line_0">
<Coords points="171,258 295,258 320,258 497,258 521,259 790,259 824,260 944,260 975,260 1027,260 1049,260 1280,260 1309,259 1366,259 1366,293 1309,293 1280,303 1049,303 1027,294 975,294 944,294 824,294 790,301 521,301 497,293 320,293 295,301 171,301 171,258"/>
<Baseline points="171,301 295,301 320,293 497,293 521,301 790,301 824,294 944,294 975,294 1027,294 1049,303 1280,303 1309,293 1366,293"/>
<TextEquiv><Unicode>einiger deutschen Landesgesetze, welche die Gegenstände des</Unicode></TextEquiv>
</TextLine>

<TextLine id="line_1">
<Coords points="172,309 503,309 504,312 582,312 594,312 799,312 814,312 1031,312 1046,312 1240,312 1244,312 1366,312 1366,353 1244,353 1240,346 1046,346 1031,355 814,355 799,346 594,346 582,345 504,345 503,353 172,353 172,309"/>
<Baseline points="172,353 503,353 504,345 582,345 594,346 799,346 814,355 1031,355 1046,346 1240,346 1244,353 1366,353"/>
<TextEquiv><Unicode>Schrifteigenthumes als literarische Erzeugnisse bezeichnen, leiten</Unicode></TextEquiv>
</TextLine>

<TextLine id="line_2">
<Coords points="171,361 276,361 299,362 534,362 556,363 608,363 633,363 820,363 850,364 900,364 937,364 1013,364 1043,364 1096,364 1121,365 1243,365 1274,365 1368,365 1368,398 1274,398 1243,399 1121,399 1096,398 1043,398 1013,398 937,398 900,404 850,404 820,406 633,406 608,397 556,397 534,397 299,397 276,404 171,404 171,361"/>
<Baseline points="171,404 276,404 299,397 534,397 556,397 608,397 633,406 820,406 850,404 900,404 937,398 1013,398 1043,398 1096,398 1121,399 1243,399 1274,398 1368,398"/>
<TextEquiv><Unicode>einige Schriftsteller die Folgerung ab, dass die Schrift einen</Unicode></TextEquiv>
</TextLine>

<TextLine id="line_3">
<Coords points="171,413 401,413 447,415 757,415 802,416 1028,416 1076,416 1225,416 1260,416 1367,416 1367,450 1260,450 1225,450 1076,450 1028,458 802,458 757,456 447,456 401,447 171,447 171,413"/>
<Baseline points="171,447 401,447 447,456 757,456 802,458 1028,458 1076,450 1225,450 1260,450 1367,450"/>
<TextEquiv><Unicode>besonders qualifizirten geistigen Inhalt haben</Unicode></TextEquiv>
</TextLine>

<TextLine id="line_4">
<Coords points="172,469 290,469 314,466 390,466 411,467 458,467 481,467 631,467 653,468 722,468 747,472 864,472 881,468 912,468 934,469 986,469 1001,468 1188,468 1199,469 1368,469 1368,502 1199,502 1188,502 1001,502 986,502 934,502 912,500 881,500 864,508 747,508 722,500 653,500 631,510 481,510 458,500 411,500 390,500 314,500 290,506 172,506 172,469"/>
<Baseline points="172,506 290,506 314,500 390,500 411,500 458,500 481,510 631,510 653,500 722,500 747,508 864,508 881,500 912,500 934,502 986,502 1001,502 1188,502 1199,502 1368,502"/>
<TextEquiv><Unicode>müsse, dass sie geeignet sein müsse, in die öffentliche Literatur</Unicode></TextEquiv>
</TextLine>

<TextLine id="line_5">
<Coords points="174,519 376,519 391,520 424,520 476,519 570,519 592,519 651,519 675,519 895,519 917,520 1246,520 1248,519 1368,519 1368,553 1248,553 1246,562 917,562 895,553 675,553 651,553 592,553 570,552 476,552 424,560 391,560 376,551 174,551 174,519"/>
<Baseline points="174,551 376,551 391,560 424,560 476,552 570,552 592,553 651,553 675,553 895,553 917,562 1246,562 1248,553 1368,553"/>
<TextEquiv><Unicode>einzutreten . Auch der Literarische Sachverständigen-Verein</Unicode></TextEquiv>
</TextLine>

<TextLine id="line_6">
<Coords points="173,580 214,580 238,570 347,570 371,570 430,570 453,571 484,571 515,571 604,571 635,580 770,580 790,572 874,572 906,581 968,581 992,571 1180,571 1210,571 1279,571 1310,571 1369,571 1369,605 1310,605 1279,605 1210,605 1180,605 992,605 968,605 906,605 874,605 790,605 770,615 635,615 604,604 515,604 484,604 453,604 430,604 371,604 347,604 238,604 214,603 173,603 173,580"/>
<Baseline points="173,603 214,603 238,604 347,604 371,604 430,604 453,604 484,604 515,604 604,604 635,615 770,615 790,605 874,605 906,605 968,605 992,605 1180,605 1210,605 1279,605 1310,605 1369,605"/>
<TextEquiv><Unicode>zu Berlin hat in einer grossen Zahl von Gutachten sich mit</Unicode></TextEquiv>
</TextLine>

<TextLine id="line_7">
<Coords points="173,622 231,622 264,622 518,622 548,623 756,623 791,623 832,623 864,623 917,623 950,623 1214,623 1248,622 1369,622 1369,662 1248,662 1214,665 950,665 917,657 864,657 832,657 791,657 756,665 548,665 518,664 264,664 231,655 173,655 173,622"/>
<Baseline points="173,655 231,655 264,664 518,664 548,665 756,665 791,657 832,657 864,657 917,657 950,665 1214,665 1248,662 1369,662"/>
<TextEquiv><Unicode>der Untersuchung beschäftigt, ob die nachgedruckte Schrift</Unicode></TextEquiv>
</TextLine>

<TextLine id="line_8">
<Coords points="174,674 257,674 270,674 362,674 362,675 545,675 557,674 699,674 718,676 797,676 811,675 895,675 918,676 1005,676 1028,674 1368,674 1368,709 1028,709 1005,709 918,709 895,709 811,709 797,709 718,709 699,709 557,709 545,717 362,717 362,707 270,707 257,707 174,707 174,674"/>
<Baseline points="174,707 257,707 270,707 362,707 362,717 545,717 557,709 699,709 718,709 797,709 811,709 895,709 918,709 1005,709 1028,709 1368,709"/>
<TextEquiv><Unicode>nach ihrem geistigen Gehalte oder nach ihrer schriftstellerischen</Unicode></TextEquiv>
</TextLine>

<TextLine id="line_9">
<Coords points="174,726 325,726 347,727 398,727 420,727 471,727 495,726 610,726 634,726 692,726 714,727 872,727 890,727 1126,727 1148,736 1189,736 1210,725 1367,725 1367,769 1210,769 1189,760 1148,760 1126,768 890,768 872,770 714,770 692,760 634,760 610,768 495,768 471,760 420,760 398,760 347,760 325,760 174,760 174,726"/>
<Baseline points="174,760 325,760 347,760 398,760 420,760 471,760 495,768 610,768 634,760 692,760 714,770 872,770 890,768 1126,768 1148,760 1189,760 1210,769 1367,769"/>
<TextEquiv><Unicode>Tendenz als ein Object des geistigen Eigenthumes zu qualifizi-</Unicode></TextEquiv>
</TextLine>

<TextLine id="line_10">
<Coords points="174,787 231,787 255,778 350,778 399,777 554,777 576,779 646,779 667,778 726,778 749,779 974,779 998,780 1057,780 1079,779 1285,779 1306,789 1368,789 1368,812 1306,812 1285,813 1079,813 1057,813 998,813 974,813 749,813 726,813 667,813 646,821 576,821 554,813 399,813 350,819 255,819 231,812 174,812 174,787"/>
<Baseline points="174,812 231,812 255,819 350,819 399,813 554,813 576,821 646,821 667,813 726,813 749,813 974,813 998,813 1057,813 1079,813 1285,813 1306,812 1368,812"/>
<TextEquiv><Unicode>ren sei . Dennoch gibt das Verzeichniss der zahlreichen von</Unicode></TextEquiv>
</TextLine>

<TextLine id="line_11">
<Coords points="174,830 280,830 313,830 463,830 490,830 745,830 771,831 970,831 1001,831 1062,831 1094,830 1370,830 1370,872 1094,872 1062,864 1001,864 970,865 771,865 745,873 490,873 463,864 313,864 280,863 174,863 174,830"/>
<Baseline points="174,863 280,863 313,864 463,864 490,873 745,873 771,865 970,865 1001,864 1062,864 1094,872 1370,872"/>
<TextEquiv><Unicode>dieser Behörde begutachteten Rechtsfälle den handgreiflichen</Unicode></TextEquiv>
</TextLine>

<TextLine id="line_12">
<Coords points="175,882 296,882 323,881 429,881 463,883 538,883 567,882 618,882 646,885 795,885 826,882 906,882 936,882 995,882 1018,882 1369,882 1369,926 1018,926 995,917 936,917 906,916 826,916 795,924 646,924 618,916 567,916 538,916 463,916 429,922 323,922 296,916 175,916 175,882"/>
<Baseline points="175,916 296,916 323,922 429,922 463,916 538,916 567,916 618,916 646,924 795,924 826,916 906,916 936,917 995,917 1018,926 1369,926"/>
<TextEquiv><Unicode>Beweis dafür, dass die grössere Zahl der Nachdruckprozesse</Unicode></TextEquiv>
</TextLine>

<TextLine id="line_13">
<Coords points="175,933 377,933 408,934 624,934 660,935 952,935 991,936 1050,936 1081,934 1214,934 1248,934 1369,934 1369,968 1248,968 1214,975 1081,975 1050,968 991,968 952,976 660,976 624,977 408,977 377,968 175,968 175,933"/>
<Baseline points="175,968 377,968 408,977 624,977 660,976 952,976 991,968 1050,968 1081,975 1214,975 1248,968 1369,968"/>
<TextEquiv><Unicode>literarische Erzeugnisse untergeordneter Art betrifft, welche</Unicode></TextEquiv>
</TextLine>

<TextLine id="line_14">
<Coords points="174,985 392,985 416,987 497,987 522,987 626,987 648,987 807,987 832,987 972,987 992,987 1042,987 1071,987 1123,987 1147,986 1369,986 1369,1020 1147,1020 1123,1020 1071,1020 1042,1021 992,1021 972,1021 832,1021 807,1029 648,1029 626,1021 522,1021 497,1021 416,1021 392,1029 174,1029 174,985"/>
<Baseline points="174,1029 392,1029 416,1021 497,1021 522,1021 626,1021 648,1029 807,1029 832,1021 972,1021 992,1021 1042,1021 1071,1020 1123,1020 1147,1020 1369,1020"/>
<TextEquiv><Unicode>keinesweges nach ihrem geistigen Gehalte als ein Bestandtheil</Unicode></TextEquiv>
</TextLine>

<TextLine id="line_15">
<Coords points="177,1047 311,1047 324,1038 634,1038 656,1038 767,1038 790,1038 929,1038 953,1038 1029,1038 1043,1038 1266,1038 1280,1038 1368,1038 1368,1071 1280,1071 1266,1078 1043,1078 1029,1072 953,1072 929,1079 790,1079 767,1080 656,1080 634,1073 324,1073 311,1071 177,1071 177,1047"/>
<Baseline points="177,1071 311,1071 324,1073 634,1073 656,1080 767,1080 790,1079 929,1079 953,1072 1029,1072 1043,1078 1266,1078 1280,1071 1368,1071"/>
<TextEquiv><Unicode>unserer Nationalliteratur gelten können, dass Kochbücher, Salz-</Unicode></TextEquiv>
</TextLine>

<TextLine id="line_16">
<Coords points="177,1089 273,1089 294,1090 360,1090 386,1090 637,1090 662,1090 864,1090 887,1091 970,1091 994,1091 1052,1091 1075,1090 1208,1090 1230,1090 1288,1090 1307,1090 1369,1090 1369,1124 1307,1124 1288,1124 1230,1124 1208,1124 1075,1124 1052,1125 994,1125 970,1124 887,1124 864,1124 662,1124 637,1130 386,1130 360,1124 294,1124 273,1124 177,1124 177,1089"/>
<Baseline points="177,1124 273,1124 294,1124 360,1124 386,1130 637,1130 662,1124 864,1124 887,1124 970,1124 994,1125 1052,1125 1075,1124 1208,1124 1230,1124 1288,1124 1307,1124 1369,1124"/>
<TextEquiv><Unicode>tarife und Quartierlisten ebensowohl nach der Absicht des Ge-</Unicode></TextEquiv>
</TextLine>

<TextLine id="line_17">
<Coords points="176,1144 281,1144 303,1152 406,1152 429,1143 626,1143 649,1143 820,1143 843,1143 971,1143 997,1147 1137,1147 1162,1143 1212,1143 1227,1142 1369,1142 1369,1177 1227,1177 1212,1176 1162,1176 1137,1183 997,1183 971,1177 843,1177 820,1184 649,1184 626,1177 429,1177 406,1186 303,1186 281,1177 176,1177 176,1144"/>
<Baseline points="176,1177 281,1177 303,1186 406,1186 429,1177 626,1177 649,1184 820,1184 843,1177 971,1177 997,1183 1137,1183 1162,1176 1212,1176 1227,1177 1369,1177"/>
<TextEquiv><Unicode>setzes gegen Nachdruck geschützt werden müssen, als Produc-</Unicode></TextEquiv>
</TextLine>

<TextLine id="line_18">
<Coords points="178,1195 285,1195 309,1205 371,1205 398,1195 553,1195 577,1196 737,1196 762,1194 902,1194 913,1196 951,1196 951,1237 913,1237 902,1229 762,1229 737,1237 577,1237 553,1229 398,1229 371,1229 309,1229 285,1228 178,1228 178,1195"/>
<Baseline points="178,1228 285,1228 309,1229 371,1229 398,1229 553,1229 577,1237 737,1237 762,1229 902,1229 913,1237 951,1237"/>
<TextEquiv><Unicode>tionen von höherem geistigen Gehalte .</Unicode></TextEquiv>
</TextLine>

<TextLine id="line_19">
<Coords points="263,1247 323,1247 347,1247 557,1247 582,1247 867,1247 893,1248 936,1248 958,1247 1042,1247 1065,1247 1263,1247 1286,1256 1371,1256 1371,1289 1286,1289 1263,1282 1065,1282 1042,1281 958,1281 936,1281 893,1281 867,1290 582,1290 557,1290 347,1290 323,1282 263,1282 263,1247"/>
<Baseline points="263,1282 323,1282 347,1290 557,1290 582,1290 867,1290 893,1281 936,1281 958,1281 1042,1281 1065,1282 1263,1282 1286,1289 1371,1289"/>
<TextEquiv><Unicode>Die aufgestellte Unterscheidung ist auch theoretisch ganz</Unicode></TextEquiv>
</TextLine>

<TextLine id="line_20">
<Coords points="176,1309 216,1309 230,1300 415,1300 442,1300 545,1300 556,1300 620,1300 633,1299 857,1299 870,1300 1108,1300 1130,1300 1173,1300 1186,1300 1285,1300 1310,1300 1370,1300 1370,1333 1310,1333 1285,1333 1186,1333 1173,1334 1130,1334 1108,1341 870,1341 857,1334 633,1334 620,1333 556,1333 545,1333 442,1333 415,1334 230,1334 216,1333 176,1333 176,1309"/>
<Baseline points="176,1333 216,1333 230,1334 415,1334 442,1333 545,1333 556,1333 620,1333 633,1334 857,1334 870,1341 1108,1341 1130,1334 1173,1334 1186,1333 1285,1333 1310,1333 1370,1333"/>
<TextEquiv><Unicode>zu verwerfen. Unter den literarischen Erzeugnissen im Sinne des</Unicode></TextEquiv>
</TextLine>

<TextLine id="line_21">
<Coords points="176,1352 330,1352 351,1352 420,1352 443,1352 507,1352 531,1352 584,1352 596,1351 757,1351 779,1361 820,1361 836,1351 1017,1351 1034,1352 1153,1352 1176,1361 1239,1361 1263,1351 1374,1351 1374,1384 1263,1384 1239,1386 1176,1386 1153,1386 1034,1386 1017,1393 836,1393 820,1384 779,1384 757,1385 596,1385 584,1385 531,1385 507,1385 443,1385 420,1386 351,1386 330,1385 176,1385 176,1352"/>
<Baseline points="176,1385 330,1385 351,1386 420,1386 443,1385 507,1385 531,1385 584,1385 596,1385 757,1385 779,1384 820,1384 836,1393 1017,1393 1034,1386 1153,1386 1176,1386 1239,1386 1263,1384 1374,1384"/>
<TextEquiv><Unicode>Gesetzes sind alle die Schriften zu verstehen, welche von ihrem</Unicode></TextEquiv>
</TextLine>

<TextLine id="line_22">
<Coords points="176,1404 347,1404 370,1405 450,1405 474,1404 577,1404 599,1405 661,1405 686,1404 747,1404 775,1404 864,1404 898,1403 1098,1403 1123,1403 1370,1403 1370,1446 1123,1446 1098,1446 898,1446 864,1438 775,1438 747,1437 686,1437 661,1437 599,1437 577,1438 474,1438 450,1438 370,1438 347,1437 176,1437 176,1404"/>
<Baseline points="176,1437 347,1437 370,1438 450,1438 474,1438 577,1438 599,1437 661,1437 686,1437 747,1437 775,1438 864,1438 898,1446 1098,1446 1123,1446 1370,1446"/>
<TextEquiv><Unicode>Verfasser oder durch den Act eines unbefugten Herausgebers</Unicode></TextEquiv>
</TextLine>

<TextLine id="line_23">
<Coords points="176,1466 250,1466 276,1456 507,1456 536,1457 624,1457 646,1455 983,1455 1005,1456 1190,1456 1219,1456 1372,1456 1372,1499 1219,1499 1190,1490 1005,1490 983,1490 646,1490 624,1490 536,1490 507,1497 276,1497 250,1489 176,1489 176,1466"/>
<Baseline points="176,1489 250,1489 276,1497 507,1497 536,1490 624,1490 646,1490 983,1490 1005,1490 1190,1490 1219,1499 1372,1499"/>
<TextEquiv><Unicode>zum Gegenstande eines buchhändlerischen Vertriebes gemacht</Unicode></TextEquiv>
</TextLine>

<TextLine id="line_24">
<Coords points="177,1508 314,1508 348,1508 517,1508 550,1509 610,1509 632,1508 717,1508 738,1508 817,1508 838,1508 915,1508 939,1508 986,1508 1007,1509 1092,1509 1116,1508 1266,1508 1288,1507 1369,1507 1369,1541 1288,1541 1266,1550 1116,1550 1092,1542 1007,1542 986,1542 939,1542 915,1541 838,1541 817,1542 738,1542 717,1542 632,1542 610,1542 550,1542 517,1550 348,1550 314,1547 177,1547 177,1508"/>
<Baseline points="177,1547 314,1547 348,1550 517,1550 550,1542 610,1542 632,1542 717,1542 738,1542 817,1542 838,1541 915,1541 939,1542 986,1542 1007,1542 1092,1542 1116,1550 1266,1550 1288,1541 1369,1541"/>
<TextEquiv><Unicode>werden, gleichviel wie wohl oder übel sie dazu geeignet sind.</Unicode></TextEquiv>
</TextLine>

<TextLine id="line_25">
<Coords points="177,1561 244,1561 254,1561 392,1561 407,1560 515,1560 527,1561 615,1561 629,1561 763,1561 780,1562 884,1562 898,1570 962,1570 973,1560 1170,1560 1181,1560 1370,1560 1370,1601 1181,1601 1170,1604 973,1604 962,1594 898,1594 884,1603 780,1603 763,1595 629,1595 615,1595 527,1595 515,1594 407,1594 392,1603 254,1603 244,1593 177,1593 177,1561"/>
<Baseline points="177,1593 244,1593 254,1603 392,1603 407,1594 515,1594 527,1595 615,1595 629,1595 763,1595 780,1603 884,1603 898,1594 962,1594 973,1604 1170,1604 1181,1601 1370,1601"/>
<TextEquiv><Unicode>Der geistige Inhalt eines Werkes hängt von subjectiver Schätzung</Unicode></TextEquiv>
</TextLine>

<TextLine id="line_26">
<Coords points="176,1612 217,1612 248,1613 312,1613 343,1612 429,1612 461,1613 551,1613 579,1614 626,1614 660,1613 835,1613 858,1613 1021,1613 1054,1614 1143,1614 1162,1611 1370,1611 1370,1655 1162,1655 1143,1647 1054,1647 1021,1648 858,1648 835,1655 660,1655 626,1646 579,1646 551,1646 461,1646 429,1646 343,1646 312,1646 248,1646 217,1646 176,1646 176,1612"/>
<Baseline points="176,1646 217,1646 248,1646 312,1646 343,1646 429,1646 461,1646 551,1646 579,1646 626,1646 660,1655 835,1655 858,1648 1021,1648 1054,1647 1143,1647 1162,1655 1370,1655"/>
<TextEquiv><Unicode>ab und kann nicht als objectives Merkmal eines juristischen</Unicode></TextEquiv>
</TextLine>

<TextLine id="line_27">
<Coords points="180,1663 334,1663 355,1664 548,1664 572,1665 711,1665 711,1699 572,1699 548,1706 355,1706 334,1704 180,1704 180,1663"/>
<Baseline points="180,1704 334,1704 355,1706 548,1706 572,1699 711,1699"/>
<TextEquiv><Unicode>Begriffes aufgestellt werden.</Unicode></TextEquiv>
</TextLine>

<TextLine id="line_28">
<Coords points="263,1716 392,1716 414,1716 647,1716 671,1717 775,1717 799,1727 884,1727 904,1718 956,1718 970,1717 1237,1717 1261,1715 1368,1715 1368,1750 1261,1750 1237,1759 970,1759 956,1751 904,1751 884,1751 799,1751 775,1751 671,1751 647,1751 414,1751 392,1751 263,1751 263,1716"/>
<Baseline points="263,1751 392,1751 414,1751 647,1751 671,1751 775,1751 799,1751 884,1751 904,1751 956,1751 970,1759 1237,1759 1261,1750 1368,1750"/>
<TextEquiv><Unicode>Andere Schriftsteller haben zwar die Unzulässigkeit dieser</Unicode></TextEquiv>
</TextLine>

</TextRegion>
<TextRegion id="block_1" custom="structure {type:header;}">
<Coords points="490,168 490,204 1055,204 1055,168 490,168"/>
<TextLine id="line_29">
<Coords points="490,168 523,168 545,168 757,168 794,171 817,171 840,171 881,171 901,169 1055,169 1055,199 901,199 881,197 840,197 817,201 794,201 757,204 545,204 523,194 490,194 490,168"/>
<Baseline points="490,194 523,194 545,204 757,204 794,201 817,201 840,197 881,197 901,199 1055,199"/>
<TextEquiv><Unicode>V. Gegenstände. §. 16. Schriften.</Unicode></TextEquiv>
</TextLine>

</TextRegion>
<TextRegion id="block_2" custom="structure {type:pageNum;}">
<Coords points="178,170 178,195 229,195 229,170 178,170"/>
<TextLine id="line_30">
<Coords points="178,170 229,170 229,195 178,195 178,170"/>
<Baseline points="178,195 229,195"/>
<TextEquiv><Unicode>150</Unicode></TextEquiv>
</TextLine>

</TextRegion>
<TextRegion id="block_3" custom="structure {type:note;}">
<Coords points="315,1856 315,1892 317,1901 317,1937 317,1947 178,1947 178,1976 178,1989 317,1989 317,2028 317,2034 178,2034 178,2071 180,2080 180,2120 178,2125 178,2166 178,2170 178,2213 179,2216 179,2254 178,2261 178,2302 180,2311 180,2339 518,2339 518,2311 1371,2311 1371,2302 1371,2261 1372,2254 1372,2216 1373,2213 1373,2170 1373,2166 1373,2125 1374,2120 1374,2080 1372,2071 1372,2034 1372,2028 1372,1989 618,1989 618,1976 618,1947 1368,1947 1368,1937 1368,1901 1157,1901 1157,1892 1157,1856 315,1856"/>
<TextLine id="line_31">
<Coords points="315,1856 439,1856 459,1856 571,1856 592,1857 642,1857 662,1857 821,1857 842,1856 1038,1856 1058,1856 1086,1856 1095,1857 1157,1857 1157,1884 1095,1884 1086,1884 1058,1884 1038,1885 842,1885 821,1885 662,1885 642,1885 592,1885 571,1892 459,1892 439,1889 315,1889 315,1856"/>
<Baseline points="315,1889 439,1889 459,1892 571,1892 592,1885 642,1885 662,1885 821,1885 842,1885 1038,1885 1058,1884 1086,1884 1095,1884 1157,1884"/>
<TextEquiv><Unicode>Beseler, System des deutschen Privatrechts S. 335.</Unicode></TextEquiv>
</TextLine>

<TextLine id="line_32">
<Coords points="317,1901 503,1901 522,1902 581,1902 601,1902 749,1902 770,1912 795,1912 816,1912 840,1912 860,1902 892,1902 924,1902 951,1902 975,1902 1112,1902 1138,1901 1198,1901 1222,1901 1287,1901 1306,1901 1368,1901 1368,1928 1306,1928 1287,1928 1222,1928 1198,1928 1138,1928 1112,1929 975,1929 951,1930 924,1930 892,1929 860,1929 840,1930 816,1930 795,1930 770,1930 749,1930 601,1930 581,1930 522,1930 503,1937 317,1937 317,1901"/>
<Baseline points="317,1937 503,1937 522,1930 581,1930 601,1930 749,1930 770,1930 795,1930 816,1930 840,1930 860,1929 892,1929 924,1930 951,1930 975,1929 1112,1929 1138,1928 1198,1928 1222,1928 1287,1928 1306,1928 1368,1928"/>
<TextEquiv><Unicode>Heydemann und Dambach a. a. O. S. 73—122. 135. 208. 218.</Unicode></TextEquiv>
</TextLine>

<TextLine id="line_33">
<Coords points="178,1948 323,1948 353,1948 416,1948 434,1949 487,1949 509,1947 537,1947 557,1948 618,1948 618,1975 557,1975 537,1975 509,1975 487,1975 434,1975 416,1976 353,1976 323,1976 178,1976 178,1948"/>
<Baseline points="178,1976 323,1976 353,1976 416,1976 434,1975 487,1975 509,1975 537,1975 557,1975 618,1975"/>
<TextEquiv><Unicode>287—293 396. 411 ff. 422.</Unicode></TextEquiv>
</TextLine>

<TextLine id="line_34">
<Coords points="317,1992 358,1992 361,1993 569,1993 579,1992 979,1992 992,1991 1128,1991 1141,1989 1216,1989 1230,1989 1269,1989 1288,1997 1372,1997 1372,2025 1288,2025 1269,2017 1230,2017 1216,2019 1141,2019 1128,2020 992,2020 979,2028 579,2028 569,2021 361,2021 358,2021 317,2021 317,1992"/>
<Baseline points="317,2021 358,2021 361,2021 569,2021 579,2028 979,2028 992,2020 1128,2020 1141,2019 1216,2019 1230,2017 1269,2017 1288,2025 1372,2025"/>
<TextEquiv><Unicode>Der literarische Sachverständigen-Verein schliesst auch im prac-</Unicode></TextEquiv>
</TextLine>

<TextLine id="line_35">
<Coords points="178,2038 290,2038 306,2038 455,2038 474,2048 529,2048 547,2038 644,2038 655,2038 861,2038 882,2047 937,2047 959,2038 1025,2038 1035,2036 1159,2036 1177,2044 1270,2044 1279,2034 1372,2034 1372,2063 1279,2063 1270,2071 1177,2071 1159,2065 1035,2065 1025,2066 959,2066 937,2066 882,2066 861,2066 655,2066 644,2066 547,2066 529,2066 474,2066 455,2066 306,2066 290,2066 178,2066 178,2038"/>
<Baseline points="178,2066 290,2066 306,2066 455,2066 474,2066 529,2066 547,2066 644,2066 655,2066 861,2066 882,2066 937,2066 959,2066 1025,2066 1035,2065 1159,2065 1177,2071 1270,2071 1279,2063 1372,2063"/>
<TextEquiv><Unicode>tischen Resultate nur solche Drucksachen von dem Schutze gegen Nach-</Unicode></TextEquiv>
</TextLine>

<TextLine id="line_36">
<Coords points="180,2084 270,2084 291,2093 351,2093 381,2085 487,2085 508,2084 673,2084 694,2084 775,2084 796,2093 848,2093 866,2083 1053,2083 1071,2091 1127,2091 1149,2080 1304,2080 1324,2080 1374,2080 1374,2108 1324,2108 1304,2109 1149,2109 1127,2110 1071,2110 1053,2119 866,2119 848,2111 796,2111 775,2112 694,2112 673,2120 508,2120 487,2112 381,2112 351,2117 291,2117 270,2112 180,2112 180,2084"/>
<Baseline points="180,2112 270,2112 291,2117 351,2117 381,2112 487,2112 508,2120 673,2120 694,2112 775,2112 796,2111 848,2111 866,2119 1053,2119 1071,2110 1127,2110 1149,2109 1304,2109 1324,2108 1374,2108"/>
<TextEquiv><Unicode>druck aus, welche überhaupt nicht zur Mittheilung von Gedanken be-</Unicode></TextEquiv>
</TextLine>

<TextLine id="line_37">
<Coords points="178,2130 289,2130 318,2129 398,2129 428,2130 552,2130 588,2130 642,2130 674,2129 720,2129 750,2129 973,2129 1002,2128 1061,2128 1095,2126 1298,2126 1329,2125 1373,2125 1373,2153 1329,2153 1298,2156 1095,2156 1061,2156 1002,2156 973,2166 750,2166 720,2157 674,2157 642,2158 588,2158 552,2158 428,2158 398,2164 318,2164 289,2157 178,2157 178,2130"/>
<Baseline points="178,2157 289,2157 318,2164 398,2164 428,2158 552,2158 588,2158 642,2158 674,2157 720,2157 750,2166 973,2166 1002,2156 1061,2156 1095,2156 1298,2156 1329,2153 1373,2153"/>
<TextEquiv><Unicode>stimmt sind, sondern wie die Klagschemata und Contobücher als</Unicode></TextEquiv>
</TextLine>

<TextLine id="line_38">
<Coords points="178,2175 458,2175 479,2176 584,2176 604,2176 673,2176 694,2175 746,2175 766,2174 813,2174 828,2174 1090,2174 1099,2172 1298,2172 1314,2170 1373,2170 1373,2198 1314,2198 1298,2200 1099,2200 1090,2210 828,2210 813,2202 766,2202 746,2202 694,2202 673,2203 604,2203 584,2203 479,2203 458,2213 178,2213 178,2175"/>
<Baseline points="178,2213 458,2213 479,2203 584,2203 604,2203 673,2203 694,2202 746,2202 766,2202 813,2202 828,2210 1090,2210 1099,2200 1298,2200 1314,2198 1373,2198"/>
<TextEquiv><Unicode>Schreibformulare dienen oder wie die kalligraphischen Vorschriften und</Unicode></TextEquiv>
</TextLine>

<TextLine id="line_39">
<Coords points="179,2221 206,2221 227,2221 319,2221 340,2221 419,2221 439,2221 492,2221 511,2221 585,2221 604,2221 684,2221 703,2219 827,2219 845,2220 886,2220 907,2219 1002,2219 1022,2219 1134,2219 1154,2217 1235,2217 1263,2216 1372,2216 1372,2244 1263,2244 1235,2245 1154,2245 1134,2254 1022,2254 1002,2247 907,2247 886,2247 845,2247 827,2247 703,2247 684,2249 604,2249 585,2248 511,2248 492,2248 439,2248 419,2249 340,2249 319,2248 227,2248 206,2247 179,2247 179,2221"/>
<Baseline points="179,2247 206,2247 227,2248 319,2248 340,2249 419,2249 439,2248 492,2248 511,2248 585,2248 604,2249 684,2249 703,2247 827,2247 845,2247 886,2247 907,2247 1002,2247 1022,2254 1134,2254 1154,2245 1235,2245 1263,2244 1372,2244"/>
<TextEquiv><Unicode>in einem Falle der Text einer Melodie als blosse Träger einer andern</Unicode></TextEquiv>
</TextLine>

<TextLine id="line_40">
<Coords points="178,2266 321,2266 341,2266 518,2266 536,2266 647,2266 678,2266 774,2266 794,2266 980,2266 999,2264 1059,2264 1079,2262 1228,2262 1248,2271 1273,2271 1295,2270 1320,2270 1340,2261 1371,2261 1371,2290 1340,2290 1320,2289 1295,2289 1273,2289 1248,2289 1228,2292 1079,2292 1059,2292 999,2292 980,2300 794,2300 774,2302 678,2302 647,2294 536,2294 518,2294 341,2294 321,2301 178,2301 178,2266"/>
<Baseline points="178,2301 321,2301 341,2294 518,2294 536,2294 647,2294 678,2302 774,2302 794,2300 980,2300 999,2292 1059,2292 1079,2292 1228,2292 1248,2289 1273,2289 1295,2289 1320,2289 1340,2290 1371,2290"/>
<TextEquiv><Unicode>geistigen Production dienen. Vergl. Heydemann und Dambach a. a. O.</Unicode></TextEquiv>
</TextLine>

<TextLine id="line_41">
<Coords points="180,2311 206,2311 217,2312 374,2312 396,2312 421,2312 434,2312 485,2312 500,2311 518,2311 518,2339 500,2339 485,2338 434,2338 421,2339 396,2339 374,2339 217,2339 206,2339 180,2339 180,2311"/>
<Baseline points="180,2339 206,2339 217,2339 374,2339 396,2339 421,2339 434,2338 485,2338 500,2339 518,2339"/>
<TextEquiv><Unicode>S. 200—214. S. 221 f.</Unicode></TextEquiv>
</TextLine>

</TextRegion>
</Page>
</PcGts>