1600 2648
278 293 1407 338 Eine neue Waare muss, um den Gegenstand eines Er-
189 348 765 391 findungspatentes auszumachen:
326 401 688 443 1. verkäuflich sein,
323 454 1062 489 2. dem materiellen Gebrauche dienen.
278 506 1411 552 Das erste Requisit folgt aus der im Begriff des geistigen
189 559 1411 605 Eigenthumes überhaupt enthaltenen Bedingung, dass die Re-
188 612 1411 657 production des Gegenstandes ein vermögensrechtliches Interesse
188 664 1409 711 gewähren muss. Die Erfindung des Ozons und anderer Stoffe,
187 719 1409 765 die überall dargestellt, aber nicht gekauft und verkauft werden
188 771 1410 817 können, ist daher selbstverständlich nicht Gegenstand eines
189 825 1409 870 Patentes. Ebenso sind alle diejenigen Stoffe ausgeschlossen,
189 878 1411 925 welche wegen eines entgegenstehenden gesetzlichen Verbotes
188 931 1411 976 nicht verkauft werden dürfen, also namentlich die durch die
186 985 1410 1031 sanitätspolizeilichen Verordnungen verbotenen Waaren. Viele
190 1038 1409 1084 Patentgesetzgebungen schliessen ferner die Arzneimittel
187 1094 926 1137 ausdrücklich von der Patentirung aus.
216 1141 1410 1191 Das zweite Requisit enthält die Bedingung, dass die erfun-
187 1200 1407 1244 dene Waare durch ihre neuen Eigenschaften geeignet ist, einem
189 1253 1409 1294 materiellen Gebrauche zu dienen. Waaren, die nur durch ihre
188 1307 1409 1342 Form sich von andern früher bekannten Waaren unterscheiden
189 1360 1410 1396 und durch diese neue Form nur dem Geschmacke oder der
189 1413 1411 1456 Mode dienen, ohne dass dieselbe einen materiellen Nutzen für
187 1467 1410 1511 den Gebrauch gewährt, sind möglicher Weise Gegenstand des
190 1520 1407 1564 Muster- oder Formschutzes, nicht aber Gegenstand eines Pa-
189 1577 308 1610 tentes.
277 1628 1408 1672 Dasselbe gilt, wenn die Waare zwar zu einem neuen ma-
188 1680 1408 1724 teriellen Gebrauche bestimmt und eingerichtet ist, aber diesen
188 1733 1409 1770 Zweck in der Wirklichkeit nicht erfüllt. In dem Rechtsfalle
189 1787 1408 1831 Manton gegen Parker handelte es sich um eine patentirte
190 1840 1408 1883 Flinte mit durchbohrtem Hahn, welcher nach der Patentbe-
187 1894 1409 1938 schreibung das Entweichen der Luft gestatten sollte, ohne dass
187 1946 1409 1992 ein Theil des Pulvers mit weggerissen würde. Der Versuch
187 2000 1408 2045 ergab, dass das Pulver ebensowohl Durchgang fand als die
1357 204 1410 231 199
679 203 916 233 Neue Waaren.
341 2147 1406 2186 Oesterreich. Gesetz v. 15. August 1852 §. 2. Bayer. Verord-
186 2195 1407 2233 nung v. 10. Februar 1842 §. 15. Italiän. Gesetz v. 30. October 1859
189 2241 350 2271 Art. 37 ff.
344 2289 1406 2326 Preuss. Rescript v. 20. Januar 1816. Sächs. Verordnung v.
186 2336 1260 2375 20. Januar 1853 §. 1. Französ. Gesetz v. 5. Juni 1844 Art. 3.
339 2383 1404 2423 Godson, A treatise on the law of patents for inventions p. 57.
