1600 2648
142 261 1363 306 Unterscheidung anerkannt, dagegen behauptet, die Schrift müsse,
141 314 1363 358 um als literarisches Erzeugniss im Sinne des Gesetzes zu gelten,
142 367 1366 404 von dem Verfasser für den literarischen Verkehr bestimmt
139 422 1365 465 sein . Man hat versucht, durch dieses Kriterium gewisse Kate-
140 474 1364 519 gorien von Schriften, namentlich: Gesetze, amtliche Actenstücke,
141 527 1367 572 öffentliche Anzeigen und Privatbriefe von den Gegenständen des
140 580 1367 625 literarischen Eigenthumes auszuschliessen. Der Grund, welcher
138 635 1365 679 den Verfasser von der Erwerbung des Schrifteigenthumes an
139 687 1364 728 Gesetzen und amtlichen Actenstücken ausschliesst,
139 740 1367 786 liegt jedoch nicht in dem Objecte, sondern in der Person und
138 793 1367 837 in der amtlichen Stellung des Urhebers. Daher kann auch der
143 846 1365 887 Beamte ohne Zweifel an einem Gesetzentwurfe, sowie an einem
142 900 1367 945 amtlichen Berichte  geistiges Eigenthum erwerben, wenn er die
144 953 1365 998 Bewilligung seiner vorgesetzten Behörde zur Veröffentlichung er-
142 1006 1366 1052 langt. (Vergl. unten §. 30). Die fernere Frage, ob der Staat und des-
142 1059 1365 1102 sen Behörden an den von ihnen publizirten Gesetzen und Erlas-
141 1112 1366 1156 sen ein Verlagsrecht besitzen und übertragen können, hängt eben-
138 1166 1366 1211 falls nicht von objectiven Voraussetzungen, sondern lediglich davon
141 1219 1365 1263 ab, ob der Staat und die Behörden die persönliche Qualification
141 1273 1365 1318 zur Erwerbung von Autorrechten besitzen und ob die Bedin-
135 1326 1366 1371 gungen dieser Erwerbung erfüllt sind. (Vergl. unten §. 21.) Oef-
142 1380 1366 1424 fentliche Anzeigen sind nach dem oben (S. 137 f.) Ausge-
141 1434 1367 1478 führten in der Regel wegen des mangelnden Vermögens-Interesses
142 1486 1366 1532 nicht als Gegenstände eines ausschliesslichen Rechtes der Ver-
144 1540 1367 1585 vielfältigung anzusehen, wo aber ein solches Interesse nachge-
145 1594 1368 1639 wiesen werden kann, wie jede andere Schrift gegen Nachdruck
144 1646 1369 1692 geschützt. Was endlich die Privatbriefe betrifft, so lehrt
144 1701 1367 1746 die tägliche Erfahrung, dass die ursprünglich nur zur Privat-
145 1753 1368 1797 mittheilung bestimmten Briefe berühmter Personen später als
145 1806 1369 1852 wichtige Erzeugnisse der Literatur gesammelt und veröffentlicht
145 1860 1327 1906 werden. (Vergl. unten §. 30.) Und mit Recht bemerkt Bluntschli
146 1913 1369 1959 in Bezug auf den Nachdruck solcher Privatbriefe: »Ungereimt
146 1966 1369 2012 wäre es, wenn der unbefugte Herausgeber, welcher die Briefe
147 2019 1368 2065 als literarisches Erzeugniss ausbeutet, sich darauf berufen dürfte,
148 2075 917 2117 sie seien kein literarisches Erzeugniss.«
238 2127 1369 2173 Dasselbe gilt von Tagebüchern, Stammbüchern, Collectaneen
389 170 1108 201 Gesetze und Actenstücke. — Privatbriefe.
1311 171 1360 197 151
293 2246 1015 2286 Jolly, Die Lehre vom Nachdruck S. 121 ff.
296 2292 1155 2334 Vergl. Heydemann und Dambach a. a. O. S. 174 ff.
295 2340 977 2372 Kritische Ueberschau Bd. I Heft 1 S. 16.
