1600 2648
497 167 1104 205 V. Gegenstände. §. 18. Kunstwerke.
210 255 1399 299 stische Eigenthum des Kupferstechers die Reproduction des Ge-
211 307 1398 350 mäldes nur insofern aus, als diese Reproduction eine Verviel-
208 359 1399 403 fältigung seines Kupferstiches enthält, während Niemand ge-
209 411 1400 455 hindert ist, das Gemälde in Kupfer zu stechen und den neuen
207 463 813 505 Kupferstich zu vervielfältigen .
293 514 1398 557 Ist das artistische Eigenthum an dem Gemälde an den
206 566 1398 609 Kupferstecher übertragen, so umfasst sein Recht beide Gegen-
205 618 1398 661 stände des geistigen Eigenthumes und schliesst jeden Dritten
204 668 1399 712 sowohl von der selbständigen Reproduction des Gemäldes als
207 721 1105 766 von der Vervielfältigung des Kupferstiches aus.
292 773 1397 816 Ist das geistige Eigenthum an dem Gemälde endlich dem
207 825 1398 868 Urheber oder dessen Rechtsnachfolger verblieben und dem
208 877 1398 921 Kupferstecher nur die Reproduction durch den von ihm ange-
206 929 1398 972 fertigten Kupferstich gestattet worden, so schliesst nicht das
208 982 1399 1025 Recht des Kupferstechers, sondern nur dasjenige des Malers
204 1033 1397 1076 oder seines Rechtsnachfolgers dritte Personen von einer neuen
205 1085 1398 1130 Reproduction des Gemäldes aus und mit der Bewilligung des
205 1137 1397 1181 Erstern können neue Kupferstiche (nicht aber Nachbildungen des
204 1189 1396 1233 älteren Kupferstiches) von dem Gemälde angefertigt werden, ohne
204 1241 1395 1285 dass der Verfertiger des früheren Stiches dem widersprechen kann.
290 1293 1395 1330 Das Preussische Gesetz vom 11. Juni 1837 hat die beiden
205 1344 1396 1387 Arten von Gegenständen des artistischen Eigenthumes sehr
202 1396 1395 1440 scharf unterschieden, indem es in den §§. 21 und 22 die Ori-
203 1448 1395 1492 ginalkunstwerke und deren Vervielfältigung, im §. 29 dagegen
203 1501 1395 1542 die Abbildungen von Kunstwerken »durch ein anderes Kunst-
203 1552 1394 1596 verfahren als bei dem Originale angewendet,« d. h. durch ein
203 1604 1394 1647 reproduzirendes Kunstverfahren und deren mechanische Verviel-
202 1656 1394 1700 fältigung aufführt und für beide Gegenstände selbständige und
203 1708 1394 1752 von einander abweichende Normen des Rechtsschutzes aufstellt .
213 170 266 197 180
359 1834 1395 1872 »Der Kellersche Kupferstich von Rafaels Disputa z. B. geniesst
203 1879 1393 1916 des Schutzes, ungeachtet das Originalgemälde sich an der Wand des
203 1924 1394 1962 Vatican befindet, ebenso wie der Kupferstich nach dem Gemälde des
202 1970 1394 2009 hiesigen Malers Richter: Jairi Töchterlein geschützt ist, unabhängig
201 2015 1394 2054 davon, ob Richter sein Gemälde zum Schutze angemeldet hat oder
203 2061 1392 2099 nicht. Wäre es nicht angemeldet, so würde daraus nur folgen, dass
201 2105 1392 2137 ohne Erlaubniss des Künstlers noch andere Publicationen nach dem
201 2151 1393 2191 Gemälde selbst, nicht aber nach dem vorhandenen Kupferstich gemacht
201 2196 1392 2235 werden könnten.« Gutachten des artistischen Sachverständigen-Vereines
201 2241 1127 2272 vom 25. Juni 1863. Goltdammers Archiv Bd. 12 S. 190.
350 2288 1390 2327 §. 21. Die Vervielfältigung von Zeichnungen oder Gemälden
