<?xml version="1.0" encoding="UTF-8"?>
<PcGts xmlns="http://schema.primaresearch.org/PAGE/gts/pagecontent/2019-07-15" xmlns:xsi="http://www.w3.org/2001/XMLSchema-instance" xsi:schemaLocation="http://schema.primaresearch.org/PAGE/gts/pagecontent/2019-07-15 http://schema.primaresearch.org/PAGE/gts/pagecontent/2019-07-15/pagecontent.xsd">
<Metadata>
<Creator>regJS2PAGE.py</Creator>
<Created>2021-02-16T11:01:17.500965</Created>
<LastChange>2021-02-16T11:01:17.500965</LastChange>
</Metadata>
<Page imageFilename="tmp/klostermann_eigenthum01_1867_0053.png" imageWidth="1600" imageHeight="2648">
<TextRegion id="block_0" custom="structure {type:body;}">
<Coords points="186,269 186,315 186,323 186,368 186,376 186,421 186,430 186,474 186,482 186,529 186,537 186,582 186,588 276,588 276,634 276,641 186,641 186,687 186,695 186,741 188,749 188,791 186,804 186,847 186,855 186,902 186,908 186,954 185,948 185,1033 186,1016 186,1052 186,1070 276,1070 276,1116 276,1121 186,1121 186,1168 186,1170 186,1221 186,1226 186,1272 186,1281 186,1328 185,1335 185,1381 186,1388 186,1440 185,1433 185,1486 185,1495 185,1540 185,1549 185,1594 184,1603 184,1679 1404,1679 1404,1603 1403,1594 1403,1549 1402,1540 1402,1495 1403,1486 1403,1433 1403,1440 1403,1388 1404,1381 1404,1335 1404,1328 1404,1281 1416,1272 1416,1226 1414,1221 1414,1170 1413,1168 1413,1121 1415,1116 1415,1070 988,1070 988,1052 988,1016 1414,1016 1414,1033 1414,948 1417,954 1417,908 1404,902 1404,855 1395,847 1395,804 1406,791 1406,749 1406,741 1406,695 1406,687 1406,641 1367,641 1367,634 1367,588 917,588 917,582 917,537 1406,537 1406,529 1406,482 1405,474 1405,430 1406,421 1406,376 1406,368 1406,323 1407,315 1407,269 186,269"/>
<TextLine id="line_0">
<Coords points="186,272 247,272 269,271 502,271 527,272 770,272 794,271 909,271 938,269 1081,269 1114,280 1180,280 1202,270 1263,270 1284,269 1407,269 1407,305 1284,305 1263,305 1202,305 1180,305 1114,305 1081,305 938,305 909,305 794,305 770,315 527,315 502,315 269,315 247,307 186,307 186,272"/>
<Baseline points="186,307 247,307 269,315 502,315 527,315 770,315 794,305 909,305 938,305 1081,305 1114,305 1180,305 1202,305 1263,305 1284,305 1407,305"/>
<TextEquiv><Unicode>des körperlichen Eigenthumes wurde nämlich von der Schule</Unicode></TextEquiv>
</TextLine>

<TextLine id="line_1">
<Coords points="186,326 248,326 272,325 507,325 541,325 594,325 618,327 823,327 846,324 1171,324 1202,323 1406,323 1406,366 1202,366 1171,368 846,368 823,368 618,368 594,359 541,359 507,368 272,368 248,360 186,360 186,326"/>
<Baseline points="186,360 248,360 272,368 507,368 541,359 594,359 618,368 823,368 846,368 1171,368 1202,366 1406,366"/>
<TextEquiv><Unicode>der Proculejaner die sogenannte Specification aufgestellt,</Unicode></TextEquiv>
</TextLine>

<TextLine id="line_2">
<Coords points="186,379 218,379 244,378 276,378 307,378 361,378 391,378 638,378 668,378 757,378 788,377 937,377 968,376 1088,376 1116,388 1158,388 1184,378 1275,378 1297,386 1406,386 1406,412 1297,412 1275,411 1184,411 1158,411 1116,411 1088,412 968,412 937,412 788,412 757,413 668,413 638,421 391,421 361,412 307,412 276,413 244,413 218,414 186,414 186,379"/>
<Baseline points="186,414 218,414 244,413 276,413 307,412 361,412 391,421 638,421 668,413 757,413 788,412 937,412 968,412 1088,412 1116,411 1158,411 1184,411 1275,411 1297,412 1406,412"/>
<TextEquiv><Unicode>d. h. die Verarbeitung eines fremden Stoffes zu einer neuen</Unicode></TextEquiv>
</TextLine>

<TextLine id="line_3">
<Coords points="186,431 303,431 326,431 484,431 506,431 559,431 582,431 778,431 800,431 998,431 1021,430 1100,430 1124,430 1185,430 1201,430 1405,430 1405,474 1201,474 1185,465 1124,465 1100,466 1021,466 998,472 800,472 778,466 582,466 559,465 506,465 484,466 326,466 303,473 186,473 186,431"/>
<Baseline points="186,473 303,473 326,466 484,466 506,465 559,465 582,466 778,466 800,472 998,472 1021,466 1100,466 1124,465 1185,465 1201,474 1405,474"/>
<TextEquiv><Unicode>Sache, während die Sabinianer annahmen, dass das Eigenthum</Unicode></TextEquiv>
</TextLine>

<TextLine id="line_4">
<Coords points="186,485 245,485 259,484 380,484 403,484 488,484 512,484 566,484 589,484 649,484 664,484 869,484 893,494 936,494 960,484 1034,484 1059,494 1124,494 1147,482 1295,482 1305,483 1406,483 1406,517 1305,517 1295,518 1147,518 1124,518 1059,518 1034,518 960,518 936,519 893,519 869,529 664,529 649,519 589,519 566,519 512,519 488,519 403,519 380,520 259,520 245,520 186,520 186,485"/>
<Baseline points="186,520 245,520 259,520 380,520 403,519 488,519 512,519 566,519 589,519 649,519 664,529 869,529 893,519 936,519 960,518 1034,518 1059,518 1124,518 1147,518 1295,518 1305,517 1406,517"/>
<TextEquiv><Unicode>des Stoffes auch für das Eigenthum an dem von fremder Hand</Unicode></TextEquiv>
</TextLine>

<TextLine id="line_5">
<Coords points="186,537 388,537 411,538 578,538 601,537 837,537 860,538 917,538 917,572 860,572 837,573 601,573 578,572 411,572 388,582 186,582 186,537"/>
<Baseline points="186,582 388,582 411,572 578,572 601,573 837,573 860,572 917,572"/>
<TextEquiv><Unicode>gefertigten Producte entscheidend sei.</Unicode></TextEquiv>
</TextLine>

<TextLine id="line_6">
<Coords points="276,588 444,588 478,590 648,590 674,591 743,591 766,590 852,590 875,591 950,591 973,590 1151,590 1175,599 1238,599 1262,589 1367,589 1367,632 1262,632 1238,624 1175,624 1151,634 973,634 950,625 875,625 852,625 766,625 743,626 674,626 648,625 478,625 444,626 276,626 276,588"/>
<Baseline points="276,626 444,626 478,625 648,625 674,626 743,626 766,625 852,625 875,625 950,625 973,634 1151,634 1175,624 1238,624 1262,632 1367,632"/>
<TextEquiv><Unicode>Justinian entschied sich nach dem Vorgange von Gajus</Unicode></TextEquiv>
</TextLine>

<TextLine id="line_7">
<Coords points="186,644 241,644 263,645 316,645 334,644 480,644 500,644 669,644 695,645 773,645 793,644 1049,644 1067,644 1199,644 1220,647 1340,647 1362,641 1406,641 1406,676 1362,676 1340,683 1220,683 1199,678 1067,678 1049,679 793,679 773,679 695,679 669,687 500,687 480,679 334,679 316,679 263,679 241,679 186,679 186,644"/>
<Baseline points="186,679 241,679 263,679 316,679 334,679 480,679 500,687 669,687 695,679 773,679 793,679 1049,679 1067,678 1199,678 1220,683 1340,683 1362,676 1406,676"/>
<TextEquiv><Unicode>für die mittlere Meinung, dass unterschieden werden müsse, ob</Unicode></TextEquiv>
</TextLine>

<TextLine id="line_8">
<Coords points="186,697 247,697 276,696 363,696 390,698 422,698 453,697 506,697 534,697 668,697 698,698 797,698 827,697 1116,697 1143,697 1275,697 1294,695 1406,695 1406,730 1294,730 1275,731 1143,731 1116,741 827,741 797,732 698,732 668,732 534,732 506,732 453,732 422,732 390,732 363,732 276,732 247,732 186,732 186,697"/>
<Baseline points="186,732 247,732 276,732 363,732 390,732 422,732 453,732 506,732 534,732 668,732 698,732 797,732 827,741 1116,741 1143,731 1275,731 1294,730 1406,730"/>
<TextEquiv><Unicode>der Stoff in die frühere Form zurückgebracht werden könne</Unicode></TextEquiv>
</TextLine>

<TextLine id="line_9">
<Coords points="188,751 256,751 275,751 317,751 340,761 384,761 408,751 483,751 509,761 615,761 640,752 806,752 830,751 890,751 912,752 1103,752 1126,750 1218,750 1249,750 1331,750 1352,749 1406,749 1406,783 1352,783 1331,785 1249,785 1218,791 1126,791 1103,786 912,786 890,786 830,786 806,787 640,787 615,786 509,786 483,786 408,786 384,785 340,785 317,785 275,785 256,785 188,785 188,751"/>
<Baseline points="188,785 256,785 275,785 317,785 340,785 384,785 408,786 483,786 509,786 615,786 640,787 806,787 830,786 890,786 912,786 1103,786 1126,791 1218,791 1249,785 1331,785 1352,783 1406,783"/>
<TextEquiv><Unicode>und ob an dem neuen Producte der verwandte Stoff, oder die</Unicode></TextEquiv>
</TextLine>

<TextLine id="line_10">
<Coords points="186,807 344,807 370,804 470,804 503,805 554,805 585,804 646,804 669,805 892,805 914,805 1103,805 1127,804 1258,804 1284,807 1395,807 1395,838 1284,838 1258,838 1127,838 1103,839 914,839 892,840 669,840 646,838 585,838 554,839 503,839 470,838 370,838 344,847 186,847 186,807"/>
<Baseline points="186,847 344,847 370,838 470,838 503,839 554,839 585,838 646,838 669,840 892,840 914,839 1103,839 1127,838 1258,838 1284,838 1395,838"/>
<TextEquiv><Unicode>erzeugte Form als das Wesentliche betrachtet werden müsse.</Unicode></TextEquiv>
</TextLine>

<TextLine id="line_11">
<Coords points="186,857 259,857 292,857 416,857 447,857 725,857 755,868 817,868 845,859 927,859 958,858 1010,858 1038,858 1148,858 1169,855 1404,855 1404,900 1169,900 1148,902 1038,902 1010,892 958,892 927,892 845,892 817,893 755,893 725,901 447,901 416,892 292,892 259,892 186,892 186,857"/>
<Baseline points="186,892 259,892 292,892 416,892 447,901 725,901 755,893 817,893 845,892 927,892 958,892 1010,892 1038,902 1148,902 1169,900 1404,900"/>
<TextEquiv><Unicode>Von diesem Gesichtspuncte aus wird die Frage aufgeworfen,</Unicode></TextEquiv>
</TextLine>

<TextLine id="line_12">
<Coords points="186,910 227,910 246,910 297,910 316,909 478,909 501,910 563,910 583,910 729,910 753,911 848,911 871,910 1075,910 1097,911 1156,911 1175,910 1312,910 1325,908 1417,908 1417,943 1325,943 1312,954 1175,954 1156,945 1097,945 1075,954 871,954 848,946 753,946 729,945 583,945 563,945 501,945 478,945 316,945 297,945 246,945 227,945 186,945 186,910"/>
<Baseline points="186,945 227,945 246,945 297,945 316,945 478,945 501,945 563,945 583,945 729,945 753,946 848,946 871,954 1075,954 1097,945 1156,945 1175,954 1312,954 1325,943 1417,943"/>
<TextEquiv><Unicode>ob ein Gemälde auf fremder Tafel Eigenthum des Malers oder</Unicode></TextEquiv>
</TextLine>

<TextLine id="line_13">
<Coords points="185,962 374,962 409,964 466,964 499,964 655,964 689,964 741,964 766,964 861,964 891,964 1040,964 1073,964 1141,964 1174,963 1265,963 1295,948 1414,948 1414,1033 1295,1033 1265,998 1174,998 1141,998 1073,998 1040,1008 891,1008 861,999 766,999 741,998 689,998 655,1000 499,1000 466,1006 409,1006 374,1007 185,1007 185,962"/>
<Baseline points="185,1007 374,1007 409,1006 466,1006 499,1000 655,1000 689,998 741,998 766,999 861,999 891,1008 1040,1008 1073,998 1141,998 1174,998 1265,998 1295,1033 1414,1033"/>
<TextEquiv><Unicode>desjenigen sei, welchem die Tafel gehörte, und diese Frage</Unicode></TextEquiv>
</TextLine>

<TextLine id="line_14">
<Coords points="186,1016 267,1016 292,1027 335,1027 358,1016 511,1016 534,1017 592,1017 616,1018 741,1018 765,1017 988,1017 988,1052 765,1052 741,1052 616,1052 592,1052 534,1052 511,1052 358,1052 335,1051 292,1051 267,1051 186,1051 186,1016"/>
<Baseline points="186,1051 267,1051 292,1051 335,1051 358,1052 511,1052 534,1052 592,1052 616,1052 741,1052 765,1052 988,1052"/>
<TextEquiv><Unicode>wird zu Gunsten des Malers entschieden.</Unicode></TextEquiv>
</TextLine>

<TextLine id="line_15">
<Coords points="276,1070 345,1070 369,1070 746,1070 769,1072 813,1072 836,1070 908,1070 930,1070 1087,1070 1107,1070 1232,1070 1254,1072 1415,1072 1415,1103 1254,1103 1232,1105 1107,1105 1087,1113 930,1113 908,1105 836,1105 813,1105 769,1105 746,1116 369,1116 345,1105 276,1105 276,1070"/>
<Baseline points="276,1105 345,1105 369,1116 746,1116 769,1105 813,1105 836,1105 908,1105 930,1113 1087,1113 1107,1105 1232,1105 1254,1103 1415,1103"/>
<TextEquiv><Unicode>Der Entscheidungsgrund ist hier lediglich daraus entnom-</Unicode></TextEquiv>
</TextLine>

<TextLine id="line_16">
<Coords points="186,1132 272,1132 305,1123 382,1123 405,1123 465,1123 487,1124 812,1124 843,1124 907,1124 928,1124 982,1124 1010,1123 1157,1123 1181,1122 1276,1122 1299,1121 1413,1121 1413,1158 1299,1158 1276,1157 1181,1157 1157,1158 1010,1158 982,1158 928,1158 907,1158 843,1158 812,1168 487,1168 465,1158 405,1158 382,1158 305,1158 272,1165 186,1165 186,1132"/>
<Baseline points="186,1165 272,1165 305,1158 382,1158 405,1158 465,1158 487,1168 812,1168 843,1158 907,1158 928,1158 982,1158 1010,1158 1157,1158 1181,1157 1276,1157 1299,1158 1413,1158"/>
<TextEquiv><Unicode>men, dass der Vermögenswerth, den die bemalte Tafel durch</Unicode></TextEquiv>
</TextLine>

<TextLine id="line_17">
<Coords points="186,1176 240,1176 264,1176 404,1176 428,1178 545,1178 567,1178 657,1178 681,1177 834,1177 856,1177 999,1177 1034,1170 1414,1170 1414,1219 1034,1219 999,1221 856,1221 834,1212 681,1212 657,1212 567,1212 545,1212 428,1212 404,1220 264,1220 240,1210 186,1210 186,1176"/>
<Baseline points="186,1210 240,1210 264,1220 404,1220 428,1212 545,1212 567,1212 657,1212 681,1212 834,1212 856,1221 999,1221 1034,1219 1414,1219"/>
<TextEquiv><Unicode>die geistige Arbeit eines Meisters erlangt, unverhältnissmässig</Unicode></TextEquiv>
</TextLine>

<TextLine id="line_18">
<Coords points="186,1228 292,1228 323,1230 375,1230 409,1230 460,1230 491,1230 550,1230 582,1230 700,1230 731,1230 788,1230 820,1230 1034,1230 1057,1229 1260,1229 1309,1226 1416,1226 1416,1264 1309,1264 1260,1264 1057,1264 1034,1265 820,1265 788,1265 731,1265 700,1265 582,1265 550,1265 491,1265 460,1265 409,1265 375,1272 323,1272 292,1264 186,1264 186,1228"/>
<Baseline points="186,1264 292,1264 323,1272 375,1272 409,1265 460,1265 491,1265 550,1265 582,1265 700,1265 731,1265 788,1265 820,1265 1034,1265 1057,1264 1260,1264 1309,1264 1416,1264"/>
<TextEquiv><Unicode>höher ist, als der Werth des verwandten Materiales. Diese</Unicode></TextEquiv>
</TextLine>

<TextLine id="line_19">
<Coords points="186,1281 414,1281 437,1283 568,1283 590,1284 662,1284 687,1283 962,1283 985,1282 1233,1282 1256,1282 1314,1282 1336,1283 1404,1283 1404,1325 1336,1325 1314,1317 1256,1317 1233,1328 985,1328 962,1318 687,1318 662,1319 590,1319 568,1319 437,1319 414,1326 186,1326 186,1281"/>
<Baseline points="186,1326 414,1326 437,1319 568,1319 590,1319 662,1319 687,1318 962,1318 985,1328 1233,1328 1256,1317 1314,1317 1336,1325 1404,1325"/>
<TextEquiv><Unicode>Begründung enthält eine unverkennbare Anerkennung des gei-</Unicode></TextEquiv>
</TextLine>

<TextLine id="line_20">
<Coords points="185,1336 293,1336 320,1337 571,1337 599,1338 781,1338 803,1338 896,1338 918,1338 951,1338 970,1337 1046,1337 1069,1336 1170,1336 1192,1337 1282,1337 1300,1335 1404,1335 1404,1370 1300,1370 1282,1371 1192,1371 1170,1371 1069,1371 1046,1372 970,1372 951,1372 918,1372 896,1372 803,1372 781,1381 599,1381 571,1380 320,1380 293,1380 185,1380 185,1336"/>
<Baseline points="185,1380 293,1380 320,1380 571,1380 599,1381 781,1381 803,1372 896,1372 918,1372 951,1372 970,1372 1046,1372 1069,1371 1170,1371 1192,1371 1282,1371 1300,1370 1404,1370"/>
<TextEquiv><Unicode>stigen Eigenthumes, allerdings nicht in dem Sinne eines Rech-</Unicode></TextEquiv>
</TextLine>

<TextLine id="line_21">
<Coords points="186,1392 239,1392 264,1390 335,1390 348,1391 655,1391 680,1391 991,1391 1022,1389 1082,1389 1107,1389 1161,1389 1185,1389 1238,1389 1266,1388 1403,1388 1403,1423 1266,1423 1238,1423 1185,1423 1161,1423 1107,1423 1082,1425 1022,1425 991,1434 680,1434 655,1426 348,1426 335,1440 264,1440 239,1424 186,1424 186,1392"/>
<Baseline points="186,1424 239,1424 264,1440 335,1440 348,1426 655,1426 680,1434 991,1434 1022,1425 1082,1425 1107,1423 1161,1423 1185,1423 1238,1423 1266,1423 1403,1423"/>
<TextEquiv><Unicode>tes der ausschliesslichen Vervielfältigung, das für die damali-</Unicode></TextEquiv>
</TextLine>

<TextLine id="line_22">
<Coords points="185,1452 250,1452 274,1433 665,1433 690,1444 788,1444 813,1444 1046,1444 1068,1442 1254,1442 1276,1441 1403,1441 1403,1477 1276,1477 1254,1486 1068,1486 1046,1479 813,1479 788,1480 690,1480 665,1479 274,1479 250,1486 185,1486 185,1452"/>
<Baseline points="185,1486 250,1486 274,1479 665,1479 690,1480 788,1480 813,1479 1046,1479 1068,1486 1254,1486 1276,1477 1403,1477"/>
<TextEquiv><Unicode>gen Verkehrsverhältnisse keine hinreichende practische Bedeu-</Unicode></TextEquiv>
</TextLine>

<TextLine id="line_23">
<Coords points="185,1499 270,1499 305,1496 413,1496 445,1497 580,1497 618,1498 762,1498 794,1498 829,1498 858,1498 918,1498 949,1497 1141,1497 1175,1495 1402,1495 1402,1539 1175,1539 1141,1540 949,1540 918,1532 858,1532 829,1532 794,1532 762,1533 618,1533 580,1539 445,1539 413,1531 305,1531 270,1539 185,1539 185,1499"/>
<Baseline points="185,1539 270,1539 305,1531 413,1531 445,1539 580,1539 618,1533 762,1533 794,1532 829,1532 858,1532 918,1532 949,1540 1141,1540 1175,1539 1402,1539"/>
<TextEquiv><Unicode>tung haben konnte, sondern in der singulären Anwendung,</Unicode></TextEquiv>
</TextLine>

<TextLine id="line_24">
<Coords points="185,1549 263,1549 296,1549 356,1549 390,1551 530,1551 561,1551 762,1551 795,1561 838,1561 874,1551 934,1551 967,1550 1067,1550 1101,1550 1162,1550 1192,1550 1403,1550 1403,1593 1192,1593 1162,1585 1101,1585 1067,1585 967,1585 934,1586 874,1586 838,1585 795,1585 762,1594 561,1594 530,1594 390,1594 356,1585 296,1585 263,1585 185,1585 185,1549"/>
<Baseline points="185,1585 263,1585 296,1585 356,1585 390,1594 530,1594 561,1594 762,1594 795,1585 838,1585 874,1586 934,1586 967,1585 1067,1585 1101,1585 1162,1585 1192,1593 1403,1593"/>
<TextEquiv><Unicode>dass das geistige Eigenthum an der Form das körperliche</Unicode></TextEquiv>
</TextLine>

<TextLine id="line_25">
<Coords points="184,1603 395,1603 414,1614 456,1614 480,1604 555,1604 580,1604 684,1604 706,1605 792,1605 814,1605 883,1605 906,1604 1003,1604 1051,1603 1121,1603 1142,1603 1280,1603 1297,1603 1404,1603 1404,1638 1297,1638 1280,1646 1142,1646 1121,1639 1051,1639 1003,1639 906,1639 883,1640 814,1640 792,1640 706,1640 684,1640 580,1640 555,1639 480,1639 456,1638 414,1638 395,1679 184,1679 184,1603"/>
<Baseline points="184,1679 395,1679 414,1638 456,1638 480,1639 555,1639 580,1640 684,1640 706,1640 792,1640 814,1640 883,1640 906,1639 1003,1639 1051,1639 1121,1639 1142,1646 1280,1646 1297,1638 1404,1638"/>
<TextEquiv><Unicode>Eigenthum an dem Stoffe nach sich zieht. Das heutige Recht</Unicode></TextEquiv>
</TextLine>

</TextRegion>
<TextRegion id="block_1" custom="structure {type:pageNum;}">
<Coords points="1369,181 1369,209 1406,209 1406,181 1369,181"/>
<TextLine id="line_26">
<Coords points="1369,181 1406,181 1406,209 1369,209 1369,181"/>
<Baseline points="1369,209 1406,209"/>
<TextEquiv><Unicode>37</Unicode></TextEquiv>
</TextLine>

</TextRegion>
<TextRegion id="block_2" custom="structure {type:header;}">
<Coords points="585,180 585,210 998,210 998,180 585,180"/>
<TextLine id="line_27">
<Coords points="585,181 640,181 660,181 836,181 855,180 998,180 998,210 855,210 836,210 660,210 640,210 585,210 585,181"/>
<Baseline points="585,210 640,210 660,210 836,210 855,210 998,210"/>
<TextEquiv><Unicode>Die Römischen Juristen.</Unicode></TextEquiv>
</TextLine>

</TextRegion>
<TextRegion id="block_3" custom="structure {type:note;}">
<Coords points="331,1710 331,1748 333,1742 333,1796 329,1802 329,1841 329,1850 185,1850 185,1889 184,1896 184,1935 186,1942 186,1983 184,1989 184,2021 184,2036 279,2036 279,2077 279,2083 183,2083 183,2124 184,2128 184,2171 184,2175 184,2216 184,2222 184,2263 184,2268 184,2311 183,2315 183,2358 183,2363 183,2392 304,2392 304,2363 1401,2363 1401,2358 1401,2315 1403,2311 1403,2268 1403,2263 1403,2222 1402,2216 1402,2175 1402,2171 1402,2128 1402,2124 1402,2083 1402,2077 1402,2036 585,2036 585,2021 585,1989 1403,1989 1403,1983 1403,1942 1401,1935 1401,1896 1404,1889 1404,1850 1403,1841 1403,1802 1345,1802 1345,1796 1345,1742 992,1742 992,1748 992,1710 331,1710"/>
<TextLine id="line_28">
<Coords points="331,1710 364,1710 384,1712 411,1712 430,1710 455,1710 475,1712 491,1712 512,1710 579,1710 597,1710 633,1710 652,1710 767,1710 788,1711 857,1711 876,1712 932,1712 957,1714 992,1714 992,1747 957,1747 932,1748 876,1748 857,1740 788,1740 767,1748 652,1748 633,1739 597,1739 579,1747 512,1747 491,1738 475,1738 455,1747 430,1747 411,1739 384,1739 364,1738 331,1738 331,1710"/>
<Baseline points="331,1738 364,1738 384,1739 411,1739 430,1747 455,1747 475,1738 491,1738 512,1747 579,1747 597,1739 633,1739 652,1748 767,1748 788,1740 857,1740 876,1748 932,1748 957,1747 992,1747"/>
<TextEquiv><Unicode>L. 7. §. 7 Dig. de adquir. dom (41. 1).</Unicode></TextEquiv>
</TextLine>

<TextLine id="line_29">
<Coords points="333,1756 367,1756 387,1742 506,1742 530,1756 549,1756 568,1758 586,1758 606,1757 672,1757 692,1758 711,1758 732,1768 756,1768 777,1774 813,1774 831,1759 856,1759 877,1760 912,1760 935,1759 1006,1759 1027,1758 1063,1758 1085,1767 1142,1767 1164,1758 1223,1758 1244,1759 1282,1759 1307,1759 1345,1759 1345,1793 1307,1793 1282,1792 1244,1792 1223,1787 1164,1787 1142,1787 1085,1787 1063,1787 1027,1787 1006,1787 935,1787 912,1787 877,1787 856,1796 831,1796 813,1780 777,1780 756,1787 732,1787 711,1787 692,1787 672,1795 606,1795 586,1786 568,1786 549,1785 530,1785 506,1794 387,1794 367,1785 333,1785 333,1756"/>
<Baseline points="333,1785 367,1785 387,1794 506,1794 530,1785 549,1785 568,1786 586,1786 606,1795 672,1795 692,1787 711,1787 732,1787 756,1787 777,1780 813,1780 831,1796 856,1796 877,1787 912,1787 935,1787 1006,1787 1027,1787 1063,1787 1085,1787 1142,1787 1164,1787 1223,1787 1244,1792 1282,1792 1307,1793 1345,1793"/>
<TextEquiv><Unicode>L. 7. §. 7. l. 9 Dig. l. c. — §. 25 Inst. de rer. div. (2. 1).</Unicode></TextEquiv>
</TextLine>

<TextLine id="line_30">
<Coords points="329,1802 354,1802 375,1804 412,1804 430,1803 501,1803 524,1804 543,1804 567,1812 591,1812 630,1804 658,1804 677,1805 742,1805 762,1806 793,1806 812,1805 909,1805 928,1805 1030,1805 1047,1804 1188,1804 1206,1804 1327,1804 1347,1814 1403,1814 1403,1840 1347,1840 1327,1841 1206,1841 1188,1841 1047,1841 1030,1834 928,1834 909,1833 812,1833 793,1833 762,1833 742,1841 677,1841 658,1832 630,1832 591,1832 567,1832 543,1832 524,1832 501,1832 430,1832 412,1832 375,1832 354,1840 329,1840 329,1802"/>
<Baseline points="329,1840 354,1840 375,1832 412,1832 430,1832 501,1832 524,1832 543,1832 567,1832 591,1832 630,1832 658,1832 677,1841 742,1841 762,1833 793,1833 812,1833 909,1833 928,1834 1030,1834 1047,1841 1188,1841 1206,1841 1327,1841 1347,1840 1403,1840"/>
<TextEquiv><Unicode>§. 34 Inst. l. c. Si quis in aliena tabula pinxerit, quidam pu-</Unicode></TextEquiv>
</TextLine>

<TextLine id="line_31">
<Coords points="185,1852 253,1852 273,1850 407,1850 430,1851 565,1851 590,1850 706,1850 734,1851 800,1851 821,1851 938,1851 956,1851 1111,1851 1132,1851 1343,1851 1364,1850 1404,1850 1404,1879 1364,1879 1343,1887 1132,1887 1111,1889 956,1889 938,1880 821,1880 800,1880 734,1880 706,1885 590,1885 565,1887 430,1887 407,1879 273,1879 253,1885 185,1885 185,1852"/>
<Baseline points="185,1885 253,1885 273,1879 407,1879 430,1887 565,1887 590,1885 706,1885 734,1880 800,1880 821,1880 938,1880 956,1889 1111,1889 1132,1887 1343,1887 1364,1879 1404,1879"/>
<TextEquiv><Unicode>tant tabulam picturae cedere, aliis videtur picturam, qualiscunque sit</Unicode></TextEquiv>
</TextLine>

<TextLine id="line_32">
<Coords points="184,1896 303,1896 315,1897 434,1897 456,1898 509,1898 527,1899 613,1899 633,1899 752,1899 773,1899 878,1899 896,1908 969,1908 988,1898 1121,1898 1134,1898 1267,1898 1285,1898 1401,1898 1401,1927 1285,1927 1267,1935 1134,1935 1121,1928 988,1928 969,1932 896,1932 878,1928 773,1928 752,1928 633,1928 613,1927 527,1927 509,1927 456,1927 434,1926 315,1926 303,1925 184,1925 184,1896"/>
<Baseline points="184,1925 303,1925 315,1926 434,1926 456,1927 509,1927 527,1927 613,1927 633,1928 752,1928 773,1928 878,1928 896,1932 969,1932 988,1928 1121,1928 1134,1935 1267,1935 1285,1927 1401,1927"/>
<TextEquiv><Unicode>tabulae cedere: sed nobis videtur melius esse, tabulam picturae cedere.</Unicode></TextEquiv>
</TextLine>

<TextLine id="line_33">
<Coords points="186,1942 353,1942 378,1946 424,1946 449,1945 528,1945 555,1946 702,1946 724,1946 835,1946 855,1946 901,1946 920,1946 1071,1946 1090,1946 1120,1946 1140,1945 1337,1945 1361,1945 1403,1945 1403,1974 1361,1974 1337,1974 1140,1974 1120,1974 1090,1974 1071,1974 920,1974 901,1975 855,1975 835,1983 724,1983 702,1982 555,1982 528,1973 449,1973 424,1973 378,1973 353,1972 186,1972 186,1942"/>
<Baseline points="186,1972 353,1972 378,1973 424,1973 449,1973 528,1973 555,1982 702,1982 724,1983 835,1983 855,1975 901,1975 920,1974 1071,1974 1090,1974 1120,1974 1140,1974 1337,1974 1361,1974 1403,1974"/>
<TextEquiv><Unicode>Ridiculum est enim picturam Apellis vel Parrhasii in accessionem vi-</Unicode></TextEquiv>
</TextLine>

<TextLine id="line_34">
<Coords points="184,1989 312,1989 333,1991 452,1991 471,1991 585,1991 585,2021 471,2021 452,2019 333,2019 312,2019 184,2019 184,1989"/>
<Baseline points="184,2019 312,2019 333,2019 452,2019 471,2021 585,2021"/>
<TextEquiv><Unicode>lissimae tabulae cedere.</Unicode></TextEquiv>
</TextLine>

<TextLine id="line_35">
<Coords points="279,2036 345,2036 365,2037 419,2037 438,2037 549,2037 566,2039 619,2039 635,2039 777,2039 797,2039 994,2039 1011,2039 1087,2039 1106,2039 1146,2039 1165,2039 1190,2039 1211,2040 1248,2040 1270,2039 1288,2039 1307,2048 1332,2048 1353,2038 1402,2038 1402,2068 1353,2068 1332,2068 1307,2068 1288,2068 1270,2068 1248,2068 1211,2068 1190,2077 1165,2077 1146,2068 1106,2068 1087,2068 1011,2068 994,2077 797,2077 777,2068 635,2068 619,2068 566,2068 549,2067 438,2067 419,2066 365,2066 345,2065 279,2065 279,2036"/>
<Baseline points="279,2065 345,2065 365,2066 419,2066 438,2067 549,2067 566,2068 619,2068 635,2068 777,2068 797,2077 994,2077 1011,2068 1087,2068 1106,2068 1146,2068 1165,2077 1190,2077 1211,2068 1248,2068 1270,2068 1288,2068 1307,2068 1332,2068 1353,2068 1402,2068"/>
<TextEquiv><Unicode>Von der Schrift auf fremdem Pergamente wird im §. 33 l. c. die</Unicode></TextEquiv>
</TextLine>

<TextLine id="line_36">
<Coords points="183,2083 467,2083 498,2085 590,2085 620,2087 764,2087 795,2087 863,2087 896,2087 943,2087 972,2085 1082,2085 1111,2085 1177,2085 1207,2085 1402,2085 1402,2122 1207,2122 1177,2115 1111,2115 1082,2115 972,2115 943,2115 896,2115 863,2115 795,2115 764,2124 620,2124 590,2122 498,2122 467,2120 183,2120 183,2083"/>
<Baseline points="183,2120 467,2120 498,2122 590,2122 620,2124 764,2124 795,2115 863,2115 896,2115 943,2115 972,2115 1082,2115 1111,2115 1177,2115 1207,2122 1402,2122"/>
<TextEquiv><Unicode>entgegengesetzte Regel gegeben, dass die Schrift dem Pergamente</Unicode></TextEquiv>
</TextLine>

<TextLine id="line_37">
<Coords points="184,2128 274,2128 302,2130 396,2130 420,2140 505,2140 533,2132 581,2132 606,2132 795,2132 818,2132 945,2132 965,2133 1054,2133 1094,2132 1199,2132 1224,2132 1331,2132 1352,2132 1402,2132 1402,2161 1352,2161 1331,2160 1224,2160 1199,2162 1094,2162 1054,2162 965,2162 945,2171 818,2171 795,2162 606,2162 581,2161 533,2161 505,2160 420,2160 396,2159 302,2159 274,2167 184,2167 184,2128"/>
<Baseline points="184,2167 274,2167 302,2159 396,2159 420,2160 505,2160 533,2161 581,2161 606,2162 795,2162 818,2171 945,2171 965,2162 1054,2162 1094,2162 1199,2162 1224,2160 1331,2160 1352,2161 1402,2161"/>
<TextEquiv><Unicode>folge, selbst wenn die Buchstaben goldene seien. Dieser Zusatz be-</Unicode></TextEquiv>
</TextLine>

<TextLine id="line_38">
<Coords points="184,2175 276,2175 303,2176 371,2176 397,2177 452,2177 474,2178 569,2178 594,2179 643,2179 668,2179 766,2179 783,2179 1010,2179 1030,2179 1112,2179 1129,2178 1188,2178 1209,2178 1402,2178 1402,2215 1209,2215 1188,2207 1129,2207 1112,2207 1030,2207 1010,2216 783,2216 766,2208 668,2208 643,2208 594,2208 569,2207 474,2207 452,2206 397,2206 371,2205 303,2205 276,2211 184,2211 184,2175"/>
<Baseline points="184,2211 276,2211 303,2205 371,2205 397,2206 452,2206 474,2207 569,2207 594,2208 643,2208 668,2208 766,2208 783,2216 1010,2216 1030,2207 1112,2207 1129,2207 1188,2207 1209,2215 1402,2215"/>
<TextEquiv><Unicode>weist, dass der Jurist bei seiner Entscheidung nicht den Vermögens-</Unicode></TextEquiv>
</TextLine>

<TextLine id="line_39">
<Coords points="184,2222 280,2222 308,2222 363,2222 392,2224 595,2224 628,2226 847,2226 884,2226 1013,2226 1042,2236 1098,2236 1128,2226 1186,2226 1216,2225 1322,2225 1350,2226 1403,2226 1403,2254 1350,2254 1322,2254 1216,2254 1186,2254 1128,2254 1098,2254 1042,2254 1013,2255 884,2255 847,2263 628,2263 595,2254 392,2254 363,2251 308,2251 280,2251 184,2251 184,2222"/>
<Baseline points="184,2251 280,2251 308,2251 363,2251 392,2254 595,2254 628,2263 847,2263 884,2255 1013,2255 1042,2254 1098,2254 1128,2254 1186,2254 1216,2254 1322,2254 1350,2254 1403,2254"/>
<TextEquiv><Unicode>werth der schriftlichen Composition, sondern nur den Werth der</Unicode></TextEquiv>
</TextLine>

<TextLine id="line_40">
<Coords points="184,2268 408,2268 425,2271 467,2271 486,2273 570,2273 596,2273 687,2273 708,2273 799,2273 819,2273 996,2273 1017,2283 1050,2283 1070,2273 1146,2273 1165,2272 1231,2272 1250,2272 1403,2272 1403,2301 1250,2301 1231,2301 1165,2301 1146,2302 1070,2302 1050,2302 1017,2302 996,2311 819,2311 799,2302 708,2302 687,2307 596,2307 570,2309 486,2309 467,2299 425,2299 408,2299 184,2299 184,2268"/>
<Baseline points="184,2299 408,2299 425,2299 467,2299 486,2309 570,2309 596,2307 687,2307 708,2302 799,2302 819,2311 996,2311 1017,2302 1050,2302 1070,2302 1146,2302 1165,2301 1231,2301 1250,2301 1403,2301"/>
<TextEquiv><Unicode>Schreibarbeit im Auge hatte, deren Vergütung er auch dem redlichen</Unicode></TextEquiv>
</TextLine>

<TextLine id="line_41">
<Coords points="183,2315 318,2315 341,2316 394,2316 420,2318 652,2318 677,2320 886,2320 907,2319 1002,2319 1029,2320 1078,2320 1103,2319 1240,2319 1266,2318 1327,2318 1355,2329 1401,2329 1401,2348 1355,2348 1327,2348 1266,2348 1240,2356 1103,2356 1078,2349 1029,2349 1002,2349 907,2349 886,2358 677,2358 652,2349 420,2349 394,2346 341,2346 318,2345 183,2345 183,2315"/>
<Baseline points="183,2345 318,2345 341,2346 394,2346 420,2349 652,2349 677,2358 886,2358 907,2349 1002,2349 1029,2349 1078,2349 1103,2356 1240,2356 1266,2348 1327,2348 1355,2348 1401,2348"/>
<TextEquiv><Unicode>Besitzer des beschriebenen Pergamentes durch die exceptio doli zu-</Unicode></TextEquiv>
</TextLine>

<TextLine id="line_42">
<Coords points="183,2363 304,2363 304,2392 183,2392 183,2363"/>
<Baseline points="183,2392 304,2392"/>
<TextEquiv><Unicode>sichert.</Unicode></TextEquiv>
</TextLine>

</TextRegion>
</Page>
</PcGts>