1600 2666
53 142 1202 205 I. Cap. Begriff, SouverainetätsVerhältnisse, u. s. w.
610 1526 736 1575 §. 28.
385 1609 969 1654 2) zu einem StaatenSystem.
180 1684 1302 1742 Sind souveraine Staaten durch Gesellschaft-
54 1744 1301 1817 recht, nicht unter gemeinschaftlicher Obergewalt,
58 1834 1301 1888 für einen bestimmten Zweck bleibend vereinigt,
68 1898 1303 1965 so bilden sie ein StaatenSystem a), einen Staa-
63 1982 1304 2039 tenbund (StaatenSocietät, System vereinigter oder
61 2042 1304 2112 verbündeter Staaten, Systema civitatum foederata-
60 2128 1302 2191 rum seu achaicarum). Wenn gleich so vereinigte
45 2188 1301 2258 Staaten, andern mit ihnen nicht vereinigten Staa-
62 2275 1302 2332 ten gegenüber, zusammen in das Verhältniſs ei-
61 2348 1300 2408 ner unabhängigen moralischen Person, einer völ-
1237 134 1286 204 57
136 253 1293 299 hum., cons. V, n. 67 sqq. Olenschlager’s Erläuterung der
110 307 1293 354 goldenen Bulle K. Carls IV, S. 66 u. 357. — Auf dem wie-
139 361 1294 404 ner Congreſs wurden nach gleichem Recht mit den Staaten des
139 406 1296 458 Königs von Sardinien auf immer vereinigt (unio realis aequa-
135 466 1297 511 lis perpetua), die Staaten welche früher die Republik Genua
133 506 1298 570 gebildet hatten, und die Bezirke der ehemaligen Feudi impé-
133 563 1334 622 riali die mit der ligurischen Republik waren vereinigt wor-
134 623 1298 669 den. Acte final du congrès de Vienne, art. 85 — 89. Acten
137 678 1183 728 des wiener Congresses, Bd. VI, S. 77, 182, 194 u. 202.
149 717 1299 775 So wurden im J. 1815 die Vereinigten Niederlande (Holland)
141 779 1299 829 und die vormaligen belgischen Provinzen zusammengeschmol-
146 838 1299 883 zen, unter dem Namen Königreich der Niederlande. Acte
127 890 1302 936 final du congrès de Vienne, art. 65 et 73. Der angef. Traité
141 943 1302 987 du Roi des Pays-Bas etc. v. 31. Mai 1815, Art. 1, nebst dem
137 996 1298 1041 Anhang zu dem 8. Art., in Klüber’s Acten des wiener Congr.,
136 1044 1302 1092 Bd. VI, S. 168 u. 175 ff. — Von der beständigen RealUnion
138 1101 1302 1142 des schwedischen Finnlandes mit dem russischen Reich, s. man
140 1150 1303 1195 das kaiserl. Manifest vom 20. März 1808, in v. Martens re-
142 1206 1302 1253 cueil, Supplém. V. 9. 23. — Vereinigung der Herrschaft Jever
141 1259 1303 1305 mit dem Herzogthum Oldenburg im J. 1818 (nicht 1813), in
125 1313 1304 1359 v. Marten’s recueil, Supplém. VII. 296. — Von den Herzog-
126 1361 1310 1422 thümern Curland und Semgallen, unten §. 33, Note b. —
146 1392 785 1470 Von Gerisau, unten §. 29, Note f.
