1600 2628
408 184 1577 260 Einl. VI. Cap. Quellen des teutschen
275 311 1539 402 kunft oder Compromiſs nicht gehoben wird a).
276 399 1460 466 II) Ist aber die Sache rechtshängig vor der
276 474 1477 535 competenten Justizbehörde eines Bundes-
276 540 1464 612 staates, so gebührt dieser die Entscheidung b).
276 616 1464 684 III) Bis zu der Entscheidung, muſs der Be-
276 695 1463 765 sitzstand (Status quo, das Uti possidetis)
276 776 778 837 geachtet werden c).
786 1397 965 1450 §. 65.
663 1517 1093 1558 Parallelismus.
374 1601 1488 1692 Von der Analogie, unterscheidet sich der
280 1679 1471 1757 Parallelismus a); eine Zusammenstellung
282 1766 1513 1828 und Vergleichung solcher vertragmäsigen Be-
282 1832 1472 1902 stimmungen, Gesetzstellen, Rechtsätze oder
281 1903 1471 1978 Erklärungen, welche ganz oder zum Theil
284 1983 1473 2048 gleichlautend oder gleichbedeutend sind, oder
284 2054 1472 2129 sonst in gegenseitiger Beziehung stehen b). Er
282 2134 1473 2192 bezieht sich bald bloſs auf Worte (verbalis),
285 2196 1473 2269 bald auch auf Sachen (realis). Als erklä-
284 2280 1474 2348 rendes Hülfmittel ist er, eingeschränkt
285 2357 1479 2421 auf Rechtsverhältnisse derselben Art, auch im
383 917 784 958 Bundesacte, Art. 11.
381 994 1469 1050 Ob und wann eine Remissoria an die Bundesversamm-
377 1062 1188 1110 lung erkannt werden könne, oder müsse?
380 1146 1468 1196 Geisler l. c. §. 11. Von der Vorsicht, in dem Ge-
388 1202 1469 1254 brauch der Analogie, s. P. A. Franks Grundbetrach-
387 1264 1116 1315 tungen über Staat und Kirche, 57 f.
