1600 2666
269 261 1534 331 aller Mächte gegenseitig in dem Zustand natür-
266 340 1514 406 licher Unabhängigkeit und Gleichheit. Daher
267 410 1515 479 ist, ohne Verträge, keine Macht berechtigt, von
270 489 1518 549 fremden Schiffen für die ihrigen irgend eine Eh-
268 557 1527 630 renbezeugung daselbst zu fordern a). Dem zu-
268 635 1518 703 folge haben mehrere Mächte sogar durch Ver-
269 711 1520 785 träge den Schiffgruſs auf offener See, entweder
268 773 1521 851 ganz b) oder zum Theil c), abgeschafft. Ande-
267 849 1527 923 re hingegen beharren auch hier fest bei der äl-
268 929 1520 988 tern Sitte des Salutirens, zum Theil so streng,
264 1004 1517 1069 daſs sie dessen Weigerung oder unvollständige
268 1077 1514 1149 Bewirkung, nach fruchtloser Aufforderung durch
269 1149 1518 1216 einen Schuſs mit losem Kraut, mit Scharfschüs-
273 1233 577 1296 sen ahnden.
821 1848 984 1904 §. 122.
729 1887 1081 1996 Gebrauch deſshalb.
405 1989 1526 2069 Wenn Verträge a) nichts bestimmen über
284 2080 1556 2136 das Ceremoniel auf offener See, so wird meist
283 2154 1529 2219 folgender Gebrauch befolgt. Kauffartheischiffe
288 2232 1529 2293 geben Kriegsschiffen den Gruſs durch Canonen-
288 2291 1500 2374 schüsse, Segelstreichen und Flaggenstreichen;
288 2369 1529 2461 doch wird ihnen, wenn sie in vollem Lauf sind,
271 175 342 222 194
380 155 1509 216 II. Th. I. Tit. Unbedingte Rechte d. europ. Staaten.
380 1313 1523 1362 Bynkershoek l. c. Dasselbe gilt von dem Fall, wenn Schiffe
359 1370 1524 1423 zweier Mächte in dem Seegebiet einer dritten Macht sich
334 1424 1524 1473 begegnen; so fern diese nicht eigene Bestimmungen darüber
359 1481 769 1527 gemacht hat (§. 120).
379 1541 1523 1597 Beispiele in Wenck cod. jur. gent. II. 72. De Martens
360 1592 1521 1649 recueil, III. 13. Vergl. auch v. Moser’s kleine Schriften,
363 1646 668 1686 XII. 22.
375 1702 1522 1773 Beispiel von 1692, bei Du Mont, corps dipl. T. VII. P. 2.
363 1761 1342 1813 p. 310.
