1600 2628
152 198 1244 291 Sriftung d rhein. u. d. teutsch. Bundes.
151 340 1373 421 bergs und Badens c). Er hatte, nach einem
155 420 1343 491 neuen Krieg mit Oestreich, in welchem er
151 492 1346 568 das preuſsische neutrale Gebiet in Franken
161 566 1349 642 durch unbewilligten TruppenDurchmarsch
161 645 1350 715 verletzte, durch den presburger Frieden (26.
164 722 1356 785 Dec. 1805) Oestreichs Macht abermal be-
162 795 1358 868 deutend geschwächt, Baiern vergrössert, und
168 871 1360 925 nicht nur den Kurfürsten von Baiern und
173 947 1361 1014 Wirtemberg die Königswürde, sondern auch
174 1023 1363 1074 ihnen und dem Kurfürsten von Baden eine
174 1095 1114 1157 relative Souverainetät d) verschafft.
704 2104 1346 2151 §. 28.
574 2199 1022 2248 Fortsetzung.
305 2280 1396 2350 Napoleon hatte Preuſsen genöthigt, gegen
214 2350 1400 2418 Abtretung Ansbachs, Neufchatels, und des
1277 208 1342 261 45
283 1196 1264 1262 Im Febr. 1803. Europ. Annalen, 1803, II. 145 f.
287 1288 1371 1339 Russischer (noch ungedruckter) Entwurf eines Bundes
296 1344 1373 1386 der genannten Staaten, dessen Häupter und Protectoren
292 1395 1375 1440 Ruſsland und Preussen seyn sollten, vorgelegt zu Ber-
297 1453 677 1495 lin im Herbst 1803.
292 1489 1373 1556 Sept. — Dec. 1805. Klübers Staatsr. des Rheinbundes,
302 1558 1054 1604 §. 134, Note b; §. 135, Note c.
305 1616 1381 1671 (K. F. A. P. v. Dalwigks) Publicist. Erörterung der in
299 1672 1382 1722 d. presb. Fr. begründeten Souverainetät der Häuser
300 1722 1381 1783 Baiern, Wirtemberg u. Baden. Hadamar 1806. 8. Rhein.
307 1785 1383 1840 Bund, IV. 68 ff. Zufällige Gedanken — — ob durch
310 1848 1387 1901 die rhein. BundesActe den neuen Souveränen eine grös-
310 1903 1389 1960 sere Gewalt beigelegt worden sey, als sie vorhin ge-
308 1960 1221 2013 habt haben? (Ohne Druckort) 1807. 8.) S. 19.
