1600 2666
3 251 1272 311 be Beleidigung a). Dagegen ist, in dem Fall
29 315 1269 391 eines Zwistes, und noch mehr einer Revolution,
2 400 1270 460 einer Aufkündigung des Gehorsams von Seite ei-
23 458 1275 539 nes Landestheils, oder einer Entthronung des
23 533 1272 614 Regenten, einstweilige Anerkennung des Besitz-
15 616 1269 683 standes nicht Beleidigung des andern Theils,
12 676 1267 757 auf jeden Fall unverfänglich für dessen Rechte b).
2 753 1278 837 Sind die streitenden Theile ausgesöhnt, etwa
15 815 1270 906 durch Verzichtleistung des einen, oder durch
10 895 1269 977 dessen Anerkennung der Rechte des andern Theils,
20 965 1268 1053 oder hört der Streit auf durch den Tod des
0 1034 1269 1116 Prätendenten c), so sind fremde Staaten schul-
25 1117 1285 1236 dig, die Resultate der Beilegung des Streites
25 1208 371 1268 anzuerkennen.
566 1646 705 1691 §. 53.
326 1718 948 1771 V) die Staatsregierung.
484 1792 897 1835 1) Oberaufsicht.
143 1829 1276 1927 Dieselbe Unabhängigkeit gebührt jedem Staat
18 1918 1272 2000 in Absicht auf die Staatsregierung oder Ausübung
19 2017 1266 2086 der Staatsgewalt, das heiſst, des Inbegriffs der in-
17 2074 1289 2147 nern Hoheitsrechte in dem ganzen Staatsgebiet,
17 2164 1266 2229 und über alle Unterthanen, beständige und tem-
14 2228 1293 2293 poräre. Die höchste Oberaufsicht, das Recht
15 2307 1274 2370 fortwährender Aufmerksamkeit auf Alles, was
1217 142 1276 198 95
143 123 1090 200 II. Cap. Recht der Unabhängigkeit.
65 1288 1301 1350 J. C. G. de Steck observation. subsec., obs. 16. Schriften
108 1361 692 1400 in v. Kamptz neuer Lit. §. 104.
126 1423 1025 1470 Vergl. v. Martens Einl. in d. europ. VR. §. 72.
126 1463 1270 1540 Godofr. Achenwall diss. de jure in aemulum regni, vulgo
106 1533 693 1582 Praetendentem. Marb. 1747. 4.
