1600 2666
619 821 769 870 §. 119.
496 900 884 943 Fortsetzung.
191 984 1316 1061 Ausserdem gehört noch hieher 4) das Vivat-
33 1059 1318 1135 rufen (salut de la voix), durch ein ein-, drei-, fünf-
19 1118 1317 1208 oder siebenmaliges Lebehoch (vive le ....);
72 1191 1320 1279 es erfolgt nach Lösung der Canonen, oder auch
16 1271 1315 1339 wenn diese nicht statt haben kann oder darf a).
38 1341 1319 1421 5) Das Abfeuern des kleinen Gewehrs (salut de
33 1418 1319 1502 la mousqueterie), indem man eine oder drei
73 1500 1319 1558 Salven aus dem kleinen Gewehr giebt. Es ist
35 1562 1318 1633 üblich bei gewissen Festen und Feierlichkeiten,
71 1635 1321 1707 und geschieht vor Lösung der Canonen. 6) Aus-
71 1710 1317 1775 serdem sind noch Merkmale der Höflichkeit,
27 1786 1321 1857 daſs das Schiff sich unter den Wind legt, daſs
69 1859 1321 1930 es einen oder mehrere Offiziere an Bord des
55 1938 1320 2000 andern sendet, oder unter dessen Flagge kommt b).
33 2014 1343 2077 Erwiedert werden, kann der Gruſs nur durch
76 2073 1323 2146 Canonenschüsse c) und Vivatrufen; doch antwor-
52 2148 1322 2230 tet zuweilen eine Festung auch durch das Auf-
75 2221 924 2314 stecken eines Wimpels (flamme).
1239 161 1307 207 191
137 135 1054 211 III. Cap. Recht der Gleichheit.
162 255 1310 302 Eine Begrüssung mit sieben und zwanzig Canonenschüssen,
31 302 1312 358 lieſs sich Groſsbritannien für seine Kriegsschiffe versprechen,
80 352 1313 419 in dem Friedens- und Handelsvertrag mit Tripolis, von 1751,
148 414 1314 459 Art. 18. Wenck cod. jur. gent. II. 578. Die schwedischen
148 466 1315 512 Kriegsschiffe geben den Gruſs meist mit Schüssen in gleicher
148 520 1320 568 Zahl. — Von dem Scharfschiessen, als einer Auszeichnung,
146 571 847 621 v. Moser’s kleine Schriften, XII. 23.
168 629 1335 676 Friede von Friedrichshamm, zwischen Ruſsland u. Schwe-
147 689 1313 754 den, vom 17. Sept. 1809; in v. Martens recueil, Supplém.
128 747 1145 792 V. 29.
192 2306 1326 2388 z. B. bei Aufsteckung der Admiralflagge, oder wenn ein
160 2380 1130 2424 Schiff einem AdmiralSchiff seines Staates begegnet.
