1600 2666
824 537 934 584 §. 4.
729 628 1022 674 2) Analogie.
335 669 1496 779 II) Eine zweite Quelle ist die Analogie;
237 772 1499 840 eine aus positiven völkerrechtlichen Bestimmun-
220 841 1500 925 gen, für ähnliche oder für entgegengesetzte Fälle
250 919 1498 999 (durch Argumente a simili aut a contrario, von
249 993 1497 1070 Harmonie oder Disharmonie völkerrechtlicher Be-
235 1072 1494 1147 stimmungen), abgeleitete Handlungsvorschrift a).
238 1142 1496 1213 Nur subsidiarisch, wenn es an unzweifelhaften
245 1210 1497 1288 vertragmäsigen Bestimmungen fehlt, ist sie an-
230 1295 1497 1358 wendbar. Durch Analogie können nicht nur man-
226 1354 1496 1439 gelhafte, oder unvollständige vertragmäsige Be-
243 1437 1497 1524 stimmungen ergänzt, sondern sogar neue begrün-
244 1510 1493 1616 det werden. Auch kann sie als Auslegungsregel
247 1590 508 1639 dienen b).
822 1850 930 1920 §. 5.
530 1934 1203 2019 3) Natürliches Völkerrecht.
260 2036 1488 2127 III) So oft weder Verträge noch Analogie
219 2071 1489 2188 für das Rechtsverhältniſs unter unabhängigen
230 2194 1488 2275 Staaten hinlängliche Bestimmung liefern, muſs
239 2246 1489 2339 dieselbe aus dem natürlichen Völkerrecht a)
226 2330 1491 2398 genommen werden. Auch ist dieses ein wichti-
463 130 1307 201 Einleitung. Vorbereitender Theil.
347 233 1498 292 Wie das römische Recht in der Fiction bei Quasi-Contracten,
328 278 1499 344 nehmen Etliche Einwilligung der Völker zu gewissen Gewohn-
336 345 1498 400 heiten an, weil dieselbe ihrem Interesse gemäſs sey. Man s.
311 397 873 461 aber Günther a. a. O. I. 17.
349 1688 1422 1751 Klüber’s öffentl. Recht des teutschen Bundes, §. 61—64.
342 1740 1491 1831 Die Induction ist anders nichts als ein analogisches Product.
