<?xml version="1.0" encoding="UTF-8"?>
<PcGts xmlns="http://schema.primaresearch.org/PAGE/gts/pagecontent/2019-07-15" xmlns:xsi="http://www.w3.org/2001/XMLSchema-instance" xsi:schemaLocation="http://schema.primaresearch.org/PAGE/gts/pagecontent/2019-07-15 http://schema.primaresearch.org/PAGE/gts/pagecontent/2019-07-15/pagecontent.xsd">
<Metadata>
<Creator>regJS2PAGE.py</Creator>
<Created>2021-02-16T10:55:13.625428</Created>
<LastChange>2021-02-16T10:55:13.625428</LastChange>
</Metadata>
<Page imageFilename="tmp/klueber_recht_1817_0305.png" imageWidth="1600" imageHeight="2628">
<TextRegion id="block_0" custom="structure {type:body;}">
<Coords points="613,1009 613,1058 613,1068 147,1068 147,1147 147,1159 435,1159 435,1207 435,1225 200,1225 200,1307 200,1286 149,1286 149,1378 150,1374 150,1465 137,1452 137,1536 137,1518 137,1614 140,1608 140,1691 150,1669 150,1755 152,1757 152,1833 153,1824 153,1912 155,1889 155,1973 155,1983 155,2048 149,2042 149,2133 156,2124 156,2200 154,2189 154,2268 155,2256 155,2357 1332,2357 1332,2256 1330,2268 1330,2189 1426,2189 1426,2200 1426,2124 1339,2124 1339,2133 1339,2042 1332,2048 1332,1983 1334,1973 1334,1889 1332,1912 1332,1824 1330,1833 1330,1757 1330,1755 1330,1669 1324,1691 1324,1608 1327,1614 1327,1518 1321,1536 1321,1452 1329,1465 1329,1374 1327,1378 1327,1286 1325,1307 1325,1225 1014,1225 1014,1207 1014,1159 1334,1159 1334,1147 1334,1068 817,1068 817,1058 817,1009 613,1009"/>
<TextLine id="line_0">
<Coords points="613,1009 649,1009 717,1010 817,1010 817,1058 717,1058 649,1057 613,1057 613,1009"/>
<Baseline points="613,1057 649,1057 717,1058 817,1058"/>
<TextEquiv><Unicode>§. 184.</Unicode></TextEquiv>
</TextLine>

<TextLine id="line_1">
<Coords points="147,1068 433,1068 455,1109 505,1109 535,1108 766,1108 831,1100 1033,1100 1070,1098 1119,1098 1150,1096 1334,1096 1334,1137 1150,1137 1119,1131 1070,1131 1033,1142 831,1142 766,1147 535,1147 505,1143 455,1143 433,1145 147,1145 147,1068"/>
<Baseline points="147,1145 433,1145 455,1143 505,1143 535,1147 766,1147 831,1142 1033,1142 1070,1131 1119,1131 1150,1137 1334,1137"/>
<TextEquiv><Unicode>Minderjährigkeit des Thronfolgers. Unfähigkeit des Regenten.</Unicode></TextEquiv>
</TextLine>

<TextLine id="line_2">
<Coords points="435,1165 670,1165 721,1159 1014,1159 1014,1199 721,1199 670,1207 435,1207 435,1165"/>
<Baseline points="435,1207 670,1207 721,1199 1014,1199"/>
<TextEquiv><Unicode>Regentschaft. Thronerledigung.</Unicode></TextEquiv>
</TextLine>

<TextLine id="line_3">
<Coords points="200,1225 288,1225 306,1249 845,1249 866,1243 1022,1243 1043,1241 1121,1241 1138,1241 1325,1241 1325,1283 1138,1283 1121,1286 1043,1286 1022,1288 866,1288 845,1307 306,1307 288,1277 200,1277 200,1225"/>
<Baseline points="200,1277 288,1277 306,1307 845,1307 866,1288 1022,1288 1043,1286 1121,1286 1138,1283 1325,1283"/>
<TextEquiv><Unicode>Das regierungsfähige Alter des Thron-</Unicode></TextEquiv>
</TextLine>

<TextLine id="line_4">
<Coords points="149,1286 307,1286 350,1322 409,1322 451,1337 640,1337 686,1324 798,1324 842,1313 1327,1313 1327,1374 842,1374 798,1369 686,1369 640,1378 451,1378 409,1367 350,1367 307,1370 149,1370 149,1286"/>
<Baseline points="149,1370 307,1370 350,1367 409,1367 451,1378 640,1378 686,1369 798,1369 842,1374 1327,1374"/>
<TextEquiv><Unicode>folgers ist staats-, oder familiengesetzlich,</Unicode></TextEquiv>
</TextLine>

<TextLine id="line_5">
<Coords points="150,1374 249,1374 288,1405 614,1405 634,1445 637,1445 658,1393 897,1393 916,1390 974,1390 1022,1374 1113,1374 1147,1403 1209,1403 1243,1391 1329,1391 1329,1430 1243,1430 1209,1441 1147,1441 1113,1436 1022,1436 974,1449 916,1449 897,1447 658,1447 637,1459 634,1459 614,1465 288,1465 249,1462 150,1462 150,1374"/>
<Baseline points="150,1462 249,1462 288,1465 614,1465 634,1459 637,1459 658,1447 897,1447 916,1449 974,1449 1022,1436 1113,1436 1147,1441 1209,1441 1243,1430 1329,1430"/>
<TextEquiv><Unicode>oder vertragmäsig bestimmt a). Bis zu Er-</Unicode></TextEquiv>
</TextLine>

<TextLine id="line_6">
<Coords points="137,1452 359,1452 395,1479 652,1479 688,1487 823,1487 858,1470 963,1470 997,1463 1321,1463 1321,1524 997,1524 963,1513 858,1513 823,1520 688,1520 652,1531 395,1531 359,1536 137,1536 137,1452"/>
<Baseline points="137,1536 359,1536 395,1531 652,1531 688,1520 823,1520 858,1513 963,1513 997,1524 1321,1524"/>
<TextEquiv><Unicode>reichung desselben, wenn dem Thronfolger</Unicode></TextEquiv>
</TextLine>

<TextLine id="line_7">
<Coords points="137,1518 230,1518 233,1538 490,1538 515,1551 768,1551 788,1551 862,1551 896,1544 989,1544 1018,1542 1152,1542 1187,1557 1327,1557 1327,1586 1187,1586 1152,1593 1018,1593 989,1588 896,1588 862,1596 788,1596 768,1614 515,1614 490,1599 233,1599 230,1595 137,1595 137,1518"/>
<Baseline points="137,1595 230,1595 233,1599 490,1599 515,1614 768,1614 788,1596 862,1596 896,1588 989,1588 1018,1593 1152,1593 1187,1586 1327,1586"/>
<TextEquiv><Unicode>die Succession angefallen ist, und auch, wenn</Unicode></TextEquiv>
</TextLine>

<TextLine id="line_8">
<Coords points="140,1608 255,1608 304,1625 411,1625 459,1624 910,1624 927,1650 940,1650 997,1620 1140,1620 1189,1619 1324,1619 1324,1662 1189,1662 1140,1686 997,1686 940,1673 927,1673 910,1691 459,1691 411,1676 304,1676 255,1661 140,1661 140,1608"/>
<Baseline points="140,1661 255,1661 304,1676 411,1676 459,1691 910,1691 927,1673 940,1673 997,1686 1140,1686 1189,1662 1324,1662"/>
<TextEquiv><Unicode>nach dem Regierungsantritt, durch einen</Unicode></TextEquiv>
</TextLine>

<TextLine id="line_9">
<Coords points="150,1669 242,1669 244,1706 348,1706 383,1708 497,1708 528,1700 879,1700 915,1697 1029,1697 1062,1694 1202,1694 1237,1693 1330,1693 1330,1736 1237,1736 1202,1737 1062,1737 1029,1755 915,1755 879,1752 528,1752 497,1752 383,1752 348,1749 244,1749 242,1730 150,1730 150,1669"/>
<Baseline points="150,1730 242,1730 244,1749 348,1749 383,1752 497,1752 528,1752 879,1752 915,1755 1029,1755 1062,1737 1202,1737 1237,1736 1330,1736"/>
<TextEquiv><Unicode>Körper- oder Geistesfehler, oder durch Ab-</Unicode></TextEquiv>
</TextLine>

<TextLine id="line_10">
<Coords points="152,1757 397,1757 430,1782 564,1782 599,1757 1009,1757 1042,1768 1122,1768 1146,1769 1330,1769 1330,1824 1146,1824 1122,1810 1042,1810 1009,1831 599,1831 564,1833 430,1833 397,1822 152,1822 152,1757"/>
<Baseline points="152,1822 397,1822 430,1833 564,1833 599,1831 1009,1831 1042,1810 1122,1810 1146,1824 1330,1824"/>
<TextEquiv><Unicode>wesenheit (z. B. Gefangenschaft) des Regen-</Unicode></TextEquiv>
</TextLine>

<TextLine id="line_11">
<Coords points="153,1824 246,1824 278,1843 730,1843 746,1830 1058,1830 1086,1838 1259,1838 1276,1833 1332,1833 1332,1895 1276,1895 1259,1900 1086,1900 1058,1901 746,1901 730,1912 278,1912 246,1890 153,1890 153,1824"/>
<Baseline points="153,1890 246,1890 278,1912 730,1912 746,1901 1058,1901 1086,1900 1259,1900 1276,1895 1332,1895"/>
<TextEquiv><Unicode>ten, Regierungsunfähigkeit erfolgt b),</Unicode></TextEquiv>
</TextLine>

<TextLine id="line_12">
<Coords points="155,1889 434,1889 453,1928 529,1928 553,1922 849,1922 869,1913 1166,1913 1183,1945 1194,1945 1230,1916 1334,1916 1334,1958 1230,1958 1194,1965 1183,1965 1166,1973 869,1973 849,1970 553,1970 529,1970 453,1970 434,1973 155,1973 155,1889"/>
<Baseline points="155,1973 434,1973 453,1970 529,1970 553,1970 849,1970 869,1973 1166,1973 1183,1965 1194,1965 1230,1958 1334,1958"/>
<TextEquiv><Unicode>desgleichen bei erloschener Thronfolge, tritt</Unicode></TextEquiv>
</TextLine>

<TextLine id="line_13">
<Coords points="155,1983 210,1983 227,1992 329,1992 354,1998 420,1998 455,2002 772,2002 817,1993 866,1993 914,1991 1020,1991 1067,1991 1164,1991 1204,1990 1332,1990 1332,2048 1204,2048 1164,2034 1067,2034 1020,2034 914,2034 866,2036 817,2036 772,2047 455,2047 420,2043 354,2043 329,2036 227,2036 210,2016 155,2016 155,1983"/>
<Baseline points="155,2016 210,2016 227,2036 329,2036 354,2043 420,2043 455,2047 772,2047 817,2036 866,2036 914,2034 1020,2034 1067,2034 1164,2034 1204,2048 1332,2048"/>
<TextEquiv><Unicode>— wie in Wahlstaaten in dem Fall einer</Unicode></TextEquiv>
</TextLine>

<TextLine id="line_14">
<Coords points="149,2042 628,2042 647,2072 1005,2072 1020,2088 1080,2088 1094,2063 1199,2063 1216,2078 1339,2078 1339,2106 1216,2106 1199,2111 1094,2111 1080,2103 1020,2103 1005,2130 647,2130 628,2133 149,2133 149,2042"/>
<Baseline points="149,2133 628,2133 647,2130 1005,2130 1020,2103 1080,2103 1094,2111 1199,2111 1216,2106 1339,2106"/>
<TextEquiv><Unicode>Zwischenregierung (Interregnum) — eine aus-</Unicode></TextEquiv>
</TextLine>

<TextLine id="line_15">
<Coords points="156,2124 654,2124 705,2146 1173,2146 1227,2140 1426,2140 1426,2198 1227,2198 1173,2200 705,2200 654,2192 156,2192 156,2124"/>
<Baseline points="156,2192 654,2192 705,2200 1173,2200 1227,2198 1426,2198"/>
<TextEquiv><Unicode>serordentliche Staatsverwaltung, eine</Unicode></TextEquiv>
</TextLine>

<TextLine id="line_16">
<Coords points="154,2189 187,2189 200,2204 590,2204 634,2221 707,2221 725,2235 738,2235 783,2220 884,2220 924,2209 1330,2209 1330,2259 924,2259 884,2260 783,2260 738,2268 725,2268 707,2261 634,2261 590,2263 200,2263 187,2250 154,2250 154,2189"/>
<Baseline points="154,2250 187,2250 200,2263 590,2263 634,2261 707,2261 725,2268 738,2268 783,2260 884,2260 924,2259 1330,2259"/>
<TextEquiv><Unicode>Regentschaft ein; eine vormundschaft-</Unicode></TextEquiv>
</TextLine>

<TextLine id="line_17">
<Coords points="155,2256 281,2256 301,2291 408,2291 440,2294 952,2294 984,2288 1183,2288 1211,2279 1332,2279 1332,2324 1211,2324 1183,2339 984,2339 952,2357 440,2357 408,2337 301,2337 281,2326 155,2326 155,2256"/>
<Baseline points="155,2326 281,2326 301,2337 408,2337 440,2357 952,2357 984,2339 1183,2339 1211,2324 1332,2324"/>
<TextEquiv><Unicode>liche oder InterimsRegierung, Reichs- oder</Unicode></TextEquiv>
</TextLine>

</TextRegion>
<TextRegion id="block_1" custom="structure {type:pageNum;}">
<Coords points="1222,142 1222,184 1310,184 1310,142 1222,142"/>
<TextLine id="line_18">
<Coords points="1222,142 1310,142 1310,184 1222,184 1222,142"/>
<Baseline points="1222,184 1310,184"/>
<TextEquiv><Unicode>281</Unicode></TextEquiv>
</TextLine>

</TextRegion>
<TextRegion id="block_2" custom="structure {type:header;}">
<Coords points="391,135 391,204 1113,204 1113,135 391,135"/>
<TextLine id="line_19">
<Coords points="391,137 489,137 523,136 599,136 633,135 1113,135 1113,204 633,204 599,183 523,183 489,183 391,183 391,137"/>
<Baseline points="391,183 489,183 523,183 599,183 633,204 1113,204"/>
<TextEquiv><Unicode>und das Staatsoberhaupt.</Unicode></TextEquiv>
</TextLine>

</TextRegion>
<TextRegion id="block_3" custom="structure {type:note;}">
<Coords points="234,253 234,316 222,313 222,370 235,400 235,463 235,454 235,521 235,522 168,522 168,574 168,580 198,580 198,631 198,654 233,654 233,714 233,718 195,718 195,779 195,782 238,782 238,831 234,857 234,920 870,920 870,857 1237,857 1237,831 1237,782 1318,782 1318,779 1318,718 1318,714 1318,654 901,654 901,631 901,580 1319,580 1319,574 1319,522 1315,521 1315,454 1314,463 1314,400 994,400 994,370 994,313 1312,313 1312,316 1312,253 234,253"/>
<TextLine id="line_20">
<Coords points="234,253 284,253 306,264 493,264 519,271 722,271 736,297 746,297 770,283 803,283 832,276 934,276 959,270 993,270 1021,273 1082,273 1104,278 1141,278 1169,267 1312,267 1312,305 1169,305 1141,302 1104,302 1082,305 1021,305 993,315 959,315 934,312 832,312 803,308 770,308 746,312 736,312 722,314 519,314 493,304 306,304 284,316 234,316 234,253"/>
<Baseline points="234,316 284,316 306,304 493,304 519,314 722,314 736,312 746,312 770,308 803,308 832,312 934,312 959,315 993,315 1021,305 1082,305 1104,302 1141,302 1169,305 1312,305"/>
<TextEquiv><Unicode>die landständ. Verfassung, v. 1816, §. 126 u. 128; in</Unicode></TextEquiv>
</TextLine>

<TextLine id="line_21">
<Coords points="222,313 402,313 429,328 668,328 692,331 753,331 780,329 820,329 849,330 883,330 919,324 994,324 994,364 919,364 883,363 849,363 820,370 780,370 753,364 692,364 668,370 429,370 402,361 222,361 222,313"/>
<Baseline points="222,361 402,361 429,370 668,370 692,364 753,364 780,370 820,370 849,363 883,363 919,364 994,364"/>
<TextEquiv><Unicode>Klübers Staatsarchiv, Bd. I, S. 201.</Unicode></TextEquiv>
</TextLine>

<TextLine id="line_22">
<Coords points="235,400 412,400 439,414 502,414 516,415 588,415 611,420 667,420 725,416 904,416 933,414 999,414 1021,412 1054,412 1077,412 1189,412 1217,412 1253,412 1272,408 1314,408 1314,463 1272,463 1253,458 1217,458 1189,453 1077,453 1054,455 1021,455 999,447 933,447 904,449 725,449 667,455 611,455 588,448 516,448 502,448 439,448 412,445 235,445 235,400"/>
<Baseline points="235,445 412,445 439,448 502,448 516,448 588,448 611,455 667,455 725,449 904,449 933,447 999,447 1021,455 1054,455 1077,453 1189,453 1217,458 1253,458 1272,463 1314,463"/>
<TextEquiv><Unicode>Pütters Lit. III. 96. Klübers Lit. §. 889 ff. C. G.</Unicode></TextEquiv>
</TextLine>

<TextLine id="line_23">
<Coords points="235,457 340,457 374,470 574,470 600,474 657,474 680,473 884,473 919,472 1012,472 1039,481 1122,481 1126,454 1218,454 1231,468 1315,468 1315,502 1231,502 1218,521 1126,521 1122,512 1039,512 1012,505 919,505 884,514 680,514 657,506 600,506 574,518 374,518 340,502 235,502 235,457"/>
<Baseline points="235,502 340,502 374,518 574,518 600,506 657,506 680,514 884,514 919,505 1012,505 1039,512 1122,512 1126,521 1218,521 1231,502 1315,502"/>
<TextEquiv><Unicode>Bunz Grundsäte der Huldigung. Tüb. 1794. 8. Mo-</Unicode></TextEquiv>
</TextLine>

<TextLine id="line_24">
<Coords points="168,522 307,522 332,533 397,533 421,529 477,529 501,527 765,527 790,531 825,531 849,529 1029,529 1047,529 1114,529 1138,528 1319,528 1319,562 1138,562 1114,574 1047,574 1029,572 849,572 825,562 790,562 765,570 501,570 477,561 421,561 397,559 332,559 307,573 168,573 168,522"/>
<Baseline points="168,573 307,573 332,559 397,559 421,561 477,561 501,570 765,570 790,562 825,562 849,572 1029,572 1047,574 1114,574 1138,562 1319,562"/>
<TextEquiv><Unicode>ser von der Landeshoheit, in Ansehung der Untertha-</Unicode></TextEquiv>
</TextLine>

<TextLine id="line_25">
<Coords points="198,581 297,581 319,580 482,580 506,590 574,590 599,589 821,589 845,599 901,599 901,631 845,631 821,630 599,630 574,623 506,623 482,621 319,621 297,631 198,631 198,581"/>
<Baseline points="198,631 297,631 319,621 482,621 506,623 574,623 599,630 821,630 845,631 901,631"/>
<TextEquiv><Unicode>nen Personen und Vermögens, 45.</Unicode></TextEquiv>
</TextLine>

<TextLine id="line_26">
<Coords points="233,660 365,660 390,684 455,684 488,677 544,677 574,674 814,674 850,674 1008,674 1050,681 1144,681 1191,654 1318,654 1318,705 1191,705 1144,714 1050,714 1008,712 850,712 814,709 574,709 544,709 488,709 455,710 390,710 365,703 233,703 233,660"/>
<Baseline points="233,703 365,703 390,710 455,710 488,709 544,709 574,709 814,709 850,712 1008,712 1050,714 1144,714 1191,705 1318,705"/>
<TextEquiv><Unicode>Moser von der Reichsstände Landen, 1159. Reuss</Unicode></TextEquiv>
</TextLine>

<TextLine id="line_27">
<Coords points="195,747 199,747 237,718 375,718 401,733 499,733 529,742 603,742 643,733 848,733 875,730 1019,730 1045,730 1094,730 1123,731 1194,731 1218,727 1318,727 1318,765 1218,765 1194,770 1123,770 1094,766 1045,766 1019,764 875,764 848,766 643,766 603,776 529,776 499,766 401,766 375,779 237,779 199,750 195,750 195,747"/>
<Baseline points="195,750 199,750 237,779 375,779 401,766 499,766 529,776 603,776 643,766 848,766 875,764 1019,764 1045,766 1094,766 1123,770 1194,770 1218,765 1318,765"/>
<TextEquiv><Unicode>Staatsk. XIII. 342. Mereau’s Miscell. II. 146. Püt-</Unicode></TextEquiv>
</TextLine>

<TextLine id="line_28">
<Coords points="238,782 333,782 358,785 425,785 449,791 514,791 543,795 619,795 664,790 841,790 867,788 932,788 956,789 1013,789 1168,782 1237,782 1237,797 1168,797 1013,831 956,831 932,820 867,820 841,821 664,821 619,830 543,830 514,824 449,824 425,823 358,823 333,815 238,815 238,782"/>
<Baseline points="238,815 333,815 358,823 425,823 449,824 514,824 543,830 619,830 664,821 841,821 867,820 932,820 956,831 1013,831 1168,797 1237,797"/>
<TextEquiv><Unicode>ters Lit. III. 893. Klübers Lit. 46.</Unicode></TextEquiv>
</TextLine>

<TextLine id="line_29">
<Coords points="234,857 391,857 414,868 559,868 583,875 718,875 742,872 789,872 819,879 870,879 870,914 819,914 789,909 742,909 718,908 583,908 559,920 414,920 391,905 234,905 234,857"/>
<Baseline points="234,905 391,905 414,920 559,920 583,908 718,908 742,909 789,909 819,914 870,914"/>
<TextEquiv><Unicode>Mosers persönl. Staatsr. II. 13.</Unicode></TextEquiv>
</TextLine>

</TextRegion>
</Page>
</PcGts>