1600 2666
417 144 1551 217 II. Th. I. Tit. Unbedingte Rechte d. europ. Staaten.
305 252 1551 325 und entflohenen Milizpflichtigen, auch wohl der
306 336 1551 402 Schleichhändler e). Und selbst ohne Verträge, sind
302 395 1577 480 manche Staaten hierin sehr willfährig, besonders
300 450 1553 547 kleinere im Verhältniſs zu grössern f). In Ab-
303 547 1570 619 sicht auf Landstreicher (Vagabunden), ist eine
300 616 1552 690 Verpflichtung zu wechselseitiger Uebernahme der-
299 684 1489 767 selben bisweilen durch Verträge festgesetzt g).
703 2280 1123 2326 5) Polizeigewalt.
415 2344 1538 2407 Ohne Verträge, ist kein Staat berechtigt,
312 168 382 195 112
1467 2424 1542 2465 für
404 787 1550 844 C. T. Gutjahr diss. de exhibitione delinquentium secundum
378 845 1549 902 principia juris publici universalis, gentium, romani atque
379 901 839 945 saxonici. Lips. 1795. 4.
396 953 927 987 So in Preussen und Baiern.
395 1006 1571 1054 Verschiedene grössere Staaten bewilligen in keinem Fall eine
373 1059 1548 1111 Auslieferung. Vergl. E. Buschleb comm. de principiis juris
338 1105 1547 1176 civilis circa comprehensionem, punitionem vel remissionem
377 1154 1598 1221 peregrinorum, qui in alieno territorio deliquerunt, prae-
377 1215 1600 1272 sertim ad requisitionem exterae gentis. Goett. 1800. 4.
375 1268 1565 1321 v. Martens Erzählungen merkw. Rechtsfälle, Th. I, Num. II;
376 1304 1545 1375 Th. II, Num. XIII. — Eigene Bestimmungen hat die preuſs.
377 1376 985 1423 CriminalOrdnung, §. 96 u. 257.
397 1431 1543 1480 J. A. Reuss, s. resp. B. F. Mohl, diss. de juribus et obli-
374 1483 1545 1530 gationibus specialium rerumpublicarum Germaniae inter se
374 1536 1466 1587 in exercenda jurisdictione criminali obviis. Stuttg. 1787. 4.
389 1590 1544 1657 Beispiel von 1748, in Wenck’s Cod. jur. gent. II. 281. Mo-
374 1636 1544 1693 ser’s Versuch des europ. VR. VI. 461. Cartels und Verträge
374 1694 1544 1743 wegen Auslieferung der Deserteure und Vaganten, von 1808
372 1749 1518 1804 bis 1818, in v. Martens recueil, Supplém. VIII. 282. et suiv.
377 1791 1544 1851 Vattel L. II, ch. 6, §. 76. Moser a. a. O. VI. 428. — Zumal
373 1850 1524 1904 im Fall der Erwiederung. Kurhess. Verordn. v. 1. Sept. 1820.
388 1883 1548 1956 Verträge, zw. Baiern, Wirtemberg u. Baden, v. 7. März 1816;
371 1961 1542 2019 Preussen u. Baiern, v. 9. Mai 1818; d. K. v. Sachsen, m. Preussen,
370 1990 1548 2069 v. 21. Jan. 1820, u. m. Baiern, v. 25. Jun. 1820; als Beilagen zu
374 2045 1547 2118 d. Protocoll der t. Bundesversamml. v. 14. Jun. u. 2. Sept. 1819,
374 2122 1544 2173 §. 118 u. 199, u. v. 3. Aug. 1820, §. 101. Vgl. auch oben, Note e.
