1600 2666
275 281 1516 358 und Rituals, durch die Anerkennung eines ge-
274 356 1517 425 meinschaftlichen geistlichen Oberhauptes der Kir-
275 415 1513 503 che und des von diesem ausgegangenen allgemei-
271 491 1515 576 nen hierarchischen Systems, durch den gemein-
272 569 1512 640 schaftlichen Unfrieden gegen die nichtchristlichen
271 647 1479 717 Staaten, und die in dieser Beziehung dem römisch-
267 704 1509 796 teutschen Kaiser eingeräumte weltliche Oberge-
264 793 1508 858 walt, hauptsächlich in dem Zeitraum der Kreuz-
265 859 1508 927 züge, auch durch die Blutsfreundschaft und Ver-
265 938 1170 1003 schwägerung der RegentenFamilien.
817 1654 945 1701 §. 35.
723 1713 1035 1774 Fortsetzung.
379 1779 1492 1871 Ungeachtet der eingetretenen kirchlichen
252 1853 1496 1919 Trennung, ward jene nähere Theilnahme den-
253 1920 1496 1994 noch unterhalten und vermehrt, durch allseiti-
255 2003 1521 2075 ges Aufstreben zu höherer, geistiger und geselli-
255 2076 1492 2141 ger Cultur, durch vermehrtes Handels- und
255 2148 1491 2221 FamilienInteresse, durch östere Kriege, durch
253 2219 1491 2292 fast immerwährende Kriegsrüstung, durch von
252 2295 1491 2369 Zeit zu Zeit sichtbar gewordene Vergrösserungs-
253 2367 1488 2435 Absicht einzelner Machthaber, und durch das
367 168 1520 244 I. Th. Die Staaten, überhaupt, u. die europ. insb.
281 185 328 224 72
367 1030 1502 1091 Vergleichbar mit einer Demokratie. Vergl. Nic. Vogt über
348 1083 1502 1146 die europäische Republik. Th. I—V. Frankf. 1787—1792.
325 1137 1503 1193 8. Ebendeſs. histor. Darstellung des europäischen Völkerbun-
346 1190 1467 1244 des. Frankf. Th. I. 1808. 8. (Mehr ist nicht erschienen.)
364 1242 1503 1297 Eine Idee, die schon Seneca (de otio sapientis, c. 31.) an-
345 1295 1504 1345 deutete, einige neuere Schriftsteller aber (Grotius de J. B. et
344 1346 1502 1407 P., proleg. §. 18. Real, science du gouvernement, T. V, p. 2.),
345 1387 1498 1460 am meisten und mit Vorliebe Wolff (jure gent. proleg. §. 7.
344 1450 1500 1504 sqq. et 21.), ausgebildet haben. Dawider s. Günther a. a. O.
339 1505 1500 1568 I. 151. L. C. Schröder elem. juris naturalis, socialis et gen-
343 1557 592 1605 tium, §. 1049.
