1600 2666
187 178 1120 242 II. Cap. CulturGeschichte und Literatur.
35 289 1274 356 maligen Ansehen der Päpste, und ihrem hierar-
38 363 1276 425 chischen System. Weniger mag, in dieser Hin-
39 430 1275 497 sicht, die lang und weit verbreitete Idee von
39 509 1277 572 einem allgemeinen Staatenbunde der christlichen
37 582 1283 644 Mächte b), gewirkt haben, da sie zunächst auf
36 651 1279 710 Unfrieden mit nichtchristlichen Staaten, haupt-
36 725 1283 818 sächlich in dem Zeitraum der Kreuzzüge, sich
37 814 192 893 bezog.
592 1398 716 1444 §. 12.
453 1487 850 1522 Neuere Periode.
144 1561 1281 1632 Die Unterdrückung der päpstlichen Anmas-
45 1639 1284 1721 sungen über die weltlichen Regenten, haupt-
44 1704 1281 1789 sächlich seit der baseler Kirchenversammlung,
38 1789 1283 1863 kann für die AnfangsEpoche des positiven Völ-
22 1855 1285 1942 kerrechtes der europäischen Staaten gelten. Seit
53 1925 1284 2020 dem Anfang des XVI. Jahrhunderts, ward der
48 2002 1285 2077 politische Verkehr der europäischen Staaten leb-
45 2071 1285 2149 hafter. Ereignisse, besonders in der Regierungs-
46 2158 1286 2215 zeit Carls V. und Heinrichs IV., und vorherr-
46 2224 1283 2299 schende Klugheit, veranlaſsten Staatsverträge.
44 2304 1286 2373 Die christlich-kirchliche Spaltung, das Handels-
43 2362 1284 2443 Interesse, die stehenden Kriegsheere, der lange,
1224 182 1271 227 31
147 904 1281 955 Tyge Rothe’s Wirkung des Christenthums auf den Zustand
123 954 1282 1003 der Völker in Europa. Aus dem Dänischen. Copenhagen
121 1010 1279 1059 1775 — 1782. Th. I — IV. 8. Schmalz europ. Völkerrecht,
116 1069 332 1106 S. 14 ff.
135 1122 1280 1179 Grotius de J. B. et P. lib. II. c. 15. §. 12. Leibnitz in prae-
122 1189 1280 1244 fat. ad. Cod. jur. gent. diplomat. J. P. Ludewig diss. de jure
115 1242 1279 1294 reges appellandi, c. II. §. 6.; auch in dessen Opusc. miscell. I. 45.
