1600 2628
728 1828 905 1879 §. 88.
589 1936 1059 1992 Fortsetzung.
305 2026 1403 2118 II) Der pariser Hauptvertrag vom
218 2112 1409 2187 20. Nov. 1815 a), erweiterte die so eben an-
216 2190 1400 2253 gezeigte Grenze auf verschiedenen Puncten.
215 2262 1398 2340 Er nahm die Grenze von 1790 zur Regel,
215 2337 1397 2409 und fügte nähere Bestimmungen hinzu. Dem
247 196 329 244 142
377 169 1325 256 Einl. VII. Cap. Der teutsche Bund,
350 306 1423 368 schehenen Abtretung aller, bis dahin zu Teutschland
308 373 1419 424 noch gehörig gewesenen Länder auf der linken Rhein-
346 427 1450 488 seite. Dieser Bestimmung waren vorausgegangen, theils
347 482 1424 536 (1795 u. 1796) SeparutFriedensschlüsse Frankreichs mit
345 536 1443 598 Preussen (Kurbrandenburg), HessenCassel, Wirtem-
345 593 1524 652 berg und Baden (nachher am 24. Aug. 1801 auch mit
342 647 1418 713 KurpfalzBaiern), theils die fruchtlosen Verhandlungen
343 707 1418 771 des rastatter FriedensCongresses, vom 9. Dec. 1797 bis
339 763 1415 824 28. Apr. 1799. Von allen diesen s. Klübers Staatsr.
341 819 788 868 d. Rheinbundes, §. 58.
336 915 1416 982 Pariser Fr. v. 30. Mai 1814, Art. 2, Art. 3, Eingang
338 973 1417 1032 und Num. 5, u. Art. 5; in Klübers Acten des wir-
336 1032 1196 1094 ner Congr., Bd, I, Heft 1, S. 11 f. u. 15 f.
333 1135 1409 1195 Chr. Hub. Pfeffel limes Franciae. Pars prior. Limes
330 1194 1416 1255 Franciae ab Oceano ad Rhenum. Argent. 1785. 4. (Auch
334 1250 1414 1309 unter dem Titel: Commentarii de limite Galliae. Eine
312 1310 1422 1364 musterhafte Grenzbeschreibung. Ein Auszug in Klü-
334 1357 1414 1418 bers kl. jurist. Biblioth., St. I, S. 85—113. — Die
333 1424 1410 1473 Grenzveränderungen von 800 bis 1801, s. in Klübers
334 1480 1409 1532 Einleit. zu e. n. Lehrbegriff des teutschen Staatsr.
331 1537 535 1584 §. 57—64.
328 1619 1410 1688 Angegeben in dem pariser Frieden v. 1814, Art. 3,
330 1675 852 1737 Eingang u. Num. 1 bis 5.
