1600 2666
264 125 1092 197 II. Cap. Die europäischen Staaten.
620 1421 746 1471 §. 34.
68 1506 1307 1562 Gegenseitiges politisches Verhältniſs der europäischen Staaten.
338 1596 999 1661 Europäische Völkersitte.
187 1640 1309 1733 Das gegenseitige politische Verhältniſs der
64 1740 1314 1805 souverainen Staaten von Europa, beruht nicht auf
69 1810 1309 1882 einer Vereinigung zu einem StaatenSystem, auch
70 1886 1308 1953 nicht zu einer so genannten VölkerRepublik a),
70 1964 1309 2029 noch weniger zu einem grossen Weltstaat b), über-
68 2038 1347 2104 haupt nicht auf allgemeinen ausdrücklichen Ver-
65 2112 1218 2176 trägen. Für die christlichen Staaten ward, in
69 2171 1304 2248 dem Mittelalter, nähere Theilnahme an ihrem
70 2257 1303 2322 wechselseitigen politischen Verhältniſs veranlaſst,
69 2330 1306 2399 durch die Einheit des kirchlichen Lehrbegriffs
1250 152 1297 191 71
144 244 1303 292 Institution des majorats et de la légion d’honneur; par L. Ron-
144 300 992 344 donneau (à Paris 1811. gr. 8.), p. 248—252.
161 341 1299 398 Diese Vereinigten Staaten sollen „einen einzigen freien und
145 403 1300 453 „unabhängigen Staat bilden, unter dem unmittelbaren und
143 445 1299 503 „ausschlieſsenden Schutz Groſsbritanniens“. Man s. den zwi-
142 503 1302 552 schen Groſsbritannien, Ruſsland, Oestreich und Preuſsen, zu
139 559 1302 614 Paris am 5. Nov. 1815 geschlossenen Tractat, in v. Martens
141 614 1302 673 recueil, Supplém. VI. 663. Die übrigen Mächte, welche den
141 662 1303 719 pariser Frieden unterzeichnet haben, so wie der König beider
118 717 1302 773 Sicilien und die ottomanische Pforte, wurden eingeladen die-
129 760 1302 823 sem Vertrag beizutreten. Politisches Journal von 1815, S. 851,
149 822 1305 876 u. von 1816, S. 879 f. Durch einen Vertrag mit Groſsbritan-
151 867 1305 925 nien, den der Sultan am 24. April 1819 ratificirte, erkannte
149 929 1305 973 die Pforte die brittische Schutzherrschaft über die jonischen
144 983 1305 1030 Inseln an, unter der Bedingung, daſs die kleine, aber feste
142 1009 1303 1085 Stadt Parga, in Albanien Corfu gegenüber, nebst ihrem Ge-
141 1083 1306 1137 biet, davon getrennt, und ihr abgetreten werde; welches im
140 1111 1306 1193 Mai 1819 geschah. — Constitution der Vereinigten Staaten
147 1193 1306 1245 der jonischen Inseln, vom 29. Dec. 1817, welche mit dem
154 1245 1306 1296 1. Jan. 1818 in Wirksamkeit getreten ist. Journal de Franc-
151 1304 642 1350 fort, 1818, N° 69 et suiv.
