1600 2636
780 1331 964 1378 §. 268.
529 1398 1250 1452 e) Kriegshülfe von dritten Staaten.
407 1466 1509 1534 Zu den Mitteln dem Feind zu schaden,
262 1546 1514 1618 gehört auch die Kriegshülfe, welche dritte Staa-
262 1624 1515 1693 ten einer kriegführenden Macht leisten a). Dazu
263 1666 1515 1758 ist nach dem allgemeinen Völkerrecht jeder dritte
247 1757 1532 1834 Staat befugt, so weit er ohne richterliche Un-
265 1843 1514 1906 tersuchung, die ihm hier nicht zustehen kann,
268 1901 1516 1973 das Unrecht erkennt, welches jener Macht wi-
266 1986 1519 2047 derfährt b). Daher ist die Bedingung, daſs der
267 2062 1517 2129 Krieg gerecht sey, in jedem Vertrag, worin Kriegs-
268 2135 1517 2199 hülfe versprochen wird (§. 149), wenigstens als
272 2207 1519 2273 stillschweigende Clausel enthalten, gleichviel ob
273 2282 1520 2355 der Vertrag vor oder während dem Krieg ge-
275 2366 633 2408 schlossen war.
252 165 325 213 434
354 140 1496 210 II. Th. II. Tit. Bedingte Rechte; in feindl. Verhältn.
358 251 1498 348 Vergl. Vattel, liv. III, ch. 15. Pufendorf de J. N. et G.
336 309 1500 357 lib. VIII. c. 6. §. 21. C. L. Scheid diss. de ratione belli,
336 329 976 424 §. 46. Vergl. oben §. 245 — 249.
355 418 1502 485 Moser’s Beyträge, III. 6. ff. Ebendess. Versuch, IX. 1. 267.
337 481 1503 542 — J. J. Moser von Partheygängern; in s. Nachträgen zu
337 533 1459 582 den Grundsätzen des Völkerrechts in Kriegszeiten. 1750. 8.
360 595 1503 642 In dem Mittelalter Landschreye, Landhude, Landwehre,
339 649 1506 693 cri d’armes benannt. Klüeer’s Anmerkungen zu Sainte-
336 702 1505 747 Palaye vom Ritterwesen des Mittelalters, Th. II, S. 150 ff. —
338 753 1504 799 Ueber stehende Heere und Landesbewaffnungen; in v. Ar-
342 810 1167 855 chenholz Minerva, 1807, Sept., S. 385 ff.
368 859 1533 925 Beispiele von Volksbewaffnung. Moser’s Versuch, IX. 1.
343 920 1508 973 206 ff. Ebendess. Beyträge, III. 6. 9 ff. De Martens re-
344 979 1506 1053 cueil, VI. 749. — Beispiele in Teutschland, von 1794, 1795,
345 1033 1221 1085 1797, 1799, 1800 u. 1809, in Ruſsland 1812.
359 1098 902 1155 Moser’s Beyträge, III. 9.
359 1142 1042 1213 Moser’s Versuch, IX. 2. 434 — 441.
363 1211 976 1290 Vattel, liv. III, ch. 15, §. 228.
