1600 2628
749 2031 913 2085 §. 93.
249 2127 1388 2192 II) In dem auswärtigen Staatsverhältniſs der Bundesstaaten.
339 2210 1419 2279 Ehrwürdig muſs ein Bundesstaat dem
243 2294 1420 2355 Ausland werden, wenn er, in der Unab-
244 2366 1419 2442 hängigkeit fremder Staaten das Kleinod eige-
268 232 357 302 152
406 212 1344 296 Einl. VII. Cap. Der teutsche Bund,
377 361 1444 416 Just. Mösers patriot. Phantasien, III. 86. v. Ar-
382 414 1447 472 chenholz England u. Italien, Bd. I, Th. 1, S. 11 f.
373 502 1516 553 Selbstbekenntnisse denkender Souveraine: Friedrichs
376 554 1447 614 des Einzigen, Verfassers des Antimachiavells, Erklärung-
373 614 1448 667 Schlözers Briefwechsel, Heft 21, S. 207. — Kö-
374 672 1446 725 nigs Stanislaus Augustus Rede auf dem Reichstag
376 728 1447 779 zu Grodno, 1784. A. L. Jacobi Staatsangelegenheiten
371 784 1446 840 (Celle 1787. 8.), S. 99 ff. — Kaiser Alexandrs I.
372 840 1435 897 KrönungsManifest, v. 15. Sept. 1801, in H. Storchs
374 891 1400 968 Ruſsland unter Alexander I. (St. Petersb. 1804. 8),
372 951 540 986 S. 110 f.
375 1010 1423 1086 Des sichersten Mittels gegen RevolutionsSchwindel
365 1095 1436 1141 F. C. v. Mosers patriot. Archiv, I. 393—398. A. L.
365 1151 1440 1207 Schlözers Sttatsgelahrtheit, I. 162 ff. J. J. Engels
365 1208 756 1272 Fürstenspiegel, 322.
365 1291 1442 1346 Ueber die Politik der teutschen Höfe, s. NationalChro-
362 1348 1560 1397 nik der Teutschen, 1805, St. 3. E. Brandes Be-
364 1404 1438 1452 tracht. über d. Zeitgeist in Teutschl. etc. Hannov. 1808.
357 1462 1439 1514 8. Ebenders. über d. Einfluſs u. die Wirkungen des
359 1518 1559 1573 Zeitgeistes auf die höheren Stände. Hannov. 1810. 8.
356 1579 1428 1623 F. L. Jahns teutsches Volksthum. Tub. 1810. 8.
358 1631 1434 1681 Blicke von der Zeit in die Zukunft; in der Neuen
355 1678 1434 1745 Allemannia, Deo. 1816, u. in d. Allgem. Zeit. 1817,
357 1734 1479 1793 Beil. Num. 7 u. f. J. F. Fries von deutschem Bund
354 1801 1429 1854 u. deutscher Staatsverfassung. Heidelb. 1816. 8. (C. C.
358 1853 1433 1936 Sack) Der deutsche Bund nach seinem ganzen Umfang
352 1907 701 1957 Züllichau 1816. 8.
