1600 2666
25 139 1186 215 I. Cap. Begriff, SouverainetätsVerhältnisse, u. s. w.
40 1056 714 1110 §. 22.
100 1135 1215 1185 Ihre Unabhängigkeit von manchen innern und äussern
528 1193 789 1225 Verhältnissen.
120 1243 1278 1338 Da die völkerrechtliche Souverainetät eines
6 1289 1281 1405 Staates, einzig bestimmt wird durch dessen Un-
8 1395 1281 1491 abhängigkeit von dem Willen eines jeden Aus-
51 1468 1280 1538 wärtigen in Ausübung seiner Hoheitsrechte; so
10 1545 1280 1625 ist die Berechtigung dazu nicht abhängig von
9 1607 1281 1681 dem Alter des Staates, von der Art seiner Grund-
43 1689 1282 1761 verfassung oder Staatsform, von seiner Verwal-
46 1766 1282 1854 tungsart, von dem Maas seiner politischen
0 1809 1283 1913 Macht a), von der Art der Thronfolge, von
30 1903 1284 1987 dem Titel des Staates oder seines Regenten, von
33 1971 1283 2052 dem FamilienVerhältniſs des Staatsoberhauptes,
48 2061 1285 2123 von dem Umfang des Staatsgebietes, von der
35 2131 1286 2195 Grösse seiner Bevölkerung, von dem Stand der
46 2210 1284 2269 inländischen Cultur in jeder Beziehung, von
20 2275 1282 2345 Religion, Gewerbe und Verkehr der Bewohner.
29 2346 1285 2405 Aus demselben Grund wird die Souverainetät
1214 159 1264 202 47
91 246 1269 320 qu’ à Dieu et à son épée“. Von dem Sinn dieser Redensart,
105 301 1269 365 s. de Real science du gouvernement, T. IV, ch. 2, Sect. 2,
93 362 1272 410 §. 11. Oestreichs Erklärung auf dem westphälischen Friedens
41 411 1164 480 Congreſs 1648, bei v. Meiern l. c. V. 513 sq.
59 442 1273 528 Grotius de J. B. et P. lib. I. c. 3. §. 6 sq. Pufendorf de J.
112 520 1276 567 N. et G. lib. VII. c. 6. — Schriften von der Unabhängigkeit
97 572 1277 621 der Völker, s. bei v. Ompteda II. 484 f. — Abhandlung von
113 627 1277 691 der Souverainetät überhaupt, und der rheinischen Bundes-
120 671 1275 739 fürsten insbesondere, in Winkopp’s rheinischem Bund, XXXI.
125 723 1278 783 1. XLIX. 75. 79. L. III. 184. 289. Abh. von der Souverainetät
98 787 1275 830 des Staates und der Souverainetät des Fürsten, ebendas. III.
128 835 1276 886 383. Fr. Ancillon über Souverainetät und Staatsverfassungen.
61 892 1278 950 Berlin 1815. 8. Institutions politiques, par le baron de Biel-
124 946 830 994 feld, T. I. (à la Haye 1740. 4.), p. 29.
