1600 2628
524 188 1202 269 II. Th. I. Cap. Der Staat
835 777 981 820 §. 181.
595 876 1169 925 Eigenschaften des Thronfolgers.
377 958 1561 1038 I) Bei der erblichen Thronfolge nach
287 1037 1456 1110 Erstgeburtrecht, wird das Successionsrecht
288 1114 1561 1190 abgeleitet von dem ersten Erwerber,
292 1184 1487 1262 doch nur für seine dazu geeigneten Nach-
286 1259 1454 1338 kommen (successio singularis, ex pacto et
285 1338 1455 1413 providentia majorum, nach Geding und Für-
287 1417 1477 1488 sorge der Altvordern); nicht von dem letz-
287 1478 1459 1564 ten Regenten, von dessen Willen dasselbe
278 1568 1497 1644 sonach unabhängig ist. II) So fern der Wei-
291 1631 1502 1718 berstamm nicht ganz von der Regierungs-
292 1714 1460 1786 folge ausgeschlossen ist a), haben die Agna-
292 1773 1509 1866 ten den Vorzug vor den Cognaten; auch
261 1873 1407 1926 ohne ausdrücklichen Verzicht der letzten.
275 216 363 270 276
374 317 1449 382 jur. feud., §. 518. Püttmann elem. jur. feud. §. 376. A.
374 380 1450 442 F H Posse über die Sonderung reichsständischer Staats-
382 428 1519 496 und Privatverlassenschaft (Gött. 1790. 8.), §. 13 ff.
382 494 1491 551 33 u 50 ff. C. C. A. H. v Kamptz Erört. der Ver-
391 550 1480 601 bindlichk. des weltl. Reichsfürsten aus d. Handlungen
388 616 1314 664 s. Vorfahren. §. 17—19. Bodmann a. a. O.
290 1994 1519 2077 Vergl. Pütters Lit. III. 765. Klübers Lit. §. 1539.
397 2058 1463 2116 Leist a. a. O. §. 33. Runde’s Beiträge, Th. I,
403 2098 1467 2177 Num. 12. G. L. Boehmers Rechtsfälle, Bd. I,
401 2157 1455 2241 Num. 65. Von der Erstgeburtfolge des weiblichen Ge-
402 2215 1502 2279 schlechtes; in Crome’s u. Jaups Germanien, Bd. IV,
406 2269 1467 2329 Heft 2 (1810), Num. I. — Ganzlich ausgeschlossen
410 2322 1464 2386 ist der Weiberstamm, in dem wirtemberg. Hausgesetz
