1600 2628
302 267 1486 375 ist in der neuern Zeit oft der Thalweg c)
305 372 1472 448 dafür bestimmt, und auf Brücken die
303 442 1538 521 Mitte derselben d). Zu Festsetzung und
302 522 1473 590 Berichtigung der Grenzen, werden nicht sel-
304 603 1475 659 ten von beiden Seiten GrenzCommissio-
303 688 664 724 nen ernannt.
805 1786 1178 1859 §. 92.
502 1875 1292 1919 Politischer Charakter des teutschen Bundes.
668 1941 1077 1986 I) In dem Innern.
403 2020 1522 2102 Ueber den politischen Charakter des teut-
309 2092 1483 2150 schen Bundes, und der ihn bildenden Staa-
310 2158 1481 2245 ten, wird einst die Geschichte unparteyisch
312 2236 1482 2309 richten. Unterdessen berechtigen Weisheit
317 2314 1493 2372 der Herrscher, Pflicht der Staatsverwalter,
445 179 1350 237 Einl. VII. Cap. Der teutsche Bund,
305 194 391 244 148
410 801 1471 880 Vergl. Mosers nachbarl. Staatsr. 217. Pütters Lit.
196 867 1478 927 III. 816 ff. Klübers Lit. §. 1606 f.
406 945 1472 1011 Vergl. den östreich. baier. Vertrag v. München v. 14. Apr.
412 1007 1472 1067 1816, Art. 1 u. 9; in Klubers Staatsatchiv, Bd. I,
413 1079 683 1127 S. 401 u. 406.
408 1124 1473 1216 So auf dem Rhein. — Die Staatsgrenze zwischen Baden
415 1204 1528 1280 und dem schweizer Canton Aargau, ist der Thalweg des
416 1261 1486 1320 Rheins, worunter hier „die gröſste Tiefe des Stroms“
413 1326 1475 1378 zu verstehen ist, und auf Brücken die Mitte derselben.
413 1378 1473 1433 Staatsvertr. v. 17. Sept. 1808, Art. 13 in d. Rhein.
412 1451 817 1493 Bund, XXXVII. 46.
416 1524 1475 1577 Man s. oben Note c. So auch auf der Rheinbrücke,
415 1581 1476 1637 zwischen Kehl und Strasburg. Pariser Hauptvertr. v.
418 1647 1071 1695 20. Nov. 1815, Art. 1, Num. 2.
