1600 2666
291 228 1531 306 den Staatszweck, unter dem Schutz des Staates,
282 319 1536 378 auch gegen Auswärtige, steht d); und 3) selbst die
285 385 1535 452 innerhalb des Staatsgebietes befindlichen herren-
285 466 1559 532 losen Sachen (adespota). Die letzten sind als
285 538 1588 603 nicht occupirt anzusehen, nur in Ansehung des
285 612 1536 680 Staates und seiner Bürger: in Hinsicht auf alle
282 674 1488 747 Auswärtigen, sind sie fremd oder occupirt e).
836 2030 983 2074 §. 125.
443 2122 1357 2167 Erwerbrecht, durch Occupation und Vertrag.
402 2195 1531 2267 Ein Staat erwirbt, Niemand gehörige Sachen
272 2271 1532 2346 (res nullius) durch Occupation oder Bemächti-
278 2356 1532 2414 gung (originarie): Sachen eines andern durch
292 140 365 190 198
401 135 1531 215 II. Th. II. Tit. Bedingte Rechte; in friedl. Verhältn.
384 786 1537 836 Das Recht der Oberherrschaft erstreckt sich über alle Per-
340 842 1536 881 sonen und Sachen, die der Gewalt des Staates unterworfen
338 885 1537 937 sind. Dahin gehört auch das unter dem äussersten Recht
362 944 1533 996 des Staates (§. 88) begriffene so genannte Obereigenthums-
319 999 1531 1053 recht (dominium eminens). Auch sind die Rechte des Staa-
360 1036 1526 1104 tes über das so genannte mittelbare Staatsvermögen (Klüber’s
329 1088 1561 1182 öffentl. Recht des teutschen Bundes, §. 254, 387 u. 436), an-
365 1150 1187 1208 ders nichts als Rechte der Oberherrschaft.
374 1204 1532 1268 Auswärtigem Staats- oder Privatgut kann, in dem Staats-
361 1249 1538 1320 gebiet, eine bedingte Exterritorialität zustehen. Auch
363 1324 1536 1374 Grundeigenthum, innerhalb der Grenzen des Staatsgebietes
361 1379 1536 1425 (inclavirt), kann sich hierunter befinden. Man s. §. 128,
358 1431 502 1465 Note a.
375 1493 1537 1542 Bewegliches (Fahrniſs) und unbewegliches, z. B. öffentliche
361 1548 1535 1597 Flüsse, Canäle, Straſsen, Forsten, Bergwerke, Staatsgebäu-
344 1574 1533 1651 de, Grundeigenthum, überhaupt Domänen oder Kammer-
360 1658 527 1706 güter.
381 1714 1532 1770 Auch das Privat- oder Schatullgut und das Familiengut des
361 1771 1330 1823 Regenten gehören dahin. Klüber a. a. O. §. 255.
374 1836 1535 1882 Klüber a. a. O. §. 256 f. In diesem Sinn spricht Grotius
360 1884 1535 1971 (de J. B. et P. lib. II. c. 4. §. 14) von einem dominio po-
357 1942 613 1988 puli generali.
