1600 2628
197 310 1387 379 Anfängers nicht herabzulassen. III) Die
203 384 1385 458 dogmatisch-historische Lehrmethode,
205 459 1387 535 ist der bloſs dogmatischen, noch mehr der
204 531 1387 608 bloſs historischen, so auch der bloſs raison-
0 531 1387 609 bloſs historischen, so auch der bloſs raison-
200 620 1388 685 nirenden, vorzuziehen; und die Literatur,
204 695 1386 761 auch die frühere, darf nicht vernachlässigt
203 770 1387 838 werden. IV) Controversen, und Erläu-
208 834 1388 918 terung durch merkwürdige Staatsvor-
206 905 1390 987 fälle b), bleiben hauptsächlich dem münd-
205 996 999 1076 lichen Vortrag vorbehalten c).
719 1724 893 1774 §. 15.
537 1839 1081 1888 Vorsichtregeln.
338 1932 1401 2010 Verunstaltet wird der Lehrvortrag, ent-
215 2019 1402 2082 ehrt die Wissenschaft, durch Partei- und
213 2080 1402 2157 Sectengeist; durch Vorurtheil und
215 2170 1404 2233 Hypothesensucht; durch Miſsbrauch
203 2244 1429 2309 des allgemeinen Staatsrechtes, des Völker-
220 2318 1408 2380 rechtes und der fremden Rechte, insonder-
1333 180 1391 243 23
378 179 1202 245 Hülfwissenschaften, Methode.
307 1110 1390 1183 Von dem ächten Geist der Philosophie in der Rechts-
312 1187 1388 1252 wissenschaft, s. Geist der jurist. Literatur von 1796,
313 1247 515 1310 S. 101 ff.
308 1344 1406 1402 Exemplorum magna vis est in ju risjuris publici tam scien-
315 1408 698 1478 tia quam prudentia.
308 1467 1391 1548 Schriften von der Lehrart des St. R., in Pütters
100 1542 1035 1613 Lit. II. 376. Klübers Lit. §. 669.
