1600 2666
848 1369 957 1418 §. 8.
646 1461 1150 1511 Hülfwissenschaften.
399 1537 1520 1616 Hülfwissenschaften sind: Erdbeschreibung a)
275 1617 1523 1682 (Geographie), Urkundenlehre b) (Diplomatik),
271 1693 1524 1750 nebst der urkundlichen Zeitkunde c) (Chronolo-
271 1764 1525 1836 gie), Wappenkunde d) (Heraldik), Geschlecht-
272 1840 1525 1903 kunde e) (Genealogie), Auslegungskunst f) (Her-
273 1915 1524 1974 meneutik). Auch sind wichtig für den Diploma-
272 1984 1523 2051 ten: die fleisige Lesung politischer Zeitschrif-
274 2061 1543 2128 ten g), die Beobachtung der Staatsvorfälle, der
282 2132 1523 2198 Umgang mit Staatsbeamten, auch mit andern
275 2201 1407 2271 unterrichteten und ausgezeichneten Personen.
280 155 328 193 26
499 148 1322 203 Einleitung. Vorbereitender Theil.
362 255 1522 297 Krug, F. B. Weber, Th. Schmalz, Dutens, Hufeland, Lotz,
361 309 1523 365 A. H. Müller, v. Cölln, A. W. v. Leipziger, H. Storch,
361 354 589 404 Harl, u. a.
309 426 1522 484 Werke von Feuquieres, Lloid, Venturini, Jos. Theobald,
362 490 1525 533 Heinr. v. Bülow, Aug. Wagner, Aster, Erzherzog Carl von
361 542 1524 596 Oestreich, Rogniat. Die Strategie, von J. v. X. München
365 594 510 628 1818. 8.
380 660 1522 721 Die vorzüglichsten Werke über das Völkerrecht, sind unten
358 712 1522 767 in dem Anhang genannt. Diejenigen über das Staatsrecht der
357 760 1518 824 verschiedenen Staaten von Europa, werden angeführt in Püt-
355 816 1522 867 ter’s Literatur des teutschen Staatsrechtes, und in Klüber’s
357 879 1524 920 neuer Literatur des t. Staatsrechtes. Auch s. man die unten,
359 933 955 984 §. 30, Note a, angef. Schriften.
381 1005 1522 1047 Man s. die Werke von Vera et de Cuniga, de Callieres, de
359 1059 1520 1117 la Sarraz du Franquesnay, Pecquet, Digges, Mably, u. a.,
357 1105 1027 1177 welche unten §. 168 angeführt sind.
371 1165 996 1218 Schriften, unten §. 111, Note a.
370 1189 1521 1294 Klüber’s Kryptographik. Mit Kupfern. Tübingen 1809. gr. 8.
318 2311 1523 2359 Werke von Büsching, Normann, Fabri, Gaspari, Stein,
362 2366 718 2411 Malte-Brun, u. a.
