1600 2439
126 183 1470 233 lich , die ebenfalls Mikrokokken aber nicht nur in den Lymph-,
127 240 1044 286 sondern auch in den Blutgefässen auffanden.
220 296 1473 341 Ferner sind Mikrokokken in erysipelatöser Haut von Till¬
126 351 1474 398 manns  gesehen, sowie von Letzerich  bei Impferysipel in
127 404 1473 450 den Impfwunden, in den Blutgefässen, Muskeln, Leber, Milz und
127 459 269 495 Nieren.
220 512 1473 559 In Bezug auf phlegmonöse Eiterungen haben sich die Unter¬
127 567 1472 616 suchungen anscheinend nur auf den Inhalt der Abscesse beschränkt,
125 622 1472 669 während die Wandungen der letzteren, d. h. das angrenzende Ge¬
126 677 1473 724 webe, das wie später gezeigt werden soll, der eigentliche Sitz
126 733 1475 779 der Bakterienwucherungen ist, bis jetzt keine Berücksichtigung
126 784 1473 832 gefunden hat. In dem Abscesseiter hat man ebenso wie im ge¬
126 841 1475 878 wöhnlichen Wundeiter vielfach Bakterien und zwar fast immer
124 893 1475 941 Mikrokokken gefunden. Einer besonderen Aufzählung der darüber
125 949 1087 997 gemachten Angaben bedarf es deswegen nicht.
219 1003 1474 1051 Der Hospitalbrand unterscheidet sich von der Diphtheritis der
126 1059 1472 1104 Schleimhäute so wenig, dass die über letztere gemachten Beob¬
125 1113 1018 1160 achtungen auch für ersteren gelten können.
219 1168 1475 1210 Nach Cohnheim  setzt sich bei Tracheotomien zuweilen der
124 1223 1474 1269 Infectionsprocess von der Schleimhaut auf die Operationswunde
125 1276 1473 1320 fort. Aber auch ohne augenfällige Infection werden Wunden
125 1329 1473 1377 öfters diphtheritisch und nach Cohnheim's Meinung ist es des¬
124 1385 1471 1431 wegen sehr wahrscheinlich, dass der Hospitalbrand weiter nichts
124 1439 966 1485 als eine Diphtherie der Wundflächen ist.
218 1495 1471 1542 Hueter  fand auch in den grauen diphtheritischen Belägen
124 1551 1471 1596 von Wunden und bei genauerer Untersuchung in den angrenzenden
124 1603 1471 1650 anscheinend noch ganz gesunden Geweben dieselben kleinen, run¬
124 1658 1471 1706 den, dunkel contourirten Körperchen, die er später in den Pseudo¬
123 1713 1342 1760 membranen bei Diphtheritis des Larynx und Pharynx sah.
217 1768 1471 1816 Durch die Arbeiten von Oertel, Nassiloff, Classen, Letze¬
122 1824 1471 1873 rich, Klebs, Eberth  ist es wohl ausser Zweifel gestellt, dass
122 1879 1472 1927 in den diphtheritischen Auflagerungen grosse Mengen von Mikro¬
122 1934 1471 1981 kokken vorhanden sind. Darüber jedoch, ob die Bakterien in
123 1988 1470 2033 die Gewebe eindringen, lauten die Angaben noch widersprechend.
203 91 1470 130 Jetziger Stand u.s.w. der Mikroorganismen zu den Wundinfectionskrankh.
129 90 174 123 12
246 2101 973 2132 v. Langenbeck's Archiv. Bd. XX. S. 418.
245 2145 1174 2178 Deutsche medicin. Wochenschr. 1878. Nr. 17. S. 224.
246 2190 1285 2224 Virchow und Hirsch: Jahresbericht f. d. Jahr 1875. S. 69.
245 2236 448 2264 l. c. S. 482.
248 2281 1266 2321 Steudener: Volkmann's klinische Vorträge. Nr. 38. S. 24.
246 2326 1300 2365 Vgl. Birch-Hirschfeld: Lehrb. d. pathol. Anatomie. S. 799.
