1600 2439
118 74 1383 114 1. Das Vorkommen der Mikroorganismen im erkrankten menschl. Körper.
116 167 1462 216 beobachtet. Weiter wurden die Elemente des Mikrosporon von
117 222 1462 272 Klebs in den Thromben, welche sich hinter den Venenklappen
86 274 1462 327 entwickeln, in den metastatischen Herden der Lunge und der
117 336 534 381 Leber nachgewiesen.
212 387 1461 433 So zahlreich und bedeutungsvoll die Thatsachen sind, die bis
112 440 1463 491 jetzt über die Abhängigkeit der Pyämie von der Entwicklung der
118 495 1462 544 Bakterien in den erkrankten Körpertheilen gesammelt wurden, so
118 550 1464 602 spärlich und unsicher sind die Angaben über das Vorkommen von
119 605 634 650 Bakterien bei Septicämie.
211 661 1463 710 Coze und Feltz sowohl als Hueter  wollten die septi¬
118 715 1463 761 cämischen Erkrankungen häufig gesehene stachelförmige Gestalt¬
117 768 1463 815 veränderung der rothen Blutkörperchen auf das Ankleben und
118 823 1463 870 Eindringen von Bakterien zurückführen; eine Beobachtung die viel¬
118 880 985 926 fach und wohl mit Recht angezweifelt ist.
210 936 1465 981 Ausser dieser habe ich nur noch eine Angabe von Collmann
118 992 1462 1036 von Schatteburg  über Bakterien im septikämischen Blute
116 1046 1463 1093 auffinden können. Derselbe sah in einem Falle von Septicämie
118 1100 1466 1146 Stäbchen im Körperblut und in den Gefässschlingen der Glo¬
118 1156 254 1190 meruli.
211 1205 1461 1251 Erheblich reichhaltigeres Material liegt über Erysipelas vor.
212 1260 1468 1307 Nepveu  fand im Blute Erysipelatöser Mikrokokken und zwar
118 1317 1465 1365 reichlicher in den Blutproben, die aus den von dem Erysipel er¬
118 1375 768 1420 griffenen Hautpartien stammten.
212 1429 1465 1476 Dieselbe Erfahrung machte Wilde , der  ausserdem angibt,
119 1481 1465 1528 dass auch der Eiter solcher Wunden, von welchen erysipelatöse
119 1533 1465 1581 Entzündung ausgeht, reichlich Mikrokokken enthält. Von Orth
119 1588 1466 1634 wurden dann Mikrokokken im Inhalt der Erysipelasblasen nach¬
119 1650 308 1694 gewiesen.
213 1701 1468 1748 Besonders wichtig ist die Entdeckung von v. Recklinghausen
120 1757 1468 1804 und Lukomsky , dass die Lymphgefässe und Saftkanäle der Haut
120 1813 1469 1861 an der Grenze der erysipelatösen Affection mit Mikrokokken ge¬
121 1867 312 1903 füllt sind.
214 1919 1466 1963 Bestätigt wurde diese Beobachtung von Billroth und Ehr¬
1416 75 1455 107 11
243 2031 1465 2071 Vgl. Birch-Hirschfeld: Lehrbuch der pathologischen Anatomie.
121 2076 1109 2121 Leipzig 1876. S. 469 und Med. Jahrbb. Bd. 166. S. 184.
244 2122 1348 2158 Virchow und Hirsch: Jahresbericht f. d. Jahr 1875. I. S. 369.
244 2166 1348 2204 Virchow und Hirsch: Jahresbericht f. d. Jahr 1872. I. S. 254.
244 2212 909 2250 Med. Jahrbb. Bd. 155. Heft 1. S. 104.
245 2258 1120 2302 Archiv f. experim. Pathol. u. Pharmakol. I. S. 81.
245 2304 1093 2341 Virchow's Archiv. Bd. LX. Heft 3 u. 4. S. 418.
