1600 2610
115 277 1296 326 Eine beſtimmte Form für die Aufhebung von Sonderrechten
22 334 1295 386 iſt weder durch poſitives Recht vorgeſchrieben, noch aus der Natur
27 391 1294 441 der Sonderrechte abzuleiten. Es genügt in vielen Fällen ein that-
22 446 1295 501 ſächlicher Verzicht . Iſt das Sonderrecht aber gleichzeitig ein
25 504 1295 556 Beſtandtheil der Verfaſſung, ſo bedarf es außer der Zuſtimmung
25 561 1297 613 des berechtigten Staates auch der für Verfaſſungsänderungen im
27 617 1295 668 Art. 78 Abſ. 1 vorgeſchriebenen Form. Ein förmlicher Staats-
26 675 1296 727 vertrag zwiſchen dem Reich und dem Einzelſtaat iſt in keinem
28 731 1295 784 Falle für erforderlich zu erachten, da das Reich wegen ſeiner ſou-
27 786 1295 837 veränen Macht über ſeine Glieder ſich ſtets der Form des Ge-
26 843 1295 896 ſetzes bedienen kann . Es iſt nur nothwendig, daß es bei Aus-
27 899 1297 951 übung dieſer Macht die materiellen Schranken beobachtet, welche
28 955 1297 1009 ihm der Rechtsſatz zieht, daß wohlbegründete Rechte nicht ohne
30 1012 1133 1067 Zuſtimmung des Berechtigten aufgehoben werden dürfen.
123 1069 1298 1120 In der Zuſtimmung eines berechtigten Staates zu einem
30 1125 1296 1178 Geſetz, welches ein Sonderrecht aufhebt oder beſchränkt, iſt zugleich
29 1183 1298 1234 ein Verzicht auf dieſes Sonderrecht enthalten. Wenn daher im
31 1240 1298 1290 Bundesrath die Stimme des berechtigten Staates unter der, dem
31 1295 1296 1347 Geſetz zuſtimmenden Majorität ſich befindet, ſo iſt dies zur rechts-
32 1352 1297 1404 gültigen Beſeitigung des Sonderrechts genügend . Ein Zuſtim-
30 1408 1296 1460 mung des Landtages des berechtigten Einzelſtaates iſt nicht erfor-
30 1464 1296 1517 derlich, weder eine vorgängige vor der Beſchlußfaſſung des Bun-
32 1520 1297 1574 desrathes noch eine nachträgliche behufs der Ratihabition des
34 1577 1299 1630 Reichsgeſetzes. Bei allen Geſetzgebungsacten des Reiches wird der
1229 185 1293 218 119
352 183 958 225 §. 11. Die Rechte der Einzelſtaaten.
158 1671 1298 1716 So z. B. wenn Württemberg auf ſeinen Eiſenbahnen den Einpfennig-
32 1718 1298 1764 Tarif einführen oder der Poſt dieſelben Vorrechte beilegen würde, die ihr nach
30 1770 494 1811 dem Reichspoſtgeſetz zuſtehen.
155 1814 1298 1855 Die entgegengeſetzte Anſicht vertritt Hänel S. 236 ff., dem Löning
32 1860 1300 1902 S. 347 beiſtimmt, ſo weit dieſe Sonderrechte in der Form des Vertrages ge-
31 1907 1300 1953 gründet worden ſind, d. h. ſoweit ſie in Beſtimmungen der Schlußprotokolle
32 1954 1299 2000 enthalten ſind, die nicht in die jetzige Redaction der Reichsverfaſſung Aufnahme
32 2002 1301 2047 gefunden haben und durch §. 3 des Publikationsgeſetzes zur Reichsverf. in
31 2053 513 2093 Geltung erhalten worden ſind.
155 2096 1300 2138 Es wurde auch praktiſch demgemäß verfahren, als das Reichs-Poſtge-
31 2143 1300 2188 ſetz vom 28. Oktober 1871 das Vorrecht der Poſt auf ausſchließliche Beför-
33 2190 1299 2234 derung politiſcher Zeitungen in Württemberg, wo es bis dahin nicht beſtand,
35 2238 1299 2284 einführte, alſo die im Württemb. Protokoll vom 25. Nov. 1870 unter 3 ent-
34 2284 1300 2329 haltene Feſtſetzung abänderte. Hänel a. a. O. S. 237. Vgl. ferner den
36 2332 1299 2374 S. 118 Note 2 mitgetheilten Fall aus dem Protokoll des Bundesrathes vom
40 2384 219 2421 1875 §. 70.
