<?xml version="1.0" encoding="UTF-8"?>
<PcGts xmlns="http://schema.primaresearch.org/PAGE/gts/pagecontent/2019-07-15" xmlns:xsi="http://www.w3.org/2001/XMLSchema-instance" xsi:schemaLocation="http://schema.primaresearch.org/PAGE/gts/pagecontent/2019-07-15 http://schema.primaresearch.org/PAGE/gts/pagecontent/2019-07-15/pagecontent.xsd">
<Metadata>
<Creator>regJS2PAGE.py</Creator>
<Created>2021-02-16T10:49:31.847660</Created>
<LastChange>2021-02-16T10:49:31.847660</LastChange>
</Metadata>
<Page imageFilename="tmp/laband_staatsrecht0301_1880_0100.png" imageWidth="1600" imageHeight="2544">
<TextRegion id="block_0" custom="structure {type:body;}">
<Coords points="242,261 242,307 240,315 240,361 240,370 396,370 396,416 396,425 240,425 240,472 239,481 239,529 243,536 243,583 238,591 238,639 237,646 237,694 240,701 240,748 238,755 238,802 239,812 239,858 239,864 331,864 331,911 331,919 240,919 240,967 239,974 239,1021 239,1030 239,1076 239,1085 239,1131 239,1139 239,1186 242,1192 242,1242 242,1248 242,1296 243,1301 243,1352 1474,1352 1474,1301 1475,1296 1475,1248 1473,1242 1473,1192 1471,1186 1471,1139 1471,1131 1471,1085 1472,1076 1472,1030 1471,1021 1471,974 1474,967 1474,919 1472,911 1472,864 680,864 680,858 680,812 1470,812 1470,802 1470,755 1470,748 1470,701 1469,694 1469,646 1468,639 1468,591 1470,583 1470,536 1470,529 1470,481 1469,472 1469,425 1470,416 1470,370 1191,370 1191,361 1191,315 1470,315 1470,307 1470,261 242,261"/>
<TextLine id="line_0">
<Coords points="242,264 298,264 325,265 394,265 421,267 464,267 489,265 615,265 642,270 732,270 755,263 800,263 824,262 1009,262 1036,263 1102,263 1127,261 1297,261 1322,261 1470,261 1470,306 1322,306 1297,302 1127,302 1102,298 1036,298 1009,306 824,306 800,297 755,297 732,298 642,298 615,307 489,307 464,297 421,297 394,299 325,299 298,298 242,298 242,264"/>
<Baseline points="242,298 298,298 325,299 394,299 421,297 464,297 489,307 615,307 642,298 732,298 755,297 800,297 824,306 1009,306 1036,298 1102,298 1127,302 1297,302 1322,306 1470,306"/>
<TextEquiv><Unicode>des Art. 60 genügt, wenn im Etatsgeſetz eine beſtimmte Präſenz-</Unicode></TextEquiv>
</TextLine>

<TextLine id="line_1">
<Coords points="240,318 333,318 357,320 426,320 451,318 691,318 715,328 752,328 777,317 910,317 936,317 1036,317 1060,315 1138,315 1157,316 1191,316 1191,360 1157,360 1138,352 1060,352 1036,361 936,361 910,353 777,353 752,360 715,360 691,354 451,354 426,354 357,354 333,361 240,361 240,318"/>
<Baseline points="240,361 333,361 357,354 426,354 451,354 691,354 715,360 752,360 777,353 910,353 936,361 1036,361 1060,352 1138,352 1157,360 1191,360"/>
<TextEquiv><Unicode>ſtärke dem Militair-Etat zu Grunde gelegt wird .</Unicode></TextEquiv>
</TextLine>

<TextLine id="line_2">
<Coords points="396,372 522,372 538,381 603,381 620,372 668,372 686,370 842,370 860,372 975,372 1001,370 1039,370 1056,370 1106,370 1124,372 1177,372 1196,371 1396,371 1417,371 1470,371 1470,405 1417,405 1396,416 1196,416 1177,406 1124,406 1106,406 1056,406 1039,405 1001,405 975,415 860,415 842,414 686,414 668,406 620,406 603,407 538,407 522,416 396,416 396,372"/>
<Baseline points="396,416 522,416 538,407 603,407 620,406 668,406 686,414 842,414 860,415 975,415 1001,405 1039,405 1056,406 1106,406 1124,406 1177,406 1196,416 1396,416 1417,405 1470,405"/>
<TextEquiv><Unicode>Es entſteht nun die zwiefache Frage, ob bei der Feſtſtellung der</Unicode></TextEquiv>
</TextLine>

<TextLine id="line_3">
<Coords points="240,427 619,427 645,427 734,427 762,426 860,426 887,427 995,427 1022,425 1092,425 1113,430 1131,430 1142,426 1211,426 1231,426 1316,426 1337,427 1469,427 1469,461 1337,461 1316,461 1231,461 1211,461 1142,461 1131,459 1113,459 1092,466 1022,466 995,461 887,461 860,470 762,470 734,469 645,469 619,472 240,472 240,427"/>
<Baseline points="240,472 619,472 645,469 734,469 762,470 860,470 887,461 995,461 1022,466 1092,466 1113,459 1131,459 1142,461 1211,461 1231,461 1316,461 1337,461 1469,461"/>
<TextEquiv><Unicode>Friedenspräſenzſtärke durch Geſetz Art. 5 Abſ. 2 der R.V. Anwen-</Unicode></TextEquiv>
</TextLine>

<TextLine id="line_4">
<Coords points="239,484 323,484 339,493 376,493 388,483 493,483 506,482 596,482 609,482 673,482 688,481 794,481 805,481 1024,481 1036,482 1195,482 1209,488 1298,488 1311,482 1360,482 1374,485 1470,485 1470,516 1374,516 1360,529 1311,529 1298,517 1209,517 1195,525 1036,525 1024,525 805,525 794,525 688,525 673,517 609,517 596,526 506,526 493,526 388,526 376,527 339,527 323,527 239,527 239,484"/>
<Baseline points="239,527 323,527 339,527 376,527 388,526 493,526 506,526 596,526 609,517 673,517 688,525 794,525 805,525 1024,525 1036,525 1195,525 1209,517 1298,517 1311,529 1360,529 1374,516 1470,516"/>
<TextEquiv><Unicode>dung zu finden habe, und welche Rechtsfolgen eintreten, wenn ein neues</Unicode></TextEquiv>
</TextLine>

<TextLine id="line_5">
<Coords points="243,539 342,539 367,538 445,538 463,540 510,540 528,538 648,538 667,537 898,537 915,537 993,537 1017,547 1054,547 1071,537 1198,537 1216,536 1338,536 1377,536 1470,536 1470,576 1377,576 1338,572 1216,572 1198,572 1071,572 1054,580 1017,580 993,579 915,579 898,581 667,581 648,579 528,579 510,573 463,573 445,574 367,574 342,583 243,583 243,539"/>
<Baseline points="243,583 342,583 367,574 445,574 463,573 510,573 528,579 648,579 667,581 898,581 915,579 993,579 1017,580 1054,580 1071,572 1198,572 1216,572 1338,572 1377,576 1470,576"/>
<TextEquiv><Unicode>Geſetz über die fernere Präſenzſtärke nicht zu Stande kömmt. Dieſe</Unicode></TextEquiv>
</TextLine>

<TextLine id="line_6">
<Coords points="238,594 347,594 373,594 493,594 520,594 591,594 615,602 690,602 715,592 790,592 814,592 892,592 916,591 1157,591 1181,591 1313,591 1339,591 1387,591 1407,592 1468,592 1468,626 1407,626 1387,626 1339,626 1313,635 1181,635 1157,636 916,636 892,636 814,636 790,627 715,627 690,628 615,628 591,634 520,634 493,639 373,639 347,629 238,629 238,594"/>
<Baseline points="238,629 347,629 373,639 493,639 520,634 591,634 615,628 690,628 715,627 790,627 814,636 892,636 916,636 1157,636 1181,635 1313,635 1339,626 1387,626 1407,626 1468,626"/>
<TextEquiv><Unicode>beiden Punkte darf man aber nicht durcheinander werfen; die Be-</Unicode></TextEquiv>
</TextLine>

<TextLine id="line_7">
<Coords points="237,650 358,650 385,651 438,651 463,648 722,648 746,648 803,648 829,648 898,648 926,650 943,650 971,646 1042,646 1071,650 1089,650 1125,646 1197,646 1231,646 1308,646 1340,656 1377,656 1401,646 1469,646 1469,680 1401,680 1377,689 1340,689 1308,689 1231,689 1197,688 1125,688 1089,680 1071,680 1042,689 971,689 943,680 926,680 898,682 829,682 803,682 746,682 722,685 463,685 438,685 385,685 358,694 237,694 237,650"/>
<Baseline points="237,694 358,694 385,685 438,685 463,685 722,685 746,682 803,682 829,682 898,682 926,680 943,680 971,689 1042,689 1071,680 1089,680 1125,688 1197,688 1231,689 1308,689 1340,689 1377,689 1401,680 1469,680"/>
<TextEquiv><Unicode>jahung der Anwendbarkeit des Art. 5 Abſ. 2 darf nicht zu dem</Unicode></TextEquiv>
</TextLine>

<TextLine id="line_8">
<Coords points="240,705 361,705 387,705 548,705 573,704 626,704 652,702 690,702 716,703 816,703 832,702 962,702 986,703 1052,703 1070,701 1391,701 1417,701 1470,701 1470,735 1417,735 1391,746 1070,746 1052,738 986,738 962,738 832,738 816,738 716,738 690,738 652,738 626,739 573,739 548,747 387,747 361,748 240,748 240,705"/>
<Baseline points="240,748 361,748 387,747 548,747 573,739 626,739 652,738 690,738 716,738 816,738 832,738 962,738 986,738 1052,738 1070,746 1391,746 1417,735 1470,735"/>
<TextEquiv><Unicode>Schluß verleiten, als ob damit indirekt eine Fortgeltung der</Unicode></TextEquiv>
</TextLine>

<TextLine id="line_9">
<Coords points="238,760 282,760 308,758 569,758 595,759 622,759 652,761 668,761 695,756 906,756 924,755 1150,755 1175,756 1232,756 1255,755 1470,755 1470,796 1255,796 1232,797 1175,797 1150,800 924,800 906,800 695,800 668,790 652,790 622,801 595,801 569,802 308,802 282,793 238,793 238,760"/>
<Baseline points="238,793 282,793 308,802 569,802 595,801 622,801 652,790 668,790 695,800 906,800 924,800 1150,800 1175,797 1232,797 1255,796 1470,796"/>
<TextEquiv><Unicode>im Militair-Geſetz §. 1 feſtgeſtellten Präſenzziffer auf unbeſtimmte</Unicode></TextEquiv>
</TextLine>

<TextLine id="line_10">
<Coords points="239,814 310,814 333,813 504,813 529,813 612,813 617,812 680,812 680,856 617,856 612,848 529,848 504,857 333,857 310,858 239,858 239,814"/>
<Baseline points="239,858 310,858 333,857 504,857 529,848 612,848 617,856 680,856"/>
<TextEquiv><Unicode>Zeit behauptet werde .</Unicode></TextEquiv>
</TextLine>

<TextLine id="line_11">
<Coords points="331,869 393,869 419,866 591,866 622,868 677,868 712,867 781,867 816,870 835,870 870,866 941,866 970,870 987,870 1021,866 1113,866 1148,875 1208,875 1234,864 1319,864 1345,864 1393,864 1418,865 1472,865 1472,899 1418,899 1393,899 1345,899 1319,909 1234,909 1208,900 1148,900 1113,911 1021,911 987,900 970,900 941,909 870,909 835,900 816,900 781,902 712,902 677,903 622,903 591,910 419,910 393,904 331,904 331,869"/>
<Baseline points="331,904 393,904 419,910 591,910 622,903 677,903 712,902 781,902 816,900 835,900 870,909 941,909 970,900 987,900 1021,911 1113,911 1148,900 1208,900 1234,909 1319,909 1345,899 1393,899 1418,899 1472,899"/>
<TextEquiv><Unicode>Die Vorſchrift des Art. 5 Abſ. 2 greift nur Platz bei der</Unicode></TextEquiv>
</TextLine>

<TextLine id="line_12">
<Coords points="240,923 458,923 496,922 754,922 793,922 848,922 876,921 1139,921 1176,921 1243,921 1278,919 1353,919 1391,919 1474,919 1474,963 1391,963 1353,955 1278,955 1243,963 1176,963 1139,965 876,965 848,957 793,957 754,966 496,966 458,967 240,967 240,923"/>
<Baseline points="240,967 458,967 496,966 754,966 793,957 848,957 876,965 1139,965 1176,963 1243,963 1278,955 1353,955 1391,963 1474,963"/>
<TextEquiv><Unicode>Abſtimmung innerhalb des Bundesrathes; hier aber giebt</Unicode></TextEquiv>
</TextLine>

<TextLine id="line_13">
<Coords points="239,978 287,978 323,978 463,978 501,978 557,978 595,977 799,977 836,975 885,975 922,975 1259,975 1297,974 1374,974 1410,975 1471,975 1471,1009 1410,1009 1374,1010 1297,1010 1259,1020 922,1020 885,1011 836,1011 799,1021 595,1021 557,1012 501,1012 463,1013 323,1013 287,1013 239,1013 239,978"/>
<Baseline points="239,1013 287,1013 323,1013 463,1013 501,1012 557,1012 595,1021 799,1021 836,1011 885,1011 922,1020 1259,1020 1297,1010 1374,1010 1410,1009 1471,1009"/>
<TextEquiv><Unicode>die Stimme des Präſidiums bei Geſetzesvorſchlägen über das</Unicode></TextEquiv>
</TextLine>

<TextLine id="line_14">
<Coords points="239,1032 485,1032 510,1034 567,1034 593,1032 784,1032 810,1039 900,1039 925,1032 964,1032 988,1032 1041,1032 1067,1030 1120,1030 1145,1032 1191,1032 1217,1030 1472,1030 1472,1073 1217,1073 1191,1066 1145,1066 1120,1073 1067,1073 1041,1074 988,1074 964,1073 925,1073 900,1067 810,1067 784,1076 593,1076 567,1069 510,1069 485,1075 239,1075 239,1032"/>
<Baseline points="239,1075 485,1075 510,1069 567,1069 593,1076 784,1076 810,1067 900,1067 925,1073 964,1073 988,1074 1041,1074 1067,1073 1120,1073 1145,1066 1191,1066 1217,1073 1472,1073"/>
<TextEquiv><Unicode>Militairweſen den Ausſchlag, wenn ſie ſich für die Aufrechter-</Unicode></TextEquiv>
</TextLine>

<TextLine id="line_15">
<Coords points="239,1088 429,1088 475,1088 547,1088 588,1088 862,1088 901,1087 1248,1087 1291,1085 1471,1085 1471,1128 1291,1128 1248,1130 901,1130 862,1131 588,1131 547,1123 475,1123 429,1131 239,1131 239,1088"/>
<Baseline points="239,1131 429,1131 475,1123 547,1123 588,1131 862,1131 901,1130 1248,1130 1291,1128 1471,1128"/>
<TextEquiv><Unicode>haltung der beſtehenden Einrichtungen ausſpricht.</Unicode></TextEquiv>
</TextLine>

<TextLine id="line_16">
<Coords points="239,1143 301,1143 327,1142 621,1142 656,1142 733,1142 757,1141 859,1141 884,1142 958,1142 992,1150 1070,1150 1094,1140 1266,1140 1298,1140 1361,1140 1393,1139 1471,1139 1471,1181 1393,1181 1361,1175 1298,1175 1266,1183 1094,1183 1070,1184 992,1184 958,1184 884,1184 859,1183 757,1183 733,1183 656,1183 621,1186 327,1186 301,1177 239,1177 239,1143"/>
<Baseline points="239,1177 301,1177 327,1186 621,1186 656,1183 733,1183 757,1183 859,1183 884,1184 958,1184 992,1184 1070,1184 1094,1183 1266,1183 1298,1175 1361,1175 1393,1181 1471,1181"/>
<TextEquiv><Unicode>Die Reichsverfaſſung ſtellt dieſen Satz ganz unbedingt und ohne</Unicode></TextEquiv>
</TextLine>

<TextLine id="line_17">
<Coords points="242,1197 530,1197 553,1199 617,1199 642,1196 942,1196 966,1195 1041,1195 1067,1195 1251,1195 1280,1194 1317,1194 1341,1198 1375,1198 1402,1192 1473,1192 1473,1237 1402,1237 1375,1228 1341,1228 1317,1236 1280,1236 1251,1239 1067,1239 1041,1239 966,1239 942,1240 642,1240 617,1233 553,1233 530,1242 242,1242 242,1197"/>
<Baseline points="242,1242 530,1242 553,1233 617,1233 642,1240 942,1240 966,1239 1041,1239 1067,1239 1251,1239 1280,1236 1317,1236 1341,1228 1375,1228 1402,1237 1473,1237"/>
<TextEquiv><Unicode>Einſchränkungen und Unterſcheidungen auf; namentlich iſt es auch</Unicode></TextEquiv>
</TextLine>

<TextLine id="line_18">
<Coords points="242,1252 320,1252 356,1252 569,1252 611,1251 672,1251 711,1252 779,1252 821,1250 997,1250 1032,1249 1254,1249 1296,1248 1475,1248 1475,1291 1296,1291 1254,1293 1032,1293 997,1293 821,1293 779,1293 711,1293 672,1293 611,1293 569,1296 356,1296 320,1294 242,1294 242,1252"/>
<Baseline points="242,1294 320,1294 356,1296 569,1296 611,1293 672,1293 711,1293 779,1293 821,1293 997,1293 1032,1293 1254,1293 1296,1291 1475,1291"/>
<TextEquiv><Unicode>nicht erforderlich, daß „die beſtehende Einrichtung“ überhaupt</Unicode></TextEquiv>
</TextLine>

<TextLine id="line_19">
<Coords points="243,1307 300,1307 325,1308 423,1308 448,1308 549,1308 575,1307 689,1307 704,1307 739,1307 791,1305 867,1305 902,1304 977,1304 1012,1305 1060,1305 1092,1304 1183,1304 1209,1305 1257,1305 1283,1301 1474,1301 1474,1345 1283,1345 1257,1339 1209,1339 1183,1347 1092,1347 1060,1340 1012,1340 977,1340 902,1340 867,1347 791,1347 739,1351 704,1351 689,1350 575,1350 549,1352 448,1352 423,1343 325,1343 300,1350 243,1350 243,1307"/>
<Baseline points="243,1350 300,1350 325,1343 423,1343 448,1352 549,1352 575,1350 689,1350 704,1351 739,1351 791,1347 867,1347 902,1340 977,1340 1012,1340 1060,1340 1092,1347 1183,1347 1209,1339 1257,1339 1283,1345 1474,1345"/>
<TextEquiv><Unicode>auf einem Geſetz beruhe . Daß aber die durch die Verfaſſung</Unicode></TextEquiv>
</TextLine>

</TextRegion>
<TextRegion id="block_1" custom="structure {type:pageNum;}">
<Coords points="240,184 240,215 283,215 283,184 240,184"/>
<TextLine id="line_20">
<Coords points="240,184 283,184 283,215 240,215 240,184"/>
<Baseline points="240,215 283,215"/>
<TextEquiv><Unicode>90</Unicode></TextEquiv>
</TextLine>

</TextRegion>
<TextRegion id="block_2" custom="structure {type:header;}">
<Coords points="635,179 635,216 1061,216 1061,179 635,179"/>
<TextLine id="line_21">
<Coords points="635,182 659,182 680,181 724,181 763,180 826,180 846,180 963,180 983,179 1061,179 1061,215 983,215 963,216 846,216 826,209 763,209 724,210 680,210 659,216 635,216 635,182"/>
<Baseline points="635,216 659,216 680,210 724,210 763,209 826,209 846,216 963,216 983,215 1061,215"/>
<TextEquiv><Unicode>§. 83. Das ſtehende Heer.</Unicode></TextEquiv>
</TextLine>

</TextRegion>
<TextRegion id="block_3" custom="structure {type:note;}">
<Coords points="365,1374 365,1418 365,1421 243,1421 243,1462 243,1467 243,1508 243,1514 243,1555 243,1560 243,1600 244,1605 244,1647 243,1652 243,1693 245,1702 245,1738 245,1743 368,1743 368,1784 368,1789 245,1789 245,1830 245,1840 245,1874 245,1881 367,1881 367,1920 367,1927 245,1927 245,1967 247,1973 247,2013 248,2019 248,2060 246,2064 246,2104 248,2110 248,2151 248,2156 248,2196 247,2202 247,2242 248,2247 248,2288 247,2292 247,2334 246,2343 246,2379 527,2379 527,2343 1479,2343 1479,2334 1479,2292 1477,2288 1477,2247 1478,2242 1478,2202 1478,2196 1478,2156 1476,2151 1476,2110 1476,2104 1476,2064 1477,2060 1477,2019 1478,2013 1478,1973 1476,1967 1476,1927 1477,1920 1477,1881 664,1881 664,1874 664,1840 1477,1840 1477,1830 1477,1789 1475,1784 1475,1743 829,1743 829,1738 829,1702 1474,1702 1474,1693 1474,1652 1475,1647 1475,1605 1474,1600 1474,1560 1472,1555 1472,1514 1476,1508 1476,1467 1472,1462 1472,1421 1475,1418 1475,1374 365,1374"/>
<TextLine id="line_22">
<Coords points="365,1380 427,1380 447,1381 539,1381 559,1381 599,1381 619,1379 763,1379 776,1378 980,1378 1000,1378 1164,1378 1184,1377 1214,1377 1229,1376 1334,1376 1348,1374 1475,1374 1475,1405 1348,1405 1334,1412 1229,1412 1214,1407 1184,1407 1164,1414 1000,1414 980,1414 776,1414 763,1416 619,1416 599,1410 559,1410 539,1418 447,1418 427,1416 365,1416 365,1380"/>
<Baseline points="365,1416 427,1416 447,1418 539,1418 559,1410 599,1410 619,1416 763,1416 776,1414 980,1414 1000,1414 1164,1414 1184,1407 1214,1407 1229,1412 1334,1412 1348,1405 1475,1405"/>
<TextEquiv><Unicode>Vgl. hierzu die trefflichen Erörterungen Seydel’s in Hirth’s Annalen</Unicode></TextEquiv>
</TextLine>

<TextLine id="line_23">
<Coords points="243,1426 279,1426 302,1426 372,1426 392,1426 429,1426 455,1427 546,1427 567,1432 591,1432 613,1427 747,1427 765,1425 801,1425 824,1426 837,1426 869,1424 905,1424 928,1425 978,1425 1011,1425 1061,1425 1086,1424 1191,1424 1219,1423 1382,1423 1410,1421 1472,1421 1472,1450 1410,1450 1382,1459 1219,1459 1191,1460 1086,1460 1061,1454 1011,1454 978,1453 928,1453 905,1455 869,1455 837,1453 824,1453 801,1453 765,1453 747,1456 613,1456 591,1456 567,1456 546,1461 455,1461 429,1462 392,1462 372,1454 302,1454 279,1455 243,1455 243,1426"/>
<Baseline points="243,1455 279,1455 302,1454 372,1454 392,1462 429,1462 455,1461 546,1461 567,1456 591,1456 613,1456 747,1456 765,1453 801,1453 824,1453 837,1453 869,1455 905,1455 928,1453 978,1453 1011,1454 1061,1454 1086,1460 1191,1460 1219,1459 1382,1459 1410,1450 1472,1450"/>
<TextEquiv><Unicode>S. 1410 ff., welche v. Rönne II. 1 S. 150 mit einigen Kürzungen wie-</Unicode></TextEquiv>
</TextLine>

<TextLine id="line_24">
<Coords points="243,1472 370,1472 409,1472 554,1472 573,1473 677,1473 696,1472 727,1472 746,1472 808,1472 829,1471 909,1471 921,1479 954,1479 976,1470 1148,1470 1169,1469 1205,1469 1220,1470 1272,1470 1287,1468 1356,1468 1367,1467 1391,1467 1418,1467 1476,1467 1476,1502 1418,1502 1391,1496 1367,1496 1356,1497 1287,1497 1272,1498 1220,1498 1205,1499 1169,1499 1148,1506 976,1506 954,1500 921,1500 909,1506 829,1506 808,1507 746,1507 727,1508 696,1508 677,1508 573,1508 554,1508 409,1508 370,1507 243,1507 243,1472"/>
<Baseline points="243,1507 370,1507 409,1508 554,1508 573,1508 677,1508 696,1508 727,1508 746,1507 808,1507 829,1506 909,1506 921,1500 954,1500 976,1506 1148,1506 1169,1499 1205,1499 1220,1498 1272,1498 1287,1497 1356,1497 1367,1496 1391,1496 1418,1502 1476,1502"/>
<TextEquiv><Unicode>dergiebt. Derſelben Anſicht iſt auch Meyer Staatsrecht S. 517 Note 4. Für</Unicode></TextEquiv>
</TextLine>

<TextLine id="line_25">
<Coords points="243,1518 284,1518 305,1519 534,1519 554,1518 658,1518 677,1518 796,1518 815,1517 860,1517 881,1516 1093,1516 1121,1517 1151,1517 1170,1521 1195,1521 1216,1515 1347,1515 1371,1514 1472,1514 1472,1550 1371,1550 1347,1551 1216,1551 1195,1545 1170,1545 1151,1545 1121,1545 1093,1553 881,1553 860,1553 815,1553 796,1547 677,1547 658,1554 554,1554 534,1555 305,1555 284,1546 243,1546 243,1518"/>
<Baseline points="243,1546 284,1546 305,1555 534,1555 554,1554 658,1554 677,1547 796,1547 815,1553 860,1553 881,1553 1093,1553 1121,1545 1151,1545 1170,1545 1195,1545 1216,1551 1347,1551 1371,1550 1472,1550"/>
<TextEquiv><Unicode>die entgegengeſetzte Anſicht erklären ſich Thudichum in v. Holtzend. Jahrb.</Unicode></TextEquiv>
</TextLine>

<TextLine id="line_26">
<Coords points="243,1564 271,1564 293,1564 328,1564 352,1564 403,1564 433,1565 487,1565 508,1565 542,1565 562,1565 710,1565 738,1564 769,1564 787,1563 944,1563 963,1562 1112,1562 1137,1562 1182,1562 1212,1561 1263,1561 1283,1560 1394,1560 1420,1560 1474,1560 1474,1588 1420,1588 1394,1596 1283,1596 1263,1589 1212,1589 1182,1597 1137,1597 1112,1599 963,1599 944,1598 787,1598 769,1593 738,1593 710,1600 562,1600 542,1599 508,1599 487,1593 433,1593 403,1591 352,1591 328,1592 293,1592 271,1591 243,1591 243,1564"/>
<Baseline points="243,1591 271,1591 293,1592 328,1592 352,1591 403,1591 433,1593 487,1593 508,1599 542,1599 562,1600 710,1600 738,1593 769,1593 787,1598 944,1598 963,1599 1112,1599 1137,1597 1182,1597 1212,1589 1263,1589 1283,1596 1394,1596 1420,1588 1474,1588"/>
<TextEquiv><Unicode>II S. 109 und H. Schulze in Grünhut’s Zeitſchrift für das Privat- und</Unicode></TextEquiv>
</TextLine>

<TextLine id="line_27">
<Coords points="244,1610 345,1610 367,1611 446,1611 465,1611 492,1611 513,1611 550,1611 570,1612 637,1612 668,1610 753,1610 773,1609 891,1609 913,1611 965,1611 986,1608 1177,1608 1206,1607 1241,1607 1261,1606 1325,1606 1347,1605 1475,1605 1475,1639 1347,1639 1325,1642 1261,1642 1241,1635 1206,1635 1177,1644 986,1644 965,1638 913,1638 891,1645 773,1645 753,1647 668,1647 637,1647 570,1647 550,1641 513,1641 492,1639 465,1639 446,1647 367,1647 345,1646 244,1646 244,1610"/>
<Baseline points="244,1646 345,1646 367,1647 446,1647 465,1639 492,1639 513,1641 550,1641 570,1647 637,1647 668,1647 753,1647 773,1645 891,1645 913,1638 965,1638 986,1644 1177,1644 1206,1635 1241,1635 1261,1642 1325,1642 1347,1639 1475,1639"/>
<TextEquiv><Unicode>öffentl. Recht II S. 309, jedoch lediglich aus Erwägungen de lege ferenda,</Unicode></TextEquiv>
</TextLine>

<TextLine id="line_28">
<Coords points="243,1656 285,1656 304,1657 402,1657 421,1657 452,1657 472,1657 521,1657 541,1657 772,1657 791,1656 838,1656 858,1655 1033,1655 1054,1660 1107,1660 1129,1654 1211,1654 1232,1653 1300,1653 1322,1653 1376,1653 1404,1652 1474,1652 1474,1679 1404,1679 1376,1681 1322,1681 1300,1680 1232,1680 1211,1686 1129,1686 1107,1683 1054,1683 1033,1690 858,1690 838,1684 791,1684 772,1693 541,1693 521,1685 472,1685 452,1685 421,1685 402,1685 304,1685 285,1684 243,1684 243,1656"/>
<Baseline points="243,1684 285,1684 304,1685 402,1685 421,1685 452,1685 472,1685 521,1685 541,1693 772,1693 791,1684 838,1684 858,1690 1033,1690 1054,1683 1107,1683 1129,1686 1211,1686 1232,1680 1300,1680 1322,1681 1376,1681 1404,1679 1474,1679"/>
<TextEquiv><Unicode>die bereits in den Verhandlungen des Reichstages von 1867, 1871 und 1874</Unicode></TextEquiv>
</TextLine>

<TextLine id="line_29">
<Coords points="245,1702 354,1702 375,1703 478,1703 500,1703 615,1703 636,1703 745,1703 764,1702 829,1702 829,1738 764,1738 745,1732 636,1732 615,1738 500,1738 478,1738 375,1738 354,1738 245,1738 245,1702"/>
<Baseline points="245,1738 354,1738 375,1738 478,1738 500,1738 615,1738 636,1732 745,1732 764,1738 829,1738"/>
<TextEquiv><Unicode>vielfach geltend gemacht worden ſind.</Unicode></TextEquiv>
</TextLine>

<TextLine id="line_30">
<Coords points="368,1748 446,1748 466,1748 644,1748 664,1748 747,1748 765,1748 810,1748 831,1747 860,1747 880,1747 952,1747 971,1746 1133,1746 1161,1746 1207,1746 1227,1744 1296,1744 1316,1743 1475,1743 1475,1779 1316,1779 1296,1779 1227,1779 1207,1773 1161,1773 1133,1780 971,1780 952,1774 880,1774 860,1775 831,1775 810,1783 765,1783 747,1784 664,1784 644,1783 466,1783 446,1784 368,1784 368,1748"/>
<Baseline points="368,1784 446,1784 466,1783 644,1783 664,1784 747,1784 765,1783 810,1783 831,1775 860,1775 880,1774 952,1774 971,1780 1133,1780 1161,1773 1207,1773 1227,1779 1296,1779 1316,1779 1475,1779"/>
<TextEquiv><Unicode>Dieſe Verwirrung findet ſich in einer Aeußerung des Abg. Reichen-</Unicode></TextEquiv>
</TextLine>

<TextLine id="line_31">
<Coords points="245,1794 390,1794 410,1794 555,1794 576,1793 696,1793 718,1794 787,1794 807,1793 821,1793 842,1792 910,1792 932,1791 968,1791 988,1792 1069,1792 1097,1791 1151,1791 1172,1789 1329,1789 1350,1789 1391,1789 1411,1794 1477,1794 1477,1818 1411,1818 1391,1817 1350,1817 1329,1825 1172,1825 1151,1820 1097,1820 1069,1826 988,1826 968,1821 932,1821 910,1827 842,1827 821,1820 807,1820 787,1822 718,1822 696,1829 576,1829 555,1830 410,1830 390,1830 245,1830 245,1794"/>
<Baseline points="245,1830 390,1830 410,1830 555,1830 576,1829 696,1829 718,1822 787,1822 807,1820 821,1820 842,1827 910,1827 932,1821 968,1821 988,1826 1069,1826 1097,1820 1151,1820 1172,1825 1329,1825 1350,1817 1391,1817 1411,1818 1477,1818"/>
<TextEquiv><Unicode>ſperger (Stenogr. Berichte 1874 I Seſſ. S. 763), und namentlich bei von</Unicode></TextEquiv>
</TextLine>

<TextLine id="line_32">
<Coords points="245,1840 374,1840 394,1840 429,1840 453,1840 476,1840 498,1840 534,1840 558,1841 607,1841 630,1840 664,1840 664,1874 630,1874 607,1867 558,1867 534,1868 498,1868 476,1866 453,1866 429,1867 394,1867 374,1869 245,1869 245,1840"/>
<Baseline points="245,1869 374,1869 394,1867 429,1867 453,1866 476,1866 498,1868 534,1868 558,1867 607,1867 630,1874 664,1874"/>
<TextEquiv><Unicode>Rönne II. 1. S. 151 fg.</Unicode></TextEquiv>
</TextLine>

<TextLine id="line_33">
<Coords points="367,1885 425,1885 444,1885 513,1885 534,1885 700,1885 721,1884 768,1884 787,1882 872,1882 888,1883 994,1883 1015,1883 1060,1883 1079,1882 1141,1882 1161,1883 1178,1883 1205,1883 1252,1883 1272,1882 1333,1882 1353,1882 1369,1882 1389,1881 1418,1881 1437,1881 1477,1881 1477,1909 1437,1909 1418,1910 1389,1910 1369,1909 1353,1909 1333,1910 1272,1910 1252,1910 1205,1910 1178,1909 1161,1909 1141,1918 1079,1918 1060,1911 1015,1911 994,1919 888,1919 872,1919 787,1919 768,1919 721,1919 700,1920 534,1920 513,1920 444,1920 425,1914 367,1914 367,1885"/>
<Baseline points="367,1914 425,1914 444,1920 513,1920 534,1920 700,1920 721,1919 768,1919 787,1919 872,1919 888,1919 994,1919 1015,1911 1060,1911 1079,1918 1141,1918 1161,1909 1178,1909 1205,1910 1252,1910 1272,1910 1333,1910 1353,1909 1369,1909 1389,1910 1418,1910 1437,1909 1477,1909"/>
<TextEquiv><Unicode>Der Abg. Tweſten, auf deſſen Antrag der Abſ. 2 des Art. 5 in die</Unicode></TextEquiv>
</TextLine>

<TextLine id="line_34">
<Coords points="245,1930 406,1930 427,1931 579,1931 599,1931 639,1931 659,1930 729,1930 748,1931 786,1931 806,1928 1137,1928 1155,1928 1314,1928 1333,1932 1387,1932 1408,1927 1476,1927 1476,1955 1408,1955 1387,1956 1333,1956 1314,1964 1155,1964 1137,1966 806,1966 786,1958 748,1958 729,1966 659,1966 639,1966 599,1966 579,1966 427,1966 406,1967 245,1967 245,1930"/>
<Baseline points="245,1967 406,1967 427,1966 579,1966 599,1966 639,1966 659,1966 729,1966 748,1958 786,1958 806,1966 1137,1966 1155,1964 1314,1964 1333,1956 1387,1956 1408,1955 1476,1955"/>
<TextEquiv><Unicode>Verfaſſung gekommen iſt, ſagte im verfaſſungberathenden Reichstage von 1867</Unicode></TextEquiv>
</TextLine>

<TextLine id="line_35">
<Coords points="247,1977 392,1977 412,1977 476,1977 497,1977 533,1977 554,1976 635,1976 665,1976 747,1976 748,1976 824,1976 844,1975 973,1975 1003,1975 1065,1975 1087,1974 1327,1974 1349,1981 1380,1981 1400,1973 1478,1973 1478,2008 1400,2008 1380,2010 1349,2010 1327,2010 1087,2010 1065,2011 1003,2011 973,2011 844,2011 824,2013 748,2013 747,2013 665,2013 635,2012 554,2012 533,2006 497,2006 476,2006 412,2006 392,2013 247,2013 247,1977"/>
<Baseline points="247,2013 392,2013 412,2006 476,2006 497,2006 533,2006 554,2012 635,2012 665,2013 747,2013 748,2013 824,2013 844,2011 973,2011 1003,2011 1065,2011 1087,2010 1327,2010 1349,2010 1380,2010 1400,2008 1478,2008"/>
<TextEquiv><Unicode>(Stenogr. Ber. S. 309): „Man hat gemeint, ſtatt „Einrichtungen“ zu ſagen</Unicode></TextEquiv>
</TextLine>

<TextLine id="line_36">
<Coords points="248,2024 389,2024 430,2023 481,2023 503,2023 599,2023 620,2024 691,2024 712,2022 765,2022 781,2021 1021,2021 1036,2021 1122,2021 1141,2020 1246,2020 1270,2019 1357,2019 1397,2019 1477,2019 1477,2048 1397,2048 1357,2054 1270,2054 1246,2049 1141,2049 1122,2056 1036,2056 1021,2057 781,2057 765,2058 712,2058 691,2057 620,2057 599,2059 503,2059 481,2059 430,2059 389,2060 248,2060 248,2024"/>
<Baseline points="248,2060 389,2060 430,2059 481,2059 503,2059 599,2059 620,2057 691,2057 712,2058 765,2058 781,2057 1021,2057 1036,2056 1122,2056 1141,2049 1246,2049 1270,2054 1357,2054 1397,2048 1477,2048"/>
<TextEquiv><Unicode>„Geſetze.“ Ich glaube aber, daß „Einrichtungen“ ſtehen bleiben müſſe. Denn</Unicode></TextEquiv>
</TextLine>

<TextLine id="line_37">
<Coords points="246,2072 276,2072 296,2069 367,2069 386,2069 491,2069 511,2069 720,2069 739,2067 840,2067 859,2067 897,2067 919,2066 1129,2066 1156,2066 1205,2066 1225,2065 1292,2065 1311,2065 1348,2065 1368,2064 1476,2064 1476,2099 1368,2099 1348,2093 1311,2093 1292,2100 1225,2100 1205,2094 1156,2094 1129,2101 919,2101 897,2095 859,2095 840,2103 739,2103 720,2103 511,2103 491,2104 386,2104 367,2104 296,2104 276,2097 246,2097 246,2072"/>
<Baseline points="246,2097 276,2097 296,2104 367,2104 386,2104 491,2104 511,2103 720,2103 739,2103 840,2103 859,2095 897,2095 919,2101 1129,2101 1156,2094 1205,2094 1225,2100 1292,2100 1311,2093 1348,2093 1368,2099 1476,2099"/>
<TextEquiv><Unicode>es giebt manche Einrichtungen ſowohl im Militairweſen wie ſonſt im Staate,</Unicode></TextEquiv>
</TextLine>

<TextLine id="line_38">
<Coords points="248,2115 288,2115 309,2115 376,2115 396,2114 569,2114 591,2115 638,2115 659,2113 779,2113 799,2113 931,2113 960,2112 1074,2112 1102,2111 1320,2111 1353,2110 1476,2110 1476,2146 1353,2146 1320,2147 1102,2147 1074,2147 960,2147 931,2148 799,2148 779,2150 659,2150 638,2151 591,2151 569,2150 396,2150 376,2149 309,2149 288,2143 248,2143 248,2115"/>
<Baseline points="248,2143 288,2143 309,2149 376,2149 396,2150 569,2150 591,2151 638,2151 659,2150 779,2150 799,2148 931,2148 960,2147 1074,2147 1102,2147 1320,2147 1353,2146 1476,2146"/>
<TextEquiv><Unicode>die nicht ausdrücklich auf Geſetzen beruhen, ſondern thatſächlich beſtehen,</Unicode></TextEquiv>
</TextLine>

<TextLine id="line_39">
<Coords points="248,2160 295,2160 315,2160 406,2160 426,2160 470,2160 492,2161 555,2161 575,2160 690,2160 711,2159 810,2159 830,2158 903,2158 921,2158 1044,2158 1065,2157 1174,2157 1194,2157 1249,2157 1269,2157 1304,2157 1324,2156 1416,2156 1436,2156 1478,2156 1478,2184 1436,2184 1416,2190 1324,2190 1304,2192 1269,2192 1249,2185 1194,2185 1174,2191 1065,2191 1044,2193 921,2193 903,2194 830,2194 810,2195 711,2195 690,2196 575,2196 555,2189 492,2189 470,2196 426,2196 406,2194 315,2194 295,2195 248,2195 248,2160"/>
<Baseline points="248,2195 295,2195 315,2194 406,2194 426,2196 470,2196 492,2189 555,2189 575,2196 690,2196 711,2195 810,2195 830,2194 903,2194 921,2193 1044,2193 1065,2191 1174,2191 1194,2185 1249,2185 1269,2192 1304,2192 1324,2190 1416,2190 1436,2184 1478,2184"/>
<TextEquiv><Unicode>auf welche ſich aber künftige Geſetze wohl beziehen können, und ich meine, die</Unicode></TextEquiv>
</TextLine>

<TextLine id="line_40">
<Coords points="247,2206 338,2206 359,2206 487,2206 506,2206 571,2206 591,2207 621,2207 640,2207 685,2207 705,2206 776,2206 797,2205 859,2205 880,2203 942,2203 963,2205 1036,2205 1057,2203 1101,2203 1121,2203 1188,2203 1210,2202 1373,2202 1400,2207 1478,2207 1478,2230 1400,2230 1373,2239 1210,2239 1188,2232 1121,2232 1101,2232 1057,2232 1036,2232 963,2232 942,2238 880,2238 859,2241 797,2241 776,2241 705,2241 685,2235 640,2235 621,2235 591,2235 571,2242 506,2242 487,2242 359,2242 338,2235 247,2235 247,2206"/>
<Baseline points="247,2235 338,2235 359,2242 487,2242 506,2242 571,2242 591,2235 621,2235 640,2235 685,2235 705,2241 776,2241 797,2241 859,2241 880,2238 942,2238 963,2232 1036,2232 1057,2232 1101,2232 1121,2232 1188,2232 1210,2239 1373,2239 1400,2230 1478,2230"/>
<TextEquiv><Unicode>Krone Preußen muß in der Lage ſein, auch dann ein Veto einzulegen, wenn</Unicode></TextEquiv>
</TextLine>

<TextLine id="line_41">
<Coords points="248,2254 277,2254 298,2251 412,2251 433,2253 539,2253 558,2252 641,2252 661,2251 737,2251 759,2251 799,2251 820,2250 1011,2250 1032,2249 1228,2249 1247,2249 1276,2249 1295,2248 1392,2248 1412,2247 1477,2247 1477,2275 1412,2275 1392,2283 1295,2283 1276,2276 1247,2276 1228,2283 1032,2283 1011,2285 820,2285 799,2279 759,2279 737,2286 661,2286 641,2288 558,2288 539,2280 433,2280 412,2286 298,2286 277,2279 248,2279 248,2254"/>
<Baseline points="248,2279 277,2279 298,2286 412,2286 433,2280 539,2280 558,2288 641,2288 661,2286 737,2286 759,2279 799,2279 820,2285 1011,2285 1032,2283 1228,2283 1247,2276 1276,2276 1295,2283 1392,2283 1412,2275 1477,2275"/>
<TextEquiv><Unicode>es verſucht werden ſollte, durch die Geſetzgebung Aenderungen in ſolchen Ein-</Unicode></TextEquiv>
</TextLine>

<TextLine id="line_42">
<Coords points="247,2296 402,2296 421,2305 454,2305 473,2297 575,2297 596,2297 687,2297 707,2296 799,2296 819,2296 886,2296 905,2295 952,2295 973,2294 1183,2294 1198,2293 1352,2293 1365,2292 1479,2292 1479,2328 1365,2328 1352,2330 1198,2330 1183,2329 973,2329 952,2330 905,2330 886,2331 819,2331 799,2333 707,2333 687,2332 596,2332 575,2333 473,2333 454,2334 421,2334 402,2333 247,2333 247,2296"/>
<Baseline points="247,2333 402,2333 421,2334 454,2334 473,2333 575,2333 596,2332 687,2332 707,2333 799,2333 819,2331 886,2331 905,2330 952,2330 973,2329 1183,2329 1198,2330 1352,2330 1365,2328 1479,2328"/>
<TextEquiv><Unicode>richtungen zu treffen, welche bisher nicht auf ausdrücklichen geſetzlichen Beſtim-</Unicode></TextEquiv>
</TextLine>

<TextLine id="line_43">
<Coords points="246,2350 365,2350 385,2343 527,2343 527,2379 385,2379 365,2379 246,2379 246,2350"/>
<Baseline points="246,2379 365,2379 385,2379 527,2379"/>
<TextEquiv><Unicode>mungen beruhen.“</Unicode></TextEquiv>
</TextLine>

</TextRegion>
</Page>
</PcGts>