1600 2527
136 277 1368 323 an den Reichstag . In der Seſſion des Reichstages von 1876
137 332 1321 379 fand die zweite Berathung der drei Geſetzentwürfe ſtatt
135 386 1371 434 und nachdem es gelungen war, durch ein Kompromiß die zwiſchen
138 442 1371 487 dem Bundesrath und dem Reichstag hinſichtlich einiger Beſtim-
140 496 1372 545 mungen der Strafprozeßordnung und des Gerichtsverfaſſungsge-
140 551 1372 601 ſetzes beſtehenden Differenzen auszugleichen, erhielten dieſe Geſetz-
141 607 1373 654 entwürfe in 3ter Leſung in der durch die Abmachungen des Kom-
147 663 1375 710 promiſſes gebotenen Faſſung die Zuſtimmung des Reichstages .
143 716 1375 767 Hierauf wurden ſie ſanctionirt und publizirt; das Gerichtsver-
144 772 1376 820 faſſungsgeſetz nebſt Einführungsgeſetz unter dem Datum des
146 820 1413 874 27. Januar 1877 (R.G.Bl. S. 41 ff.), die Civilprozeßord-
147 880 1378 930 ordnung nebſt Einführungsgeſetz vom 30. Januar 1877 (R.G.Bl.
149 935 1378 984 S. 83 ff.), die Strafprozeßordnung nebſt Einführungsgeſetz
146 990 1380 1040 v. 1. Februar 1877. (R.G.Bl. S. 253 ff.). Als der Zeitpunkt,
147 1046 1380 1095 an welchem die 3 Geſetze im ganzen Umfange des Reichs gleich-
145 1100 1382 1153 zeitig in Kraft treten ſollten, wurde der 1. Oktober 1879 be-
148 1162 317 1206 ſtimmt .
239 1211 1383 1259 Auf dieſe 3 Geſetze konnte indeß die im Art. 4 Ziff. 13 der
147 1265 1378 1315 R.V. vorgeſehene Reichsgeſetzgebung ſich nicht beſchränken; ſie er-
149 1319 1382 1371 forderten vielmehr — theilweiſe durch ihren eigenen Inhalt —
150 1374 1383 1426 noch mehrfache Ergänzungen, wenn in Wirklichkeit das gerichtliche
151 1429 1384 1481 Verfahren in bürgerlichen Rechtsſtreitigkeiten und in Strafſachen
152 1485 1210 1537 im ganzen Reichsgebiet einheitlich geregelt werden ſollte.
244 1539 1382 1592 Zunächſt wurde neben der Civilprozeßordnung und als wich-
156 1596 1388 1648 tigſte Ergänzung derſelben der Erlaß einer Konkursordnung
156 1650 1389 1699 in Ausſicht genommen. Ein auf der Preuß. Konk.O. v. 8. Mai
157 1705 1386 1754 1855 und dem zur Abänderung derſelben erlaſſenen Geſ. v. 12.
154 1761 1388 1811 März 1869 fußender Entwurf wurde auf Grund eines vom Bun-
1326 193 1366 227 11
608 196 896 232 § 96. Einleitung.
271 1860 1388 1902 Druckſachen des Reichstages v. 1876 Bd. II. Nro. 8. 9. 10 (auch bei
156 1912 391 1951 Hahn a. a. O.)
278 1952 1389 1996 Vgl. über das Gerichtsverf.Geſetz Stenogr. Berichte 1876 Bd. I. S. 135
156 1998 1392 2043 —165; 175—388; über die Strafprozeß-Ordnung ebendaſ. S. 392—569; über
156 2044 1392 2092 die Civilprozeß-Ordnung ebendaſ. S. 167—175 und 388—392. Alle dieſe Ver-
157 2090 1392 2140 handlungen ſind auch abgedruckt in den betreffenden „Materialien“ von Hahn.
279 2140 1027 2182 Stenogr. Berichte 1876 Bd. II. S. 849—1004.
276 2182 1393 2228 §. 1 des Einf.Geſ. zum Gerichtsverf.Geſ. Es wurde vorbehalten, daß
160 2228 1395 2276 durch Kaiſerl. Verordnung unter Zuſtimmung des Bundesrathes ein früherer
162 2274 1394 2320 Termin feſtgeſetzt werden, von dieſem Vorbehalt wurde aber Seitens der Reichs-
164 2327 680 2368 regierung kein Gebrauch gemacht.
