1600 2544
150 164 1228 204 §. 80. Die Gemeinſchaft d. Laſten u. Ausgaben f. d. bewaffnete Macht.
330 293 1049 337 II. Die finanziellen Laſten.
170 366 1308 413 1. Der zur Gründung und Erhaltung der Kriegsflotte und
79 421 1308 467 der damit zuſammenhängenden Anſtalten erforderliche Aufwand wird
79 475 1310 521 aus der Reichskaſſe beſtritten . Ebenſo werden die Ausgaben für
79 530 1308 577 das geſammte Reichsheer und deſſen Einrichtungen aus der Reichs-
78 586 1309 632 kaſſe beſtritten und durch das Etatsgeſetz feſtgeſtellt . Durch dieſe
79 641 1310 688 Verfaſſungs-Grundſätze wird die gleichmäßige Vertheilung der für
77 695 1309 741 die bewaffnete Macht des Reiches erforderlichen Koſten auf alle
79 750 1310 797 Staaten nach Verhältniß ihrer Bevölkerung herbeigeführt, da zur
80 805 1311 851 Beſtreitung aller gemeinſchaftlichen Ausgaben des Reiches, ſoweit
78 859 1310 905 dieſelben nicht durch die ſogen. eigenen Einnahmen der Reichskaſſe
78 913 1310 961 gedeckt werden, von den einzelnen Staaten Beiträge nach Maßgabe
77 968 795 1014 ihrer Bevölkerung zu entrichten ſind .
167 1022 1308 1070 Dieſes Prinzip findet auch auf Bayern vollſtändig Anwen-
79 1079 1307 1124 dung, jedoch mit derjenigen Modifikation, welche Art. 58 der R.V.
78 1133 1308 1179 für Bayern erhalten hat, daß nämlich Bayern die Koſten und
79 1188 1311 1236 Laſten ſeines Kriegsweſens ausſchließlich und allein trägt. Für
79 1243 1309 1290 die finanziellen Leiſtungen gelten daher ganz analoge Regeln wie
78 1297 1309 1344 für die Leiſtungen an Mannſchaften. Die von Bayern aufzuwen-
78 1352 1310 1398 denden Beträge werden in Einer Summe feſtgeſtellt, deren Höhe
77 1406 1311 1456 zu der für das Reichsheer zu verausgabenden Summe in demſelben
77 1461 1311 1508 Verhältniß ſteht wie die Kopfſtärke des Bayriſchen Kontingents zu
76 1515 1310 1562 der des übrigen Reichsheeres. Die Verwendung dieſer Summe iſt
77 1572 1309 1616 Bayern überlaſſen; die Spezialetats werden nicht vom Reich, ſon-
77 1626 1311 1672 dern von Bayern aufgeſtellt, das aber verpflichtet iſt, hierbei im
78 1682 1310 1726 Allgemeinen diejenigen Etatsanſätze nach Verhältniß zur Richtſchnur
76 1736 1311 1781 zu nehmen, welche für das übrige Reichsheer in den einzelnen Titeln
78 1791 441 1836 ausgeworfen ſind .
167 1845 1310 1890 2. Die Leiſtung der Ausgaben ſelbſt nach Maßgabe der im
76 1899 1309 1945 Etat feſtgeſtellten Sätze und der durch Geſetze oder Verordnungen
1267 155 1309 201 57
195 2010 530 2046 R.V. Art. 53 Abſ. 3.
193 2057 536 2092 R.V. Art. 62 Abſ. 3.
194 2102 1310 2140 R.V. Art. 70. Das Nähere ſiehe unten bei der Darſtellung des Fi-
75 2148 1310 2185 nanzrechtes. — Ueber die einigen kleineren Norddeutſchen Staaten zeitweilig
76 2194 1310 2231 bewilligten Nachläſſe vgl. meine Darſtellung des Reichsfinanzrechts in Hirth’s
76 2239 482 2276 Annalen 1873 S. 494 fg.
196 2285 1190 2323 Bayer. Bündnißvertrag vom 23. Nov. 1870. III §. 5 Ziff. II.
