1600 2544
308 162 1436 205 §. 80. Die Gemeinſchaft d. Laſten u. Ausgaben f. d. bewaffnete Macht.
244 244 1474 297 gegebenen Normen erfolgt durch diejenigen Einzelſtaaten, welche
244 298 1476 350 eine eigene Militairverwaltung haben. Da dieſe Ausgaben aber
241 354 1477 404 für Rechnung des Reiches erfolgen, ſo unterliegen ſie der
242 408 1477 457 Kontrole Seitens des Rechnungshofes des Reiches und es iſt über
241 464 1476 515 dieſelben durch den Reichskanzler dem Bundesrathe und dem Reichs-
240 520 1476 571 tage zur Entlaſtung jährlich Rechnung zu legen . Da die De-
241 574 1477 626 charge dem Reichskanzler ertheilt wird und dieſer die ver-
243 628 1478 680 faſſungsmäßige Pflicht hat, dem Bundesrathe und Reichstage Rech-
241 683 1480 736 nung zu legen, ſo folgt daraus, daß die Kontingentsverwaltungen
242 739 1478 789 verpflichtet ſind, dem Reichskanzler Rechnung zu legen und
242 793 1478 844 daß ſie zu allen Abweichungen von den Anſätzen des Etats die
244 848 1480 900 Genehmigung des Reichskanzlers einholen müſſen. Für Bayern
245 904 1479 954 gilt dies jedoch aus dem angegebenen Grunde nicht; dem Bundes-
242 958 1478 1007 rath und Reichstag iſt nur nachzuweiſen, daß die für das Baye-
243 1012 1479 1064 riſche Heer erforderliche, im Etat ausgeworfene Hauptſumme wirk-
243 1068 1480 1118 lich an Bayern überwieſen worden iſt, während die Kontrole und
244 1123 1481 1172 die Ertheilung der Entlaſtung über die Verwendung dieſer Summe
244 1177 1482 1226 den nach dem Bayeriſchen Staatsrecht hierzu berufenen Organen
245 1236 726 1282 des Königreichs zuſteht .
341 1286 1483 1334 3. Aus demſelben Grundſatz folgt, daß Erſparniſſe an dem
248 1341 1482 1390 Militair-Etat, welchen eine Regierung bei der ihr zuſtehenden Ar-
244 1395 1482 1446 mee-Verwaltung macht, nicht der Kaſſe dieſes Staates, ſondern
243 1452 1483 1501 der Reichskaſſe zufallen ; ausgenommen iſt auch hier Bayern ,
246 1505 1482 1556 da die Geltung des Art. 67 für Bayern in dem Verſailler Ver-
246 1561 1484 1611 trage ausdrücklich ausgeſchloſſen iſt und Bayern ſeine Armee-Ver-
246 1616 1484 1665 waltung auf eigene Rechnung und ſelbſtſtändig führt. Eine for-
245 1670 1485 1719 melle Garantie, daß Bayern nicht auf Koſten der Kriegstüchtigkeit
240 172 283 205 58
367 1783 590 1816 R.V. Art. 72.
372 1825 1487 1868 Schlußbeſtimmung zum XII Abſchnitt der R.V. Vgl. Riedel Reichs-
245 1873 958 1913 verf. S. 146, Seydel Commentar S. 235.
370 1923 587 1953 R.V. Art. 67.
376 1961 1489 2005 Darüber ſind faſt alle Schriftſteller einverſtanden. Vrgl. Auerbach
249 2008 1490 2051 das deutſche Reich S. 150 und die daſelbſt citirte Aeußerung des Staatsmi-
248 2052 1488 2096 niſters Lutz; ferner Blankenburg in v. Holtzend. Jahrbuch I S. 394.
248 2098 1485 2140 Riedel Reichsverf. S. 154. v. Pözl Bayer. Verf.R. 4. Aufl. Supple-
248 2144 1490 2186 ment §. 44. Seydel Commentar S. 234 und in Hirth’s Annalen 1875
250 2189 1491 2231 S. 1503. Meyer Staatsrecht S. 551. Anderer Anſicht iſt nur Thudi-
250 2236 1491 2278 chum in v. Holtzendorffs’ Jahrb. II S. 116, deſſen Ausführungen bei v.
251 2283 935 2324 Rönne II, 2 S. 119 wiedergegeben ſind.
