1600 2610
354 199 971 243 §. 9. Das Subject der Reichsgewalt.
40 290 1302 346 Trennung der bundesſtaatlichen Sphäre von der einzelſtaatlichen
39 345 1304 404 zeigt ſich auch an dieſem Punkte als verfehlt; die Einheitlichkeit
40 401 1302 453 des Staats und die Untheilbarkeit ſeines Willens bewährt ſich
40 460 1305 515 für den Einzelſtaat darin, daß die Führung der Landesregierung
39 514 1305 569 und die Ausübung des Antheils an der Reichsgewalt nicht aus-
43 571 1308 628 einandergeriſſen werden können, ſondern ſich gegenſeitig beſtimmen
41 629 1307 685 und zuſammengenommen die volle Lebensthätigkeit des Staats
43 696 218 739 darſtellen.
137 739 1309 794 Eine wichtige ſtaatsrechtliche Conſequenz dieſes Satzes beſteht
46 796 1310 852 darin, daß die Regierung des Einzelſtaates nach Maßgabe
46 852 1309 905 des Staatsrechts dieſes Staates politiſch und rechtlich
45 908 1310 961 verantwortlich bleibt für die Art und Weiſe, wie ſie die Mitglied-
48 972 544 1020 ſchaft am Reich ausübt .
142 1019 1312 1076 Man hat dies mehrfach mißverſtanden und dann in Folge
48 1079 1117 1131 dieſes Mißverſtändniſſes den Rechtsſatz ſelbſt verworfen.
140 1133 1313 1189 Zunächſt handelt es ſich nicht, um die Rechtsgültigkeit
46 1189 1313 1242 der im Bundesrath abgegebenen Abſtimmung. Der Landesherr
45 1245 1314 1301 iſt nach dem Staatsrecht der Monarchie der alleinige und aus-
46 1302 1315 1357 ſchließlich befugte Vertreter des Staates Dritten gegenüber. Die
51 1357 1315 1415 gültige Abgabe einer Stimme im Bundesrath hat keine andere
53 1413 1314 1468 Vorausſetzung, als die formell ordnungsmäßige Legitimation des
52 1469 1317 1525 Bevollmächtigten, welche demſelben von dem Landesherrn bez. von
51 1525 1316 1580 dem Miniſter deſſelben ertheilt wird. Ganz unberührt von der
55 1582 1319 1639 ausſchließlichen Befugniß des Landesherren, den Bevollmächtigten
53 1642 1317 1693 im Bundesrath zu ernennen und mit einer Legitimation zu ver-
52 1695 1318 1752 ſehen, und von der rechtlichen Wirkung der von einem gehörig
1257 199 1299 232 91
54 1808 1322 1856 Reichsverfaſſung nicht vorgeſchrieben iſt, was Meyer Grundzüge S.
54 1855 1322 1902 85 hervorhebt, iſt gänzlich unerheblich. Ueber die Frage, ob die Inſtruction
57 1901 1323 1948 der Bundesraths-Bevollmächtigten von der Zuſtimmung der Landtage landes-
56 1951 999 1996 geſetzlich abhängig gemacht werden darf, vgl. unten §. 28.
183 1996 1323 2042 Am Beſtimmteſten und ganz unzweideutig iſt dies ausgeſprochen wor-
58 2042 1323 2089 den von Fürſt Bismarck im Verfaſſungberathenden Reichstage Sten. Ber.
57 2090 1323 2137 393. 397. Vgl. ferner Lasker u. nochmals Fürſt Bismarck im Reichstag
59 2137 1325 2180 v. 1867 Sten. Ber. 135. 137. Vgl. Hierſemenzel II. 293 fg. In der Litera-
57 2184 1324 2231 tur wird dieſe Verantwortlichkeit anerkannt von Hauſer S. 35. v. Bezold
58 2232 1326 2278 im Jahrb. II. (1873) S. 334. Auerbach 102 Note. Grotefend §. 754
62 2280 1327 2325 S. 788. v. Mohl S. 277 fg. Die entgegengeſetzte Anſicht vertreten nament-
61 2325 1325 2372 lich Hänel S. 221; ferner v. Rönne Staatsr. d. Preuß. M. I. 2. S. 699 ff.
65 2372 1160 2419 (3. Aufl.) Meyer Grundz. 85. Thudichum 117. Riedel 26.
