1600 2527
114 241 1342 313 Lehre vom Gerichtsſtande einzugehen, die ſtets als ein Theil der
117 297 1242 370 Prozeßrechtswiſſenſchaft angeſehen und behandelt worden iſt.
205 352 1345 417 Vom ſtaatsrechtlichen Geſichtspunkte aus iſt dagegen die Frage,
115 406 1346 478 welche Perſonen der ſtaatlichen Gerichtsbarkeit unterworfen ſind,
115 461 1348 532 identiſch mit der Frage, welche Perſonen der Staatsgewalt
118 516 1349 585 unterworfen ſind; denn die Gerichtsbarkeit als Ganzes iſt ja nichts
121 571 1351 638 Anderes als eine beſtimmte Aeußerung der Staatsgewalt. Nur
120 625 1352 699 iſt die Möglichkeit gegeben, daß der Staat auf die Ausübung
124 684 1354 753 dieſes Hoheitsrechts gewiſſen Perſonen gegenüber ganz oder zum
127 735 1352 810 Theil verzichtet, gegen die er andere Herrſchaftsrechte zur Geltung
127 794 1260 863 bringt, daß er ſie von ſeiner Gerichtsbarkeit eximirt.
220 846 1355 912 Den Einzelſtaaten iſt dieſe Befugniß hinſicht-
127 901 1358 973 lich der ordentlichen ſtreitigen Gerichtsbarkeit
127 955 1357 1028 entzogen; ſie dürfen keine Exemtionen ertheilen . Der Kreis
130 1010 1361 1082 der Perſonen, welche der ordentlichen ſtreitigen Gerichtsbarkeit
129 1066 1362 1134 unterworfen ſind, iſt durch das Reich feſtgeſtellt. Daſſelbe hat
129 1120 1360 1192 lediglich folgende Befreiungen anerkannt, welche theils auf völker-
133 1181 1178 1247 rechtlichen, theils auf ſtaatsrechtlichen Gründen beruhen.
224 1231 1363 1297 1. Befreiungen aus Gründen des Völker-
131 1313 281 1355 rechts.
223 1342 1364 1411 a) Exterritorialität und in Folge derſelben vollſtändige Exem-
135 1396 1365 1461 tion von der ganzen inländiſchen Gerichtsbarkeit genießen die Chefs
141 1450 1365 1519 und Mitglieder der bei dem deutſchen Reiche beglaubigten Miſ-
140 1504 1366 1575 ſionen . Daſſelbe gilt von ihren Familienmitgliedern, ihrem Ge-
140 1561 1370 1630 ſchäftsperſonal und von ſolchen Bedienſteten derſelben, welche nicht
142 1614 1371 1683 Deutſche ſind . Die Exterritorialität erſtreckt ſich jedoch nicht auf
142 1671 1371 1736 den ausſchließlichen dinglichen Gerichtsſtand in bürgerlichen
141 1743 520 1794 Rechtsſtreitigkeiten .
232 1780 1373 1840 Die im deutſchen Reiche angeſtellten Konſuln ſind von der
348 163 1095 217 §. 97. Die ordentliche ſtreitige Gerichtsbarkeit.
1297 158 1341 192 39
262 1914 1374 1975 Hiervon macht nur der in §. 18 Abſ. 1 des G.V.G. erwähnte Fall
145 1972 915 2020 eine Ausnahme. Siehe die folgende Anmerkung.
265 2010 1377 2065 Gerichtsverf.Geſ. §. 18 Abſ. 1. Ausgenommen iſt nur der ſelten vor-
146 2054 1377 2111 kommende Fall, daß ſolche Perſonen reichsangehörig ſind; alsdann ſind
149 2102 1378 2161 ſie von der inländiſchen Gerichtsbarkeit nur dann befreit, wenn der Staat,
149 2152 1159 2205 dem ſie angehören, ſich der Gerichtsbarkeit über ſie begeben hat.
269 2193 1380 2248 Gerichtsverf.Geſ. §. 19. Die Exterritorialität des Geſchäftsperſonals
152 2239 1382 2301 iſt eine unbedingte, die des Dienſtperſonals iſt auf Nichtdeutſche beſchränkt.
271 2294 969 2341 Gerichtsverf.Geſ. §. 20. Civilproz.O. §. 25.
