1600 2580
150 307 1308 358 Es ergiebt ſich endlich, daß die Einzelſtaaten einer ausdrück-
56 362 1310 419 lichen reichsgeſetzlichen Ermächtigung zum Erlaß von Geſetzen auf
56 418 1309 475 den ihrer Autonomie überlaſſenen Gebieten nicht bedürfen, wohl
58 474 1306 531 aber zum Erlaß von Verordnungen behufs Ausführung von Reichs-
59 528 1308 586 geſetzen . Die Delegation an die Einzelſtaaten kann auch in der
59 585 1307 643 Art beſchränkt ſein, daß nur der formelle Erlaß (die Sanction)
56 641 1307 696 der Anordnungen ihnen zuſteht, der materielle Inhalt derſelben
55 697 1307 752 dagegen vom Bundesrath feſtgeſtellt wird, wie dies z. B. in dem
55 751 1304 810 Geſ. v. 25. Febr. 1876 §. 4 (R.-G.-Bl. S. 164) geſchehen iſt ;
53 808 1306 864 oder daß ihnen die Anordnung von Ausführungs-Beſtimmungen
51 863 1303 919 nur ſubſidiär übertragen iſt, d. h. ſoweit nicht der Bundesrath
50 917 1302 974 ſelbſt ſie erläßt, wofür das Geſ. v. 6 Febr. 1875 §. 83 ein Bei-
50 972 264 1017 ſpiel liefert.
140 1029 1302 1086 IV. Die Verordnung bedarf wie das Geſetz einer formellen
49 1085 1299 1144 und authentiſchen Erklärung und mithin einer Ausfertigung.
49 1141 1301 1200 Hinſichtlich der vom Kaiſer zu erlaſſenden Verordnungen verſteht
47 1197 1298 1252 es ſich von ſelbſt, daß ſie vom Kaiſer ausgefertigt werden. Es
47 1252 1297 1310 finden dieſelben Grundſätze Anwendung, wie bei den Geſetzen; die
47 1307 1297 1364 Ausfertigung beſteht in einer vom Kaiſer unterſchriebenen, mit dem
47 1362 1297 1421 Kaiſerlichen Siegel verſehenen, datirten und vom Reichskanzler
48 1420 1296 1475 gegengezeichneten Urkunde. Iſt der Erlaß der Verordnung dem
46 1474 1294 1531 Reichskanzler übertragen, ſo iſt die Urkunde, welche die Verordnug
44 1529 1293 1586 enthält, von ihm zu unterzeichnen . Die Form, in welcher die
42 1585 1294 1643 von den Einzelſtaaten zu erlaſſenden Verordnungen auszufertigen
43 1639 1292 1697 ſind, beſtimmt ſich, falls nicht etwa das Reichsgeſetz darüber eine
1264 230 1308 263 85
372 217 992 260 §. 59. Die Verordnungen des Reichs.
162 1772 1290 1815 Uebereinſtimmend Seydel in Hirth’s Annalen 1876 S. 13 Note 1.
42 1818 1289 1867 Dagegen meint v. Rönne, Preuß. Staatsr. I. 1. §. 48 (S. 197), daß, „ſo
40 1864 1290 1914 weit die Einzelſtaaten die Vollziehung von Reichsgeſetzen haben, ihnen ſelbſt-
40 1910 1290 1958 verſtändlich (?) auch das Recht des Erlaſſes aller Ausführungs-Verordnungen
38 1955 1289 2005 zuſteht“. Es liegt hier wahrſcheinlich eine Verwechslung der Verwaltungs-
38 2002 1288 2050 Verordnung mit der Rechts-Verordnung (dem Ausführungs-Geſetz) zu Grunde.
159 2049 1288 2097 Aehnlich auch in dem Geſ. v. 7. April 1869 (Maßregeln gegen die
37 2095 569 2134 Rinderpeſt betreffend) §§. 7 u. 8.
157 2142 1286 2190 Eine Vertretung des Reichskanzlers durch den Chef einer ihm unter-
36 2189 1286 2236 geordneten Reichsbehörde oder durch einen ihm zur Unterſtützung beigegebenen
36 2234 1285 2282 Beamten kann bei dem Erlaß von Rechts-Verordnungen nicht für zuläſſig er-
35 2280 1283 2328 achtet werden. Denn die dem Reichskanzler delegirte Geſetzgebungs-Befugniß
35 2327 1283 2373 enthält nicht die Befugniß zur Subdelegation. Eben ſo wenig kann eine vom
35 2372 1196 2419 Kaiſer zu erlaſſende Verordnung vom Reichskanzler ausgefertigt werden.
