1600 2544
86 238 1312 288 Weder die bereits vorhandenen noch die neu anzulegenden Feſtungen
82 293 1023 343 und Kriegshäfen ſind reichsunmittelbare Gebiete .
172 349 1310 398 Das Reich iſt aber berechtigt, innerhalb des Bundesgebietes
84 402 1310 454 Feſtungen anzulegen, und zwar ſteht die Ausübung dieſes Rechtes
81 458 1308 509 dem Kaiſer zu , mit der aus den Grundſätzen des Finanzrechts
82 513 1309 564 ſich ergebenden, ſelbſtverſtändlichen Beſchränkung, daß die dazu er-
80 567 1312 619 forderlichen Geldmittel im Wege der Reichsgeſetzgebung bewilligt
83 624 1310 674 werden müſſen . Dieſes Recht bezieht ſich nicht blos auf neu
84 678 1309 729 anzulegende Feſtungen, ſondern ebenſo auf Erweiterungen und
86 732 1308 784 Veränderungen, welche an bereits vorhandenen Feſtungen erforder-
85 788 332 832 lich werden .
170 842 1308 894 Den Einzelſtaaten ſteht demnach weder ein Widerſpruch gegen
80 896 1306 948 die Anlage oder Erweiterung von Feſtungen in ihrem Gebiete zu,
78 951 1307 1003 noch ſind dieſelben befugt dieſelbe zu erſchweren oder zu verhindern
78 1007 1305 1059 durch baupolizeiliche, waſſerpolizeiliche oder dergleichen Anordnungen.
167 1063 1305 1114 Ausgenommen von dieſem Grundſatz ſind Bayern und Würt-
79 1117 1305 1168 temberg; zur Anlage neuer Befeſtigungen auf dem Gebiete dieſer
77 1171 1304 1225 beiden Staaten iſt die Zuſtimmung der letzteren erforderlich. Auf
81 1228 1302 1277 Bayern findet nach dem Vertrage vom 23. Nov. 1870 Art. 65 der
78 1283 1293 1334 R.V. überhaupt keine Anwendung; es hat lediglich die Zuſage er-
77 1338 1300 1389 theilt, daß es die Anlage von neuen Befeſtigungen auf Bayeriſchem
76 1392 1300 1443 Gebiete im Intereſſe der geſammtdeutſchen Vertheidigung „im Wege
77 1448 1294 1498 jeweiliger ſpezieller Vereinbarung“ zugeſtehen werde.
78 1504 1303 1551 Württemberg gegenüber iſt in der Militair-Konvent. Art. 7
79 1560 1303 1609 zwar das Recht des Kaiſers, neue Befeſtigungen innerhalb des
77 1614 1307 1664 Königreichs anzulegen, prinzipiell feſtgehalten, aber hinſichtlich der
76 1669 1305 1717 Ausübung deſſelben iſt verabredet worden, daß ſich der Kaiſer
1270 163 1311 196 73
383 155 1015 195 §. 82. Die Feſtungen und Kriegshäfen.
195 1770 1304 1811 Eine Bethätigung der Preußiſchen Landeshoheit am Jadegebiet iſt
76 1814 1305 1857 z. B. der Erl. vom 27. Mai 1869, der im Bundesgeſetzbl. 1869 S. 375 be-
77 1860 475 1897 kannt gemacht worden iſt.
194 1907 1303 1949 d. h. ohne daß es der Zuſtimmung des Bundesrathes und Reichstages
74 1952 172 1981 bedarf.
193 1999 1302 2040 R.V. Art. 65. Die Worte, „welcher die Bewilligung der dazu erforder-
70 2045 1303 2088 lichen Mittel, ſoweit das Ordinarium ſie nicht gewährt, nach Abſchnitt XII
72 2091 1301 2133 beantragt“, hatten einen guten Sinn, ſolange ein feſtes Pauſchquantum für die
74 2137 1301 2180 Militairbedürfniſſe dem Bundesfeldherrn zur Verfügung ſtand (Art. 71 Abſ. 2).
73 2183 995 2224 Seitdem dies aufgehört hat, ſind ſie mindeſtens überflüſſig.
191 2229 1301 2271 Eine Anwendung dieſes Rechtes liegt dem Geſ. vom 30. Mai 1873
75 2275 535 2313 (R.G.Bl. S. 123) zu Grunde.
