1600 2610
44 280 1312 335 Einheiten gedacht, das Subject der Staatsgewalt und als
42 341 657 391 ſolche Mitglieder des Reiches .
136 394 1311 446 In dieſem Sinne kann man daher ſagen, daß die Deut-
42 449 1312 505 ſchen Fürſten und freien Städte in ihrer Geſammt-
43 503 1312 561 heit die Träger oder Inhaber der Reichsſouveränetät ſind .
48 560 1315 614 Der Ausdruck kann aber zu einer mißverſtändlichen Auffaſſung
47 616 1316 674 führen . Denn die Deutſchen Fürſten ſind nicht für ihre Perſon,
47 677 1316 728 ſondern nur als Oberhäupter und Vertreter ihrer Staaten
50 728 1316 784 Mit-Träger der Reichsgewalt. Wenn ein Deutſcher Landesherr
50 787 1314 839 abdankt oder ſonſt in rechtlicher Weiſe die Vertretung ſeines Staa-
49 842 1315 896 tes verliert, ſo verliert er zugleich den Antheil an der Reichsge-
52 896 1317 953 walt; im Falle einer Regentſchaft iſt nicht der nominelle Monarch
52 955 1317 1009 ſondern der Regent Mitſouverän des Reiches. Es kann im Deut-
56 1008 1318 1066 ſchen Reiche keine Perſonaliſten geben . Das Deutſche Reich
55 1071 1319 1121 iſt kein Fürſtenbund, ſondern ein aus den Deutſchen Staaten ge-
53 1123 1320 1176 bildeter Staat. Daß nach dem Eingange der Verfaſſung die
55 1179 1321 1235 Fürſten den Bund geſchloſſen haben, iſt ein Einwand, der
54 1236 1320 1290 kaum ernſthaft erhoben werden kann, denn bei Errichtung des
58 1292 1322 1347 Norddeutſchen Bundes und des Deutſchen Reiches handelten die
58 1351 1320 1403 Deutſchen Souveräne nicht als Privatperſonen, ſondern als Staats-
56 1407 1321 1460 Oberhäupter und die Deutſchen Staaten wurden, wie es in Mo-
56 1464 1321 1516 narchien nicht anders ſein kann, durch ihre Landesherren vertreten.
59 1518 1322 1573 Sollte in irgend einem Deutſchen Staate einmal eine Aenderung
60 1574 1325 1629 der Verfaſſungsform eintreten, ſo bleibt der Staat mitberechtigt
62 1630 1324 1686 an der Reichsgewalt, wenngleich er keinen Fürſten mehr hat, und
366 187 985 230 §. 9. Das Subject der Reichsgewalt.
1264 188 1309 221 89
186 1752 1327 1801 Der Hamburger iſt ſowenig wie der Anhaltiner Reichsmitglied; die
59 1800 1326 1848 Hamburger Bürgerſchaft iſt es in derſelben Weiſe wie der Fürſt von Anhalt.
188 1846 1329 1896 So v. Martitz 45 ff. G. Meyer Nordd. Bundesr. 60 (vgl. deſſen Er-
61 1901 823 1942 örterungen S. 43.). Grotefend § 751 S. 785.
187 1940 1328 1990 Thudichum Verf.-R. des Nordd. B. S. 60 Note 1 ſpricht dieſes
63 1988 1331 2037 Mißverſtändniß ausdrücklich aus, indem er ſagt, daß unter den Bundesglie-
62 2036 1330 2084 dern oder Mitgliedern des Bundes nicht die Bundesſtaaten, ſondern
65 2081 1329 2131 die Bundesfürſten und die Senate der 3 Hanſeſtädte zu verſtehen ſeien. (Vgl.
62 2131 1329 2181 jedoch denſelben im Jahrb. I. S. 21 Note 3). Ebenſo ſagt Meyer
65 2178 1331 2225 S. 65 Note 1, die preuß. Vertreter im Bundesrathe ſeien „keine Vertreter
66 2223 1332 2272 des Staates Preußen, ſondern des Königs von Preußen“ (!). Auch Seydel
68 2271 1331 2319 S. 15 u. 97 verwerthet dieſes Mißverſtändniß zu Schlußfolgerungen. Richtig
67 2328 645 2367 und treffend v. Held S. 103. 104.
190 2373 764 2414 Vgl. v. Mohl Reichsſtaatsr. S. 10.
