1600 2610
614 163 1198 201 §. 7. Das Reich als Rechtsſubject.
263 256 1539 305 nargewalt der Reichsregierung unterworfen ; ſie haben keinerlei
265 312 1538 362 Anſprüche auf Gehalt und Penſionsbezüge gegen die Kaſſen der
266 369 1538 418 Einzelſtaaten, ſondern allein gegen die Reichskaſſe . Der Reichs-
264 423 1538 473 dienſt wird nicht als eine Abart des Staatsdienſtes, ſondern als
265 481 1538 529 der Gegenſatz deſſelben bezeichnet . Das Reichs-Oberhan-
265 538 1538 587 delsgericht und das Bundesamt für das Heimath-
264 594 1540 643 weſen erlaſſen ihre Entſcheidungen „Im Namen des Deutſchen
268 650 1540 701 Reichs,“ nicht im Namen der verbündeten deutſchen Souveräne .
364 707 1540 753 3. Das Reich hat Hoheitsrechte, welche ihrem Inhalt nach
268 764 1540 814 nicht Hoheitsrechte der Einzelſtaaten ſein können, die alſo auch
264 820 1541 870 nicht gemeinſchaftlich ausgeübt werden, ſondern welche ſelbſtſtändige
265 876 1168 926 Rechte des Reiches über die Einzelſtaaten ſind.
361 932 1540 978 Bei der überwiegenden Mehrzahl der dem deutſchen Reiche
266 989 1540 1040 zuſtehenden Befugniſſe läßt ſich zwar theoretiſch die Anſchauung
267 1045 1541 1095 durchführen, daß dieſelben de jure den einzelnen Staaten für ihre
267 1102 1539 1151 Gebiete zuſtehen, dem Reiche nur die gemeinſame Ausübung über-
264 1158 1542 1208 tragen ſei. Es fehlt aber an jedem formellen Grunde in dem
267 1214 1540 1261 Wortlaut der Reichsverfaſſung  und an jedem materiellen Grunde
264 1271 1538 1318 in den Einrichtungen des Reiches, um eine ſolche künſtliche Unter-
265 1327 1539 1377 ſcheidung zwiſchen dem Recht ſelbſt und der Befugniß zur Aus-
266 1380 1539 1433 übung deſſelben zu rechtfertigen. Wären die dem Reiche zuſtehen-
267 1438 1538 1487 den Machtvollkommenheiten nicht Befugniſſe ex jure proprio, ſon-
268 1494 1539 1548 dern ihm nur delegirt, ſo müßten ſie doch durch die eigentlich
269 1550 1543 1601 Berechtigten irgend wie rechtlich vinkulirt, bedingt oder beſchränkt
266 1607 1542 1659 ſein; dies iſt aber nicht der Fall und es erweiſt ſich daher die
266 1664 1541 1714 Unterſcheidung zwiſchen dem Recht ſelbſt und der Befugniß zur
269 1719 1540 1770 Ausübung deſſelben nicht nur als eine künſtliche, ſondern auch
267 169 310 202 66
398 1835 849 1874 Reichsbeamtengeſetz § 80 ff.
396 1882 827 1920 Reichsbeamtengeſetz § 151.
395 1927 1278 1967 Reichsbeamtengeſetz § 30. 46. 52 Z. 3. 57 Z. 2 u. a.
395 1970 1541 2013 Wäre das Reichs-Oberhandelsgericht ein gemeinſchaftliches Gericht der
271 2017 1542 2062 Deutſchen Staaten, wie das Ober-Appell.-Gericht zu Jena es für die thürin-
269 2063 1541 2110 giſchen Staaten iſt, ſo müßte es in jeder Sache im Namen desjenigen Sou-
269 2113 1382 2154 veräns erkennen, deſſen Gerichte in den Vorinſtanzen erkannt haben.
405 2157 1541 2200 Art. 2 und Art. 5 ſprechen zwar von der Ausübung der Ge-
269 2205 1541 2250 ſetzgebung, aber nur um die Wirkungen und die Art des Zuſtandekommens
269 2251 1541 2295 der Reichsgeſetze zu beſtimmen. Nach Art. 4 u. 35 hat das Reich die „Geſetz-
268 2297 1541 2342 gebung,“ nach Art. 50 gehört dem Kaiſer die obere Leitung der Poſt- und
269 2346 1285 2389 Telegraphen-Verwaltung an. Vgl. Hänel Studien I. S. 52.
