1600 2527
537 155 1281 193 §. 97. Die ordentliche ſtreitige Gerichtsbarkeit.
295 237 1525 285 zur Entſcheidung dieſer Streitigkeiten beſtellt wird . Von dieſer
296 291 1376 342 Befugniß hat bisher nur Bremen Gebrauch gemacht .
386 346 1521 395 Da das Reichsgericht in dem in Rede ſtehenden Falle an Stelle
294 400 1521 450 einer beſonderen Landesbehörde entſcheidet, ſo iſt ſeine Kompetenz
293 456 1520 505 auch an dieſelben Vorausſetzungen und Schranken gebunden. Die
292 512 1520 560 Landesbehörde kann nun ſelbſtverſtändlich nur Kompetenzſtreitig-
291 566 1522 616 keiten unter den Behörden des betreffenden Staates erledigen, über
291 622 1518 670 die Hoheitsrechte anderer Bundesſtaaten und die Art ihrer Geltend-
290 676 1519 724 machung ſteht ihr keine Entſcheidung zu. Mithin kann die Aus-
290 731 1520 780 nahme von dem Grundprinzip, daß die Gerichte über die Zuläſſig-
289 785 1520 835 keit des Rechtswegs entſcheiden, überhaupt nur Platz greifen, wenn
292 841 1520 890 der Kompetenzconflict von der Behörde desjenigen Staates erhoben
291 896 1519 945 wird, dem das mit der Sache befaßte Gericht angehört. Dagegen
290 950 1518 1001 iſt weder die Behörde eines andern Bundesſtaates noch irgend eine
290 1005 1518 1056 Reichsbehörde  befugt, den Kompetenzconflict zu erheben und
290 1062 1519 1112 andererſeits erſtreckt ſich die Rechtskraft der Urtheile einer zur
289 1116 1518 1166 Entſcheidung von Kompetenzconflicten eingeſetzten Behörde nur auf
288 1170 1516 1221 das Kompetenzverhältniß der Behörden des betreffenden Staates
288 1225 1518 1274 und iſt für die Gerichte und Verwaltungsbehörden eines anderen
290 1280 1517 1330 Staates unmaßgeblich. Dies Alles gilt auch dann, wenn das
289 1334 1320 1384 Reichsgericht zum Kompetenzconflicts-Gericht beſtellt iſt.
380 1390 1514 1442 2. Der Grundſatz, daß die Gerichte über die Zuläſſigkeit des
288 1444 1516 1494 Rechtsweges entſcheiden, erſtreckt ſich nicht blos in materieller
288 1499 1517 1552 Rückſicht auf die Frage, wie weit das Gebiet der ordentlichen
287 1554 1517 1604 ſtreitigen Gerichtsbarkeit reicht, ſondern auch auf die formellen
290 1610 1517 1662 Vorbedingungen, von denen das Beſchreiten des Rechtsweges ab-
290 1664 1516 1717 hängig gemacht iſt. Soweit nicht in der Straf- und Civilprozeß-
288 1719 1516 1771 Ordnung reichsgeſetzlich Ausnahmen anerkannt ſind, darf die Rechts-
287 1774 1518 1827 verfolgung im Wege des Straf- und Civilprozeſſes nicht erſchwert
287 1831 1517 1880 oder verſagt und namentlich nicht von der Vorprüfung einer Ver-
287 1883 1516 1936 waltungsbehörde abhängig gemacht werden . Jede Anordnung
295 155 339 189 36
410 2005 1199 2046 Einführungsgeſ. z. Gerichtsverf.Geſ. §. 17 Abſ. 1.
414 2051 1148 2086 Verordn. v. 26. Sept. 1879. R.G.Bl. S. 298.
407 2097 1514 2139 Vgl. hierüber die Aeußerungen der Abgg. von Puttkamer u. Dr.
287 2141 1443 2186 Bähr in der Reichstagskommiſſion. Protok. S. 487 ff. (Hahn S. 686.)
407 2188 1516 2232 Es iſt dies nicht zu verwechſeln mit der Autoriſation zur Prozeßführung,
290 2234 1515 2277 welche untergeordnete Behörden oder die Verwaltungen von Gemeinden, Kor-
285 2279 1514 2325 porationen, Stiftungen u. ſ. w. einholen müſſen. Dieſes Erforderniß iſt ledig-
