1600 2580
65 268 1316 320 wie die Souverainetät, deren Ausfluß und Bethätigung es iſt, und
64 324 1314 381 die Frage nach dem Subject der geſetzgebenden Gewalt iſt iden-
64 380 1135 437 tiſch mit der Frage nach dem Träger der Staatsgewalt.
158 434 1316 488 Die Lehre von der Theilung der Gewalten beruht
65 490 1315 547 in der Hauptſache auf der Verkennung des hier entwickelten Gegen-
66 546 1316 603 ſatzes . Da in dem conſtitutionellen Staate der Monarch kein
68 604 1317 658 Geſetz erlaſſen darf, welches die Volksvertretung nicht genehmigt
66 659 1316 713 hat, und andererſeits kein Beſchluß der Volksvertretung Geſetzes-
67 717 1316 768 kraft erlangt, wenn der Monarch demſelben nicht die Sanction er-
67 770 1316 824 theilt, ſo faßte man das Weſen der Geſetzgebung als eine Verein-
67 826 1318 878 barung zwiſchen dem Monarchen und dem Landtage auf. Der
69 881 1317 932 Willensact der einheitlichen Staatsperſönlichkeit wurde in den Con-
68 937 1320 991 ſens zweier Contrahenten aufgelöst . Man ſah einerſeits in der
70 991 1318 1048 Beſchlußfaſſung der Volksvertretung über den Inhalt des Geſetzes
70 1046 1320 1101 eine Bethätigung der Geſetzgebungsgewalt und man nannte die
70 1102 1320 1157 Volksvertretung deshalb „den geſetzgebenden Körper“; andererſeits
70 1159 1320 1215 zog man die königliche Sanction herunter zu einer bloßen Zuſtim-
70 1215 1320 1270 mung zu den Beſchlüſſen des corps législatif. Formen und Aus-
71 1270 1322 1323 drücke des engliſchen Rechtes wurden auch hier von Einfluß. Da
71 1325 1325 1380 in England die Zuſtimmung des Königs zu der vom Parlament
72 1380 1323 1435 beſchloſſenen Bill Royal Assent  heißt, ſo bezeichnete auch die
73 1436 1323 1491 franzöſiſche Conſtitution von 1791 die vom Könige ertheilte Sanc-
1292 178 1312 210 7
248 177 1130 223 §. 56. Der Begriff und die Erforderniſſe des Geſetzes.
196 1547 1323 1591 Eine Kritik dieſer Lehre, welche die Einheit des Staates zerſtört und
73 1593 1325 1640 welche weder logiſch haltbar noch praktiſch durchführbar iſt, kann hier unter-
77 1639 1325 1686 bleiben, da in der deutſchen, politiſchen und ſtaatsrechtlichen Literatur über die
73 1684 1325 1732 Verwerflichkeit dieſer Theorie ſeit langer Zeit faſt vollkommenes Einverſtändniß
72 1731 1324 1780 beſteht. Vergl. v. Mohl, Geſchichte und Literatur der Staatswiſſenſchaft I.
75 1777 1324 1821 S. 280—282. Eine Ausnahme macht neuerdings Weſterkamp, Ueber die
74 1829 1076 1870 Reichsverf. S. 89 ff., der ſich wieder für dieſe Lehre erwärmt.
200 1872 1327 1913 Der mittelalterliche Staat und insbeſondere der auf den Trümmern
75 1915 1327 1963 des Feudalweſens erwachſene ſtändiſche Staat hat bekanntlich die geſetzgebende
75 1962 1328 2007 Gewalt des Staates nur ſehr unvollkommen entwickelt und an ihre Stelle eine
75 2011 1328 2057 vertragsmäßige Vereinbarung über die Befolgung gewiſſer Rechtsnormen ge-
76 2054 1328 2105 ſetzt. Anſchauungen dieſer Art wirkten noch lange nach, auch nachdem der
76 2107 999 2148 moderne organiſche Staatsbegriff bereits ausgebildet war.
200 2147 1330 2194 Dieſer Ausdruck, ſowie die in England übliche Sanctions-Formel »le
76 2193 1330 2241 roy le veult« erklären ſich daraus, daß in früherer Zeit alle Bills des Par-
77 2240 1328 2285 lamentes die Form von Petitionen an die Krone hatten. Vgl. May,
78 2286 1329 2333 Das engliſche Parlament und ſein Verfahren (überſ. v. Oppenheim) S. 378 fg.
80 2332 1274 2380 Cox, die Staatseinrichtungen Englands (überſetzt von Kühne) S. 14. 42.
