1600 2544
226 265 1460 316 und Grundſtücke, des Lazarethgeräthes, der Verpflegungs-Haushalt
227 323 1461 371 und das ganze Kaſſen- und Rechnungsweſen . Zum ſpeziellen
228 378 1459 425 Reſſort der Generalärzte gehört die Aufſicht über die Ausführung
227 433 1461 480 des geſammten Krankendienſtes, über das ärztliche Perſonal, über
227 488 1460 535 die Diſpenſir-Anſtalten und über die Anſchaffung von Medika-
226 544 1460 590 menten . Beide Behörden müſſen hinſichtlich der Lazarethverwal-
225 599 1459 645 tung in ſteter Verbindung bleiben und im gegenſeitigen Einverſtänd-
230 654 824 698 niß ihre Anordnungen treffen .
318 708 1462 756 Die Friedenslazarethe ſtehen unter einem Chefarzt, der
227 763 1463 811 zugleich eine etatsmäßige Stelle als Truppen- oder Garniſonarzt
229 816 1462 865 einnimmt . Derſelbe führt den Befehl über das Lazareth und
231 872 1463 920 er iſt der Vorgeſetzte des geſammten für den Dienſt des Lazareths
227 927 1462 975 beſtimmten militairiſchen, ärztlichen und adminiſtrativen Perſonals,
226 982 1462 1031 welches demgemäß ſeinen Anordnungen unbedingt Folge leiſten
225 1039 1463 1084 muß . Nach Anordnung des Korps-Generalarztes werden von
226 1095 1460 1142 dem Chefarzt Stationen eingerichtet und den „ordinirenden Aerzten“
224 1149 1462 1195 übergeben. Die letzteren, welche vom Generalarzt beſtimmt wer-
227 1204 1463 1251 den, ſind in Betreff der Krankenbehandlung durchaus ſelbſtſtändig;
227 1259 1466 1304 ihren Aufforderungen zu Konſultationen bei Lazarethkranken iſt der
227 1314 1465 1360 Chefarzt aber verpflichtet, ſofort Folge zu leiſten . Für die
228 1369 1464 1414 Kaſſen- und Oekonomie-Verwaltung wird ein Ober-Lazareth-
228 1424 1463 1469 Inſpektor, welchem nach Bedürfniß ein oder mehrere Lazareth-
230 1479 969 1525 Inſpektoren beigegeben ſind, ernannt .
320 1535 1464 1580 b) Die Feldlazarethe. Es werden für jedes mobile
232 1590 1464 1635 Armeekorps 12 Lazarethe für je 200 Kranke eingerichtet; ſie ſind
225 1645 1465 1689 zur Aufnahme der von den Verbandplätzen oder direkt von den
229 1700 1466 1744 Truppen kommenden Verwundeten und Kranken beſtimmt. Jedes
231 1754 1467 1800 Lazareth kann in zwei Sektionen getheilt werden, die ganz ſelbſt-
231 188 294 219 118
575 186 1103 223 §. 86. Die Militair-Verwaltung.
347 1856 537 1891 Regl. §. 36.
349 1901 583 1938 ebendaſ. §. 38.
354 1947 625 1984 ebendaſ. §. 41 ff.
348 1993 1467 2031 Jedoch kann er bei der Uebernahme eines größeren Lazareths von
224 2039 1467 2077 anderweitigen dienſtlichen Funktionen ganz oder theilweiſe entbunden werden.
225 2084 677 2119 V. vom 24. Okt. 1872 §. 2.
346 2130 882 2166 V. vom 24. Okt. 1872 §. 11. 20.
346 2176 660 2213 a. a. O. §. 13—16.
341 2222 1467 2260 Das Friedenslazareth-Reglement enthält beſonders über die Amts-
221 2268 1469 2305 pfl ichten und die Geſchäftsführung dieſer Beamten ſehr eingehende Anordnungen.
345 2314 1287 2352 Kriegs-Sanitäts-Ordnung vom 10. Januar 1878 §. 55 fg.
