1600 2527
219 233 1449 281 desrath am 21. Febr. 1870 gefaßten Beſchluſſes im Preuß. Juſtiz-
218 288 1449 337 miniſterium ausgearbeitet und nebſt Motiven und Anlagen im
218 343 1450 391 November 1873 dem Bundesrath vorgelegt, welcher beſchloß, daß
217 398 1451 448 dieſer Entwurf einer aus angeſehenen Juriſten und Vertretern des
217 454 1451 502 Handelsſtandes beſtehenden Kommiſſion zur Vorberathung über-
217 509 1451 557 wieſen werden ſollte. Die Kommiſſion trat im März 1874 in
217 564 1448 611 Berlin zuſammen und brachte in 3 Leſungen einen revidirten Ent-
216 620 1449 667 wurf zuſtande, der von dem Bundesrathe nur in wenigen Punkten
216 675 1451 723 modifizirt wurde. Am 21. Januar 1875 wurde der Geſetzentwurf
215 730 1448 777 nebſt dem Entwurf eines Einführungsgeſetzes dem Reichstage vor-
216 784 1449 833 gelegt  und von ihm ohne weſentliche Veränderung in der Seſſion
216 840 1449 886 von 1876 genehmigt . Die Konkursordnung trägt das Da-
218 891 1448 942 tum v. 10. Februar 1877 und iſt gleichzeitig mit dem Gerichts-
218 950 1447 997 verfaſſungsgeſetz (1. Okt. 1879) in Kraft getreten . Zur Ver-
217 1005 1446 1051 vollſtändigung dieſer vom Reich geregelten Rechtsmaterie iſt ſo-
216 1061 1447 1106 dann noch das Reichsgeſetz v. 21. Juli 1879, betreffend die An-
214 1115 1447 1161 fechtung von Rechtshandlungen eines Schuldners außerhalb des
214 1169 797 1216 Konkursverfahrens, ergangen .
307 1224 1446 1273 Eine zweite weſentliche Ergänzung der Prozeßgeſetzgebung be-
212 1278 1448 1325 traf die Ordnung der Rechtsanwaltſchaft. Der von der
213 1333 1444 1382 Reichsregierung vorgelegte Entwurf eines Gerichtsverfaſſungsge-
215 1386 1447 1437 ſetzes enthielt hierüber keine Beſtimmung; die Juſtizkommiſſion
213 1445 1445 1492 des Reichstages ging dagegen von der Anſicht aus, daß die reichs-
212 1499 1446 1547 geſetzliche Regelung der Rechtsanwaltſchaft nicht weniger nothwen-
212 1556 1447 1603 dig ſei, wie die irgend eines andern Theils der Gerichtsverfaſſung,
211 1610 1446 1659 und fügte demgemäß dem Entwurfe des Gerichtsverfaſſungsge-
212 1665 1447 1712 ſetzes einen die Rechtsanwaltſchaft betreffenden Titel hinzu, welcher
211 1721 1443 1767 die Billigung des Reichstages fand. Der Bundesrath erkannte
211 1777 1445 1823 zwar an, daß die Regelung der Rechtsanwaltſchaft im Wege der
210 1830 1445 1877 Reichsgeſetzgebung erfolgen müſſe, erachtete aber die fragmentari-
209 1883 1444 1932 ſchen Beſtimmungen, welche die Juſtizkommiſſion in das Gerichts-
208 1940 1445 1988 verfaſſungsgeſetz aufgenommen hatte, für nicht ausreichend  und
221 153 262 186 12
689 153 981 188 §. 96. Einleitung.
330 2052 1411 2090 Motive in den Druckſachen des Reichstages von 1874/7 Nro. 200.
334 2098 881 2135 Stenogr. Berichte 1876 S. 569 ff.
330 2144 723 2181 R.G.Bl. 1877 S. 351 ff.
332 2190 730 2227 R.G.Bl. 1879 S. 277 ff.
331 2235 1445 2276 Es fehlten namentlich die Beſtimmungen über die Anwaltskammern,
208 2280 551 2317 Ehrengerichte u. ſ. w.
