1600 2580
338 223 1488 270 3) Wenn eine der beiden Körperſchaften einen Geſetzes-Vor-
243 278 1487 324 ſchlag beſchloſſen hat, ſo iſt derſelbe der andern zu übermitteln.
245 334 1489 381 Geht der Vorſchlag vom Bundesrath aus, ſo wird die Vorlage
246 389 1489 434 „nach Maßgabe der Beſchlüſſe des Bundesrathes im Namen des
245 445 1490 491 Kaiſers an den Reichstag gebracht.“ R.-V. Art. 16. Der Reichs-
245 500 1489 546 kanzler als der einzige Reichsminiſter hat die Vorlage einzubringen;
247 556 1490 601 er thut dies nicht als Vorſitzender des Bundesrathes, ſondern als
248 611 1490 656 Beamter des Kaiſers, demgemäß nicht im Auftrage des Bundes-
246 666 1492 712 rathes oder im Namen der verbündeten Regierungen, ſondern im
247 720 1492 766 Auftrage und im Namen des Kaiſers. Ob er für die Einbringung
244 775 1491 821 jeder einzelnen Vorlage einer ſpeziellen kaiſerlichen Ermächtigung
245 830 1492 876 bedarf, iſt reichsgeſetzlich nicht beſtimmt; ſcheint aber durch die
246 885 1491 931 ausdrückliche Hervorhebung, daß die Vorlage im Namen des Kaiſers
246 941 997 988 gemacht werden ſoll, angedeutet zu ſein.
339 997 1492 1042 Der Kaiſer aber iſt verfaſſungsmäßig verpflichtet, die Vorlage
246 1052 1492 1099 an den Reichstag nach Maßgabe der Beſchlüſſe des Bun-
223 1109 1492 1154 desrathes zu bringen; d. h. er darf weder die Einbringung
247 1163 1492 1209 ganz unterlaſſen oder unnöthig verzögern, noch darf er die Vorlage
247 1218 1491 1264 anders einbringen, als der Bundesrath ſie beſchloſſen hat. Ge-
245 1273 1491 1320 ſetz-Entwürfe, welche der Bundesrath verworfen hat, oder welche
245 1329 1494 1374 in demſelben gar nicht zur Beſchlußfaſſung gelangt ſind, kann der
247 1384 1494 1430 Kaiſer dem Reichstage nicht vorlegen laſſen; der Kaiſer als ſolcher
247 1440 1494 1485 hat das Recht der Initiative nicht; er iſt darauf beſchränkt, in
247 1495 1532 1541 ſeiner Eigenſchaft als König von Preußen Anträge im Bundesrathe
240 1550 1492 1598 zu ſtellen. Der Reichstag muß über eine Geſetzesvorlage des
253 1605 1495 1652 Bundesrathes einen materiellen Beſchluß faſſen, d. h. ſie annehmen
248 1661 1493 1706 oder ablehnen; er darf nicht über dieſelbe zur Tages-Ordnung
246 1717 477 1762 übergehen .
343 1771 1495 1816 Wenn der Reichstag einen Geſetzes-Vorſchlag aufgeſtellt oder
249 1826 1494 1870 einen vom Bundesrath ihm vorgelegten amendirt hat, ſo wird der-
247 1881 1496 1927 ſelbe durch den Präſidenten des Reichstages dem Reichskanzler
247 1937 1497 1983 überſendet  und von dieſem dem Bundesrathe in deſſen nächſter
250 1993 1497 2039 Sitzung vorgelegt . Scheinen dem Bundesrathe Veränderungen
250 2047 1498 2093 an dem Entwurfe erforderlich, ſo können die von ihm beſchloſſenen
148 2565 164 2576 28
375 131 1357 179 §. 57. Der Weg der Geſetzgebung nach der Reichsverfaſſung.
375 2139 1497 2179 Der Reichstag hat dies ausdrücklich anerkannt in ſeiner Geſchäfts-
249 2188 677 2224 Ordnung §. 50 Abſ. 4.
375 2233 896 2270 Geſch.-O. des Reichstages §. 66.
375 2279 909 2316 Geſch.-O. des Bundesrathes §. 7.
