1600 2610
347 174 1424 216 §. 3. Das Verhältniß des nordd. Bundes zu den ſüdd. Staaten.
245 267 1519 318 einer gemeinſchaftlichen Inſpizirungscommiſſion für die Feſtungen
243 324 1520 374 Ulm, Raſtatt, Landau und Mainz durch Protokoll vom 6. Juli
245 386 401 430 1869 .
338 438 1517 487 2) Nicht minder bedeutſam war der Zollvereins-Ver-
243 494 1519 545 trag vom 8. Juli 1867. Er erhielt nicht blos die Freiheit des
245 552 1518 599 Waarenverkehrs und die Einheitlichkeit des Zollgebietes in Bezie-
243 607 1518 658 hung auf Süddeutſchland in dem vor Ausbruch des Krieges vor-
244 665 1520 714 handenen Umfange aufrecht, ſondern gab dem Vereine zum erſten
245 721 1518 769 Male eine feſtere Organiſation und eine ſichere Gewähr der Dauer .
245 779 1516 825 Die Verfaſſung des Zollvereins war der Verfaſſung des Nord-
245 830 1518 884 deutſchen Bundes ſo völlig analog, daß ſie wie ein Schatten er-
245 892 1277 940 ſcheint, den die Reichs verfaſſung vor ſich her warf.
342 948 1520 996 3) Außerdem wurden die vor dem Kriege abgeſchloſſenen Ver-
245 1005 1520 1054 träge und Uebereinkünfte, ſoweit ſie mit der neuen politiſchen
249 1062 1476 1109 Geſtaltung Deutſchlands vereinbar waren, wieder in Kraft geſetzt
245 1118 1521 1167 und ergänzt durch den Vertrag über die Salzſteuer vom 8. Mai
251 1175 1520 1223 1867, durch den Poſtvertrag vom 20. April 1868, durch Verträge
246 1230 1520 1278 über die ſogenannte militäriſche Freizügigkeit und über die Ge-
250 1288 1521 1335 währung der Rechtshülfe zwiſchen dem Norddeutſchen Bunde und
248 1345 540 1389 Baden u. ſ. w.
343 1399 1520 1446 In der Verfaſſung des Norddeutſchen Bundes war überdies
248 1456 1520 1504 der Eintritt ſüddeutſcher Staaten beſonders vorgeſehen, indem
249 1514 761 1559 Art. 79 Abſ. 2 beſtimmte:
393 1568 1523 1616 Der Eintritt der ſüddeutſchen Staaten oder eines derſelben
391 1626 1520 1672 in den Bund erfolgt auf den Vorſchlag des Bundes-Prä-
393 1683 1203 1729 ſidiums im Wege der Bundesgeſetzgebung.
347 1739 1521 1785 Einer der Abgeordneten, welche die Aufnahme dieſer Beſtim-
249 1795 1523 1841 mung in die Verfaſſung beantragt haben, Lasker, erläuterte
251 1852 1522 1898 dieſelbe durch die Erklärung : „Wir wollen durch unſer Amen-
250 1908 1524 1954 dement ausdrücken, daß wir den Beitritt der ſüddeutſchen Staaten
249 1964 1523 2011 nicht für eine Veränderung der Bundes-Idee halten, daß — — —
244 183 287 214 36
380 2077 1523 2116 Beide Urkunden ſind gedruckt in Hirth’s Annalen 1872 S. 1579 ff.
378 2125 1524 2163 Vgl. den Bericht der vereinigten Ausſchüſſe für Zoll- und Steuerweſen
250 2172 1522 2211 und für Handel und Verkehr des Nordd. Bundesrathes v. 24. Auguſt 1867.
252 2220 1426 2258 (Hirth’s Annalen 1868 S. 1 ff.) und Thudichum a. a. O. S. 39 fg.
378 2266 1523 2306 Ausdrücklich iſt dies vereinbart im Friedensſchluß mit Bayern Art. 8
250 2314 666 2351 und mit Heſſen Art. 8.
379 2361 1144 2400 Stenogr. Berichte des verfaſſ. Reichst. S. 685.
