1600 2610
322 276 1495 322 Das Geſetz vom 9. Juni 1871 § 2 ertheilte aber die Er-
224 332 1495 381 mächtigung, daß durch Verordnung des Kaiſers mit Zuſtimmung
225 388 1496 437 des Bundesrathes einzelne Theile der Verfaſſung ſchon früher
226 445 1494 494 eingeführt werden können und beſtimmte, daß Art. 3 der Reichs-
224 501 1200 548 verfaſſung (Indigenat) ſofort in Wirkſamkeit trete.
321 558 1494 607 Auf Grund dieſer Ermächtigung ſind in Elſaß und Lothrin-
226 614 1089 660 gen eingeführt worden am 1. Januar 1872:
322 671 1495 719 Art. 33 (Einheit des Zollgebiets) durch Verordnung vom 17.
367 726 612 772 Juli 1871
321 781 1496 830 Abſchnitt VIII, betreffend das Poſt- und Telegraphenweſen,
368 838 1170 884 durch Verordnung vom 14. Oktober 1871
322 893 1497 942 Abſchnitt VII, betreffend das Eiſenbahnweſen, durch Verord-
368 952 961 996 nung vom 11. Dezember 1871
230 1006 732 1052 am 14. Februar 1872 :
329 1065 1497 1111 Die Art. 57. 58. 59. 61. 63—65 (Militairweſen) und das
368 1120 1497 1168 Kriegsdienſtgeſetz vom 9. November 1867 durch Verord-
370 1178 988 1223 nung vom 23. Januar 1872 .
427 1234 1499 1280 Das Reichsgeſetz vom 25. Juni 1873  endlich führte die
228 1289 1497 1336 Reichsverfaſſung als Ganzes vom 1. Januar 1874 ab in Elſaß
226 1344 1499 1393 und Lothringen ein. Eine neue Redaktion der Verfaſſung, in
226 1400 1499 1448 welcher auf das Reichsland Rückſicht genommen wäre, hat nicht
228 1456 1498 1506 ſtattgefunden; es ſind lediglich die beiden Aenderungen, welche
227 1513 1498 1562 die Geſetze vom 24. Februar 1873 und 3. März 1873 an dem
228 1569 1500 1619 Wortlaut der Verfaſſung vorgenommen hatten, bei der Publikation
226 1626 669 1674 berückſichtigt worden .
228 185 273 219 54
488 183 1240 222 §. 6. Die Erwerbung von Elſaß-Lothringen.
357 1721 980 1760 Geſetzbl. f. Elſaß-Lothr. 1871 S. 247.
354 1769 621 1805 ebendaſ. S. 347.
353 1816 618 1852 ebendaſ. S. 371.
354 1862 1500 1903 vgl. Geſ. v. 3. Juli 1871 § 2 (ebendaſ. S. 2). Die Muſterung begann
228 1909 670 1946 aber erſt im Oktober 1872.
356 1955 746 1995 ebendaſ. 1872 S. 83 fg.
357 2002 1288 2043 R.-G.-Bl. 1873 S. 161. Geſ. Bl. f. Elſ.-Lothr. S. 131.
355 2049 1500 2091 Die durch Geſ. v. 20. Dez. 1873 erfolgte Abänderung des Art. 4 Nr.
228 2096 1501 2138 13 der Verf. konnte natürlich nicht berückſichtigt werden. Eine beſondere Pu-
227 2143 1484 2186 blikation dieſes Geſetzes für Elſaß-Lothringen hat damals nicht ſtattgefunden;
228 2190 1501 2233 die am 20. Dez. 1873 im Reichsgeſetzblatt erfolgte hatte für Elſaß-Lothringen
227 2237 1499 2279 keine ſtaatsrechtliche Wirkung, da Art. 2 der Reichsverf. daſelbſt erſt am 1.
228 2283 1499 2327 Januar 1874 in Geltung trat. So ergab ſich das ſonderbare Reſultat, daß
228 2330 1501 2373 die durch Geſ. v. 20. Dezember 1873 feſtgeſtellte Abänderung des Textes der
228 2376 1499 2421 Reichsverfaſſung in Elſaß-Lothringen keine geſetzliche Kraft erlangt hatte. Erſt
