1600 2580
58 274 1310 320 Beſchluß des Bundesrathes zuläßt, und namentlich in dem Ein-
57 329 1310 376 führungs-Geſetz zur Civilproceß-Ordn. §. 6, woſelbſt eine
56 386 1308 430 mit Zuſtimmung des Bundesrathes erlaſſene Kaiſerl. Verordnung
60 441 377 486 erfordert wird .
153 497 1310 547 Es ergiebt ſich demnach folgendes Reſultat: Eine allgemeine,
59 552 1310 599 durch die Reichsverfaſſung ſelbſt begründete Befugniß zum Erlaß
59 609 1311 654 von Rechts-Verordnungen  beſteht nicht, wohl aber kann dieſelbe
57 664 1309 710 in jedem einzelnen Falle durch ausdrückliche Anordnung eines
59 719 1310 764 Reichsgeſetzes conſtituirt werden. Oder mit andern Worten: Jede
59 774 1311 821 Verordnung, welche Rechtsvorſchriften enthält, kann
58 830 1309 875 nur gültig erlaſſen werden auf Grund einer ſpe-
58 885 1013 930 ziellen, reichsgeſetzlichen Delegation .
152 939 1308 985 Fehlt es an einer ſolchen Delegation und iſt ein Reichsgeſetz
58 995 1308 1041 ſo unvollſtändig, daß es ohne den Erlaß von Ergänzungs-Vor-
58 1050 1309 1097 ſchriften unausführbar iſt, ſo muß es unausgeführt bleiben bis
59 1107 1310 1153 die erforderlichen Ergänzungs-Vorſchriften im Wege der Geſetz-
60 1162 1310 1208 gebung erlaſſen werden . In allen anderen Fällen iſt die Hand-
58 1218 1311 1264 habung und Auslegung der Reichsgeſetze, die Herleitung der aus
60 1273 1311 1318 denſelben ſich ergebenden Conſequenzen, die Beſtimmung ihres Wir-
61 1328 1310 1373 kungskreiſes und die Art ihrer Anwendung den Gerichten und an-
63 1383 1312 1429 deren zur Rechtſprechung berufenen Behörden überlaſſen und die
62 1438 1311 1485 Befolgung gleichheitlicher Grundſätze wird in dieſer Beziehung ledig-
61 1493 751 1540 lich durch den Inſtanzenzug geſichert.
1266 186 1308 218 77
370 180 988 219 §. 59. Die Verordnungen des Reichs.
191 1606 1311 1649 Ueber die ähnliche Anordnung im §. 8 des Geſ. v. 25. Juni 1873
62 1651 860 1691 für Elſaß-Lothringen vergleiche unten §. 62.
181 1698 863 1738 im Gegenſatz zu Verwaltungs-Vorſchriften.
185 1745 1312 1791 Dem entſprechend wird in jeder Verordnung in den Eingangsworten
63 1790 1312 1837 die Geſetzes-Beſtimmung angegeben, auf Grund deren ſie erlaſſen iſt. Als
61 1836 1312 1881 eine weſentliche Form, deren Nichtbeobachtung die Ungültigkeit der Ver-
60 1882 1311 1930 ordnung zur Folge hat, kann dies zwar nicht erachtet werden, da die Reichs-
61 1928 1311 1976 geſetzgebung die Formen, in denen Verordnungen zu erlaſſen ſind, überhaupt
61 1974 1312 2022 nicht geregelt hat. Materiell hängt aber die Gültigkeit einer Verordnung
61 2021 1312 2067 von dem Vorhandenſein einer geſetzl. Delegation ab und es iſt demgemäß die
61 2066 1313 2114 Praxis, dieſe Geſetzesbeſtimmung in der Verordnung in Bezug zu nehmen,
62 2113 379 2151 durchaus ſachgemäß.
186 2160 1311 2207 Ein Beiſpiel für ein zeitweilig unausführbar geweſenes Geſetz iſt das
61 2207 1311 2254 Anleihegeſetz v. 9. Nov. 1867 (B.-G.-Bl. S. 157), welches erſt durch das Geſ.
62 2253 1312 2299 v. 19. Juni 1868 (B.-G.-Bl. S. 339) ausführbar gemacht wurde. Auch §. 35
63 2299 1314 2347 des Geſ. über die Kriegsleiſtungen v. 13. Juni 1873 (R.-G.-Bl. S. 137) kann
61 2345 423 2384 hier angeführt werden.
