1600 2544
193 181 1195 233 §. 79. Der Oberbefehl über die bewaffnete Macht des Reiches.
87 263 1315 327 Mobilmachungs-Ordre unterſtellt der König von Bayern zugleich
85 317 914 371 ſein Kontingent dem Oberbefehl des Kaiſers.
173 374 1316 434 IV. Zu den militairiſchen Rechten des Kaiſers zählt die
84 426 1314 490 Reichsverf. auch die Befugniß deſſelben, wenn die öffentliche Sicher-
82 482 1313 543 heit in dem Bundesgebiete bedroht iſt, einen jeden Theil deſſelben
81 538 1311 600 in Kriegszuſtand zu erklären . Dieſe Beſtimmung findet ſich
79 593 1310 655 in dem XI. Abſchnitt der R.V., welcher die Ueberſchrift „Reichs-
79 648 1309 700 kriegsweſen“ trägt, und nach dem Wortlaut der Nordd. Bundes-
78 702 1308 761 verfaſſung war dieſe Befugniß nicht dem Bundespräſidium, ſondern
79 757 1308 817 dem „Bundesfeldherrn“ beigelegt; es iſt alſo kein Zweifel, daß
77 812 1307 870 nach der Verfaſſung dieſes Recht des Kaiſers als ein Ausfluß oder
76 866 1303 921 Beſtandtheil ſeines militairiſchen Oberbefehls aufgefaßt wird. Daraus
72 920 1302 981 iſt aber nicht zu folgern, daß von dieſer Befugniß nur im Kriegs-
72 975 1301 1034 falle oder zur Sicherung der öffentlichen Ordnung gegen äußere
72 1030 1299 1087 Feinde Gebrauch gemacht werden dürfte; denn der Kaiſerl. Ober-
70 1085 1300 1145 befehl beſteht auch im Frieden und das Militair iſt nicht nur
70 1142 1297 1200 zum Schutz gegen äußere Feinde, ſondern auch zur Aufrechterhal-
68 1197 1295 1256 tung des Landfriedens gegen innere Bedrohungen beſtimmt .
68 1250 1298 1308 Ihrem Inhalte nach reicht die im Art. 68 dem Kaiſer eingeräumte
68 1304 1296 1364 Machtvollkommenheit aber weit über die Gränzen hinaus, welche
65 1358 1294 1419 dem Militair-Oberbefehl an ſich gezogen ſind; denn die Erklärung
63 1412 1294 1473 des Kriegszuſtandes wirkt nicht nur auf die zur Armee gehörenden,
62 1467 1294 1525 zum Militair-Gehorſam verpflichteten Perſonen, ſondern ſie erſtreckt
62 1521 1293 1584 ſich auf die geſammte Verwaltung und ſogar auf das Strafrecht
60 1577 1291 1638 und die Rechtspflege und erzeugt eine tief eingreifende, wenngleich
59 1633 1288 1689 nur zeitweilige, Veränderung des geſammten Rechtszuſtandes. Die
60 1686 1289 1744 Erklärung des Belagerungszuſtandes iſt im Weſentlichen als die
1312 1734 1314 1736 Einführung einer Militairdiktatur zu bezeichnen. Dieſelbe
58 1741 1287 1799 Einführung einer Militairdiktatur zu bezeichnen. Dieſelbe
56 1794 1289 1852 kann ſich auf jeden Theil des Bundesgebietes (ausgenommen
57 1849 1287 1906 Bayern) erſtrecken, alſo nöthigenfalles auch auf das ganze Bundes-
55 1903 1309 1963 gebiet . Die Entſcheidung der Vorfrage, ob die öffentliche Sicher-
1270 203 1312 236 41
172 2024 387 2056 R.V. Art. 68.
170 2071 1284 2121 v. Mohl Reichsſtaatsrecht S. 87 wirft dieſen „Zweifel“ auf um ihn
52 2115 1284 2162 ſelbſt zu widerlegen. Seine Ausführungen finden ſich abgedruckt bei v. Rönne
54 2161 1282 2213 I S. 82. Vgl. ferner Seydel in Behrend’s Zeitſchrift f. Deutſche Geſetz-
51 2207 441 2242 gebung Bd. VII S. 620.
171 2253 1282 2302 Vgl. v. Mohl S. 88, deſſen Ausführungen abgeſchrieben ſind bei
51 2296 496 2331 v. Rönne a. a. O. S. 86.
