1600 2544
306 266 1447 310 Der Art. 62 der R.V. iſt hervorgegangen aus einem Amende-
212 322 1448 367 ment der Abgeordneten Herzog v. Ujeſt und v. Bennigſen,
214 377 1448 424 welches der Reichstag von 1867 erſt in der Schlußberathung des
215 432 1448 478 Verfaſſungs-Entwurfes angenommen hat und das einen Ausgleich
215 487 1448 537 zwiſchen den Anſprüchen der Regierung und denen der Reichstags-
214 542 1448 591 mehrheit darſtellte. Die Regierung forderte, daß die Friedens-
215 597 1445 646 präſenzſtärke dauernd feſtgeſtellt werde , und acceptirte eine in-
214 647 1448 699 terimiſtiſche Feſtſtellung derſelben nur unter der Bedingung, daß
216 707 1448 755 wenigſtens die Einnahmen der Bundeskaſſe, die zur Beſtreitung
215 762 1448 809 des für das Heer erforderlichen Aufwandes unerläßlich ſind, dauernd
216 817 1450 866 ſichergeſtellt werden . Es wurde dadurch im Weſentlichen für den
215 871 1450 917 Nordd. Bund dieſelbe Grundlage gewahrt, die im Preußiſchen
216 926 1447 974 Staatsrecht anerkannt iſt, indem nach dem Art. 109 der Preuß.
215 981 1447 1030 Verf.Urk. die Forterhebung der beſtehenden Steuern und Abgaben
216 1036 1447 1086 von der jährlichen Etatsfeſtſetzung unabhängig iſt. Die Preuß.
215 1092 1449 1141 Regierung war nicht Willens, dieſe verfaſſungsmäßig vorhandene
217 1147 1449 1195 Grundlage aufzuopfern und den Fortbeſtand der Preuß. Armee
216 1201 1448 1251 vom Jahre 1872 ab dem willkührlichen Gutbefinden einer Reichs-
215 1257 1452 1306 tagsmajorität anheimzugeben, und der Reichstag beſtand nicht auf
218 1311 1450 1360 einem ſolchen Verlangen, ſondern begnügte ſich mit der vollen
218 1365 1449 1416 Wahrung des Ausgabebewilligungsrechts unter Einſchiebung einer
216 1420 1449 1471 kurzen Pauſchquantum-Periode und dem Vorbehalte einer ſpäteren
218 1478 1129 1525 Vereinbarung über die dauernde Präſenzſtärke .
309 1530 1447 1581 Die Berechnung der von den Einzelſtaaten an die Reichs-
217 1585 1448 1636 kaſſe zu zahlenden Beiträge erfolgt nach der im Art. 60 interimiſtiſch
216 1641 1451 1691 feſtgeſtellten Friedens-Präſenzſtärke, bis ſie durch ein Reichsgeſetz
216 190 259 221 94
612 183 1032 221 §. 83. Das ſtehende Heer.
340 1765 776 1801 Entwurf zur Verf. Art. 58.
339 1805 1450 1848 In dieſem Sinne verſtanden alle Redner das Amendement Ujeſt,
217 1852 1451 1894 welche über daſſelbe das Wort nahmen. Vgl. Stenogr. Berichte des conſtit.
217 1897 1451 1940 Reichst. 1867 S. 716 ff. 723 ff. Vgl. ferner die Ausführungen des Abg. v.
217 1942 1453 1985 Bennigſen bei der Diskuſſion des §. 1 des Milit.-Geſetzes. (Stenogr. Berichte
216 1994 566 2032 I Seſſ. 1874 S. 755.)
338 2034 1449 2075 Die richtige Anſicht iſt vollkommen zutreffend und wohlbegründet dar-
218 2080 1446 2123 gelegt worden von Thudichum Verf.Recht des Nordd. Bundes S. 416 ff.
218 2126 1449 2167 und in v. Holtzend. Jahrb. I S. 41. Vgl. ferner meine Darſtellung des
218 2172 1447 2214 Reichsſinanzr. in Hirth’s Annalen 1873 S. 551. Die gegen dieſe Ausführung
219 2218 1450 2260 gerichtete Erörterung v. Rönne’s II, 1 S. 176 fg. zeichnet ſich nicht ſowohl
218 2243 1446 2322 durch Gründe, als durch das Bemühen aus, die deutlichen Vorſchriften der
218 2313 765 2351 R.V. einfach bei Seite zu ſchieben.
