1600 2610
86 295 1353 347 Geſ. v. 1. Juni 1870 über die Erwerbung und den Verluſt der
86 353 1352 399 Bundes- und Staatsangehörigkeit ſetzen voraus, daß jeder Reichs-
84 408 1353 461 angehörige Angehöriger eines Bundesſtaates iſt; nach Art. 6 ff.
84 464 1355 516 beſteht der Bundesrath aus den Vertretern der Mitglieder
86 520 1356 571 des Bundes; Art. 19 ſpricht von der zwangsweiſen Anhaltung
85 578 1357 628 der Bundesglieder zur Erfüllung ihrer verfaſſungsmäßigen
90 636 1357 684 Bundespflichten. Art. 36 überläßt jedem Bundesſtaate
90 691 1357 742 die Erhebung und Verwaltung der Zölle und Verbrauchsſteuern,
89 748 1355 798 ſoweit derſelbe ſie bisher ausgeübt hat; nach dem Wortlaut des
92 805 1357 852 Art. 42 „verpflichten ſich die Bundes-Regierungen“,
92 859 1359 909 die deutſchen Eiſenbahnen im Intereſſe des allgemeinen Verkehrs
91 914 1359 966 wie ein einheitliches Netz verwalten zu laſſen. Art. 51 normirt die
92 970 1360 1025 zeitweiſe Vertheilung der Poſtüberſchüſſe unter die einzelnen
93 1027 1359 1078 Staaten. Art. 54 erwähnt die Kauffahrteiſchiffe, Seehäfen und
94 1084 1361 1138 Waſſerſtraßen aller Bundesſtaaten. Nach Art. 58 ſind die
92 1140 1362 1193 Koſten und Laſten des geſammten Kriegsweſens des Reichs von
92 1197 1358 1247 allen Bundesſtaaten gleichmäßig zu tragen; nach Art. 62
92 1251 1363 1306 u. 70 ſind die Beiträge zu den Ausgaben des Reiches von den
93 1308 1363 1364 einzelnen Staaten des Bundes zu entrichten. Alle dieſe
93 1365 1363 1419 Anordnungen und noch zahlreiche andere  beruhen auf der völlig
94 1421 1364 1476 ſelbſtverſtändlichen Vorausſetzung, daß das Reich lediglich aus
98 1486 392 1531 Staaten beſteht.
192 1525 1362 1578 Die Einführung der Reichs-Verfaſſung in Elſaß-Lothringen,
97 1581 1366 1636 nicht blos dem Buchſtaben, ſondern dem Weſen nach, war daher
98 1640 1368 1693 nicht denkbar und nicht möglich, wenn nicht auch hier eine von
99 1695 1367 1748 der Reichsgewalt verſchiedene Staatsgewalt aufgerichtet wurde,
99 1750 1368 1806 d. h. wenn nicht entweder das Gebiet einem oder mehreren deutſchen
99 1807 1364 1861 Staaten zugetheilt oder ein beſonderer Staat aus demſelben ge-
97 1862 1368 1918 macht wurde. Beides iſt aus zwingenden Gründen der Politik
98 1920 1369 1975 nicht geſchehen ; die von Frankreich abgetretenen Gebiete wurden
99 1977 1368 2031 vielmehr als ſogen. Reichsland  mit dem deutſchen Reiche ver-
415 191 1010 242 §. 54. Bundesglied und Reichsland.
1280 207 1350 239 579
223 2089 1332 2136 Z. B. Art. 33. 35. 38. 39. 41. 56. 59. 66. 67. 76. 77. 78. Abſ. 2.
227 2134 1388 2185 Vgl. den Kommiſſionsbericht des Reichstages v. 16. Mai 1871. Druck-
102 2191 748 2232 ſachen I. Seſſ. 1871 Nr. 133. S. 3 fg.
226 2227 1372 2276 Der Ausdruck „Reichsland“, „unmittelbares Reichsland“ wird offiziell
104 2275 1370 2328 zuerſt gebraucht in den Motiven zum Entwurf des Vereinigungs-Geſetzes.
104 2321 1371 2373 Druckſachen I. Seſſion 1871, Nr. 61. S. 6. Vgl. auch Mitſcher a. a. O.
105 2367 1372 2419 S. 272. Daß man über den ſtaatsrechtlichen Begriff eines Reichslandes ſich
