1600 2580
86 242 1336 292 daher der Befehl zur Verkündigung des Geſetzes. Schon die
86 297 1336 347 altfranzöſiſchen Geſetzes-Ausfertigungen enthielten dieſen Befehl an
87 351 1339 402 die Parlamente; ebenſo findet er ſich in der Promulgationsformel
87 407 1336 456 des Geſ. v. 9. Nov. 1789; die Verf. vom 5 Fructid. des Jahres III,
87 462 1338 513 welches dem Directorium die Promulgation der Geſetze übertrug,
88 516 1339 570 ſchrieb im Art. 130 für die Promulgation ebenfalls eine Formel
89 573 1340 624 vor, welche einen Publikationsbefehl enthielt ; daſſelbe gilt von
89 629 1338 679 dem Reglement v. 13. Aug. 1814. Nicht ſelten wird daher das
85 684 1339 734 Weſen der Promulgation, zwar nicht in der Verkündigung ſelbſt,
89 739 1340 790 wohl aber in dem Befehl zur Verkündigung gefunden, da dieſer
89 795 1340 846 Befehl gewiſſermaßen die unmittelbare und praktiſche Conſequenz
90 853 766 899 der Ausfertigung des Geſetzes iſt .
182 904 1340 955 Dieſe Rechtsanſchauungen ſind mit der franzöſiſchen conſtitu-
89 960 1341 1009 tionellen Staatsrechtstheorie in das Deutſche Landesſtaats-
89 1016 1341 1067 recht eingedrungen. Bei der monarchiſchen Verfaſſung der Deut-
90 1070 1343 1123 ſchen Staaten lag aber kein praktiſcher Anlaß vor zwiſchen der
91 1126 1341 1176 Sanction und der Promulgation zu unterſcheiden. Es galt als
90 1183 1341 1233 ſelbſtverſtändlich, daß die Sanction in einer vom Landesherrn unter-
91 1237 1345 1288 ſchriebenen, mit dem Staatsſiegel verſehenen und gegengezeichneten
92 1290 1351 1339 Urkunde erklärt wird und es galt als ebenſo ſelbſtverſtändlich, daß
92 1347 1343 1396 in dieſer Urkunde auf die erfolgte Zuſtimmung der Stände Bezug
95 1401 1344 1454 genommen und dieſelbe ausdrücklich bezeugt werde. In allen
95 1457 1344 1508 Deutſchen Staaten herrſcht in dieſer Beziehung eine gleichmäßige,
93 1512 1344 1563 faſt bis auf den Wortlaut der Formel übereinſtimmende Praxis .
95 1568 1344 1619 In der Promulgation des franzöſiſchen Rechts ſah man Nichts
95 1622 1345 1672 Anderes als die Verkündigung des Geſetzes, oder im günſtigſten
95 1679 1345 1730 Fall den Verkündigungs-Befehl . Daß ſich zwiſchen Sanction
1290 151 1331 184 21
268 150 1153 191 §. 56. Der Begriff und die Erforderniſſe des Geſetzes.
223 1788 1347 1826 Sie lautete: »Le Directoire ordonne que la loi ou l’acte du Corps
96 1838 855 1879 législatif ci-dessus sera publié, exécuté«, etc.
218 1878 1347 1923 Vergl. z. B. Duranton, Cours de droit français I. chap. II.
95 1925 1346 1964 nr. 44 ff. Berriat-St. Prix, Théorie de droit Constit. franç. S. 502 ff.
97 1972 1347 2015 Aubry et Rau, Cours de droit civil français (4. Ausg.) I. § 26. S. 48 ff.
97 2017 1347 2060 Laurent, Principes de droit civil (Brüſſel 1869) I. S. 57 ff. Der Zu-
98 2064 1350 2109 ſammenhang zwiſchen Ausfertigung und Verkündigungsbefehl wird angedeutet
99 2111 1198 2151 von Demante, Cours analytique de Code civ. (1849) I. p. 33.
222 2158 1172 2200 Vgl. Zachariä, Deutſches Staatsr. II. §. 161 (S. 176).
223 2203 1350 2245 Das Wort Promulgation wird in der Deutſchen Rechtsliteratur
100 2249 1352 2294 in ſehr verſchiedenem Sinne verwendet. Die überwiegende Mehrzahl der
103 2294 1349 2339 Schriftſteller gebraucht daſſelbe als ganz gleichbedeutend mit Publikation. Ebenſo
