1600 2544
229 262 1460 322 Landwehr-Mannſchaften zu Uebungen und etwaigen Verſtärkungen
230 319 1458 377 aus Anlaß beſonderer Verhältniſſe, z. B. zum Zweck einer Gränz-
229 372 1459 432 ſperre, oder behufs Aufſtellung eines Obſervationskorps oder dgl. .
229 428 1459 487 Dagegen bleibt die Effektivſtärke hinter der geſetzlichen Präſenzziffer
226 482 1457 541 theils aus zufälligen Gründen theils in Folge kaiſerlicher Anord-
227 539 1456 598 nung zurück, insbeſondere wegen Beurlaubungen und wegen des
196 593 1447 648 Zwiſchenraumes zwiſchen der Entlaſſung der Reſerven und Ein-
229 647 1453 709 ſtellung der Rekruten, der durchſchnittlich mindeſtens vier Wochen,
226 702 905 755 bisweilen über 2 Monate beträgt .
317 760 1452 819 3. Die wichtigſte praktiſche Bedeutung der geſetzlichen Präſenz-
227 812 1455 867 ſtärke beſteht darin, daß ſie den Anſätzen des Militair-
225 867 1453 927 Etats zu Grunde gelegt wird. Die einzelnen Truppen-
222 922 1454 984 theile müſſen auf Grundlage des für ſie gegebenen Verpflegungs-
223 978 1454 1040 Etats wirthſchaften und Rechnung legen und die Veranſchlagungen
220 1035 1451 1095 in den einzelnen Ausgabe-Titeln des Militair-Etats des Reiches
220 1088 1451 1150 beruhen auf den in den Verpflegungs-Etats der Truppentheile
221 1145 631 1188 normirten Kopfſtärken.
311 1198 1453 1255 Hierbei gilt der Grundſatz, „daß die Geſammtſumme der in
220 1253 1450 1310 den Friedensverpflegungs-Etats aufgeführten Mannſchaften unver-
220 1309 1448 1370 änderlich für das ganze Jahr 401,659 Mann beträgt“ ;
219 1361 1448 1426 alſo ohne Rückſicht auf die durchſchnittliche Effectivpräſenzſtärke .
217 1418 1443 1480 Man kann die doppelte Bedeutung der geſetzlichen Präſenz-
218 1472 1446 1534 ziffer durch den Satz ausdrücken: ſie iſt die Maximalziffer hin-
217 1528 1449 1582 ſichtlich des Beſtandes an Mannſchaft, alſo für das Quantum an
216 1584 1448 1646 perſönlicher Militairdienſtpflicht, das die Bevölkerung zu
233 183 276 215 88
630 184 1052 224 §. 83. Das ſtehende Heer.
339 1714 1445 1761 Daß der Kaiſer zur Anordnung ſolcher Verſtärkungen der Armee
214 1758 1445 1806 befugt iſt, ergiebt ſich aus §. 6 Abſ. 5 des Wehrgeſetzes vom 9. Nov. 1867.
214 1804 1004 1845 Vgl. Seydel in Hirth’s Annalen 1875 S. 1417.
334 1850 1443 1897 Vgl. die Erklärung des Bundes-Kommiſſarius Major Blume in der
214 1895 1444 1949 Sitzung der Reichstagskommiſſion vom 27. Febr. 1874. Druckſachen I Seſſ.
214 1942 651 1981 1874 Nro. 106 Beilage XI.
333 1988 1083 2032 Vgl. die angef. Erklärung des Major Blume.
334 2034 1443 2087 Erſparniſſe an den etatsmäßigen Verpflegungsſätzen durch Beurlaubungen
211 2080 1441 2130 und andere Herabminderungen der Präſenzſtärke fallen aber nicht der Militair-
211 2126 1441 2173 Verwaltung zur beliebigen Verfügung zu, ſondern ſind wie andere Minder-
211 2173 1440 2225 ausgaben zu verrechnen und der Reichskaſſe wieder zuzuführen. Demgemäß
210 2218 1439 2272 iſt auch bei den Anſätzen des Militairetats in den letzten Jahren auf die vor-
211 2263 1439 2316 ausſichtlich eintretenden Erſparniſſe durch Beurlaubungen und andere Manque-
210 2308 880 2349 ments bereits Rückſicht genommen worden.
