1600 2527
117 265 1347 319 der Perſon getrennt gedacht und dem Landesherrn in ähnlicher
115 320 1344 373 Art gegenübergeſtellt wird wie der Fiskus dem Staat als öffent-
113 374 1344 428 lichrechtlicher Perſönlichkeit. Die vermögensrechtlichen Verhältniſſe
113 428 1342 485 ſtehen unter der allgemeinen Rechtsordnung und unterliegen auch
112 485 1344 538 hinſichtlich der Verfolgung von Rechtsanſprüchen im Allgemeinen
113 540 1341 593 dem ſonſt geltenden Recht. Indeß ſind hinſichtlich des Gerichts-
113 595 1343 650 ſtandes oder hinſichtlich der Zuſammenſetzung der zur Entſcheidung
110 650 1344 704 ſolcher Streitigkeiten berufenen Gerichtsbehörden in manchen
113 706 1341 758 Staaten beſondere Vorſchriften ergangen und es iſt bisweilen hin-
113 760 1339 813 ſichtlich der familienrechtlichen Verhältniſſe und Streitigkeiten die
113 815 1340 868 Zuſtändigkeit der Gerichte ausgeſchloſſen. Dieſe Sonderſtellung
112 871 1340 923 der Landesherren und ihrer Familien hat die Reichsgeſetzgebung
110 924 1338 978 fortbeſtehen laſſen und ſie gemäß der bundesſtaatlichen Einigung
109 978 1340 1031 der deutſchen Staaten nicht nur für jeden Landesherrn und ſeine
107 1035 1338 1087 Familie innerhalb ſeines Staatsgebietes ſondern im ganzen Bundes-
106 1091 1336 1142 gebiet zur Geltung gebracht. Soweit beſondere Vorſchriften in
105 1145 1335 1198 dieſer Richtung nicht beſtehen, kommt allerdings das allgemeine
106 1201 1341 1254 Recht zur Anwendung. Demgemäß iſt reichsgeſetzlich angeordnet,
104 1256 1337 1306 daß in Anſehung der Landesherren und der Mitglieder der landes-
104 1311 1336 1363 herrlichen Familien, ſowie der Mitglieder der fürſtlichen Familie
105 1367 1336 1418 Hohenzollern die Beſtimmungen des Gerichtsverfaſſungsgeſetzes, der
105 1421 1335 1470 Strafprozeßordnung, der Civilprozeßordnung und der Konkurs-
106 1476 1335 1524 ordnung nur inſoweit Anwendung finden, als nicht beſondere Vor-
104 1530 1335 1583 ſchriften der Hausverfaſſungen oder der Landesgeſetze abweichende
107 1587 1336 1637 Beſtimmungen enthalten . Dieſe Reichsgeſetze haben daher in
103 1641 1329 1691 Anſehung der in Rede ſtehenden Perſonen nur ſubſidiäre Gel-
101 1698 1334 1747 tung und es folgt hieraus, daß nicht blos die zur Zeit der Ein-
99 1751 1333 1802 führung der Reichsgeſetze beſtehenden, ſondern auch die ſpäter er-
98 1806 1334 1857 laſſenen hausgeſetzlichen oder landesgeſetzlichen Vorſchriften den
99 1861 814 1908 Vorrang vor den Reichsgeſetzen haben.
189 1916 1331 1969 Aufgehoben iſt jedoch die in einigen Staaten  in Geltung
97 1970 1333 2023 geweſene Beſchränkung, wonach der Rechtsweg bei Klagen gegen
99 2026 1332 2079 den Landesherrn von der Einwilligung deſſelben abhängig war,
361 183 1104 224 §. 97. Die ordentliche ſtreitige Gerichtsbarkeit.
1301 193 1344 226 41
216 2127 1330 2173 Einführungsgeſetze z. Gerichtsverf.Geſ. §. 5, zur Strafproc.Ordn. §. 4,
97 2173 797 2212 zur Civilproz.O. §. 5, zur Konk.Ordn. §. 7.
216 2219 1330 2265 Nach Angabe der Motive S. 210 (Hahn S. 184) Mecklenburg-Schwerin,
99 2264 1330 2310 Mecklenburg-Strelitz und Sachſen-Meiningen; nach den Ausführungen des Abg.
98 2309 1186 2355 Gaupp auch Württemberg. Protok. I. Leſ. S. 438 (Hahn S. 649).
