1600 2544
66 261 1283 306 mit den Lehrklaſſen Sexta bis Tertia für Zöglinge in dem Alter
62 316 1285 360 von 10—15 Jahren und b) aus der Hauptkadetten-Anſtalt
63 370 1284 416 zu Lichterfelde mit den Lehrklaſſen Sekunda und Prima, einer
62 425 1280 471 Ober-Prima und Selekta, in welchen letzteren die unmittelbare Be-
60 481 1281 526 rufsbildung beginnt, für Zöglinge zwiſchen 15 und 18 Jahren.
62 535 1281 583 Die Aufnahme erfolgt theils in etatsmäßige (oder königliche) Stellen
60 591 1283 645 theils gegen eine jährliche Penſion . Die Aufnahme iſt auch den
59 646 1282 691 Angehörigen aller Staaten, welche mit Preußen Militair-Konven-
58 701 1282 747 tionen geſchloſſen haben, zugeſichert; dem Württembergiſchen Kriegs-
56 753 1282 802 miniſt. iſt die Verfügung und Zuertheilung über 54 etatsmäßige
59 812 1281 857 Stellen eingeräumt ; für Sachſen beſteht z. Z. noch eine beſon-
58 867 1284 911 dere Kadetten-Anſtalt zu Dresden; desgleichen für Bayern in
58 921 1281 966 München. Das Preuß. Kadettenkorps ſteht unter einem Korps-
55 976 929 1022 kommandeur im Range eines Generalmajors .
149 1032 1281 1077 12. Militairiſche Knaben-Erziehungs-Inſti-
56 1088 497 1132 tute. Hierher gehören
142 1143 1279 1187 a) Das Inſtitut zu Annaburg. Daſſelbe iſt dem In-
57 1199 1280 1242 ſpekteur der Infanterie-Schulen unterſtellt und reſſortirt in ökono-
58 1253 1282 1297 miſcher Beziehung von der Intendantur des 4. Armeekorps. Die
57 1308 1283 1353 Grundſätze, nach welchen bei der Aufnahme von Soldaten-Söhnen
54 1363 1280 1408 in das Inſtitut zu verfahren iſt, ſind durch Miniſt.-Reſcr. vom
56 1418 584 1463 28. April 1870 formulirt .
142 1473 1280 1519 b) Das große Militair-Waiſenhaus zu Pots-
56 1528 1279 1573 dam und Schloß Pretzſch iſt zur Aufnahme und Erziehung
54 1583 1279 1628 von ehelich geborenen und bedürftigen Soldaten-Waiſen beſtimmt;
52 1637 1280 1683 die Knaben finden in Potsdam, die Mädchen evangel. Konfeſſion
50 1693 1280 1739 in Pretzſch Aufnahme . Der Inſpekteur der Infanterie-Schulen
50 1748 1278 1794 iſt beauftragt, die Militair-Schule des Waiſenhauſes zu inſpiziren
1221 184 1284 215 129
412 178 938 214 §. 86. Die Militair-Verwaltung.
121 2336 1057 2376 Laband, Reichsſtaatsrecht. III. 9
169 1885 1280 1922 Die jetzt geltenden Aufnahmebeſtimmungen ſind durch Ver. v. 1. Juli
52 1931 1277 1968 1869 (A.V.Bl. S. 152) feſtgeſtellt. Ueber den Lehrplan vgl. die Kab.O. vom
52 1978 604 2014 18. Januar 1877 (A.V.Bl. S. 77).
169 2020 1278 2060 Die ehemalige Württemb. Kadetten-Schule zu Ludwigsburg iſt durch
51 2066 1280 2107 Ordre v. 30. März 1874 (Württemb. Mil.V.Bl. S. 55) aufgehoben worden.
170 2112 1279 2152 Ueber das Perſonal an Offizieren und Lehrern giebt der Militair-Etat
54 2163 471 2199 Kap. 35 Tit. 18 Auskunft.
170 2207 796 2245 Abgedruckt bei v. Helldorff I. 3. S. 93.
170 2249 1277 2292 Mädchen kathol. Konfeſſion werden auf Koſten der Stiftung in kathol.
57 2300 597 2340 Erziehungs-Anſtalten untergebracht.
