1600 2580
71 263 1326 310 laſſen hatten . Die Bedeutung der feierlichen Publicatio des
72 319 1325 366 Reichs-Abſchiedes beſtand vielmehr darin, daß Exiſtenz und Wort-
71 375 1327 423 laut der vom Kaiſer und Reichstag vereinbarten und vom Kaiſer
71 430 1324 479 ſanctionirten Reichsgeſetze in ſolenner und authentiſcher Form con-
72 486 1324 534 ſtatirt wurden; es war die »solemnis editio« des Reichsgeſetzes.
164 541 1326 590 Eine ähnliche Einrichtung beſteht in England. Das Recht
73 597 1325 646 der Krone, die von den beiden Häuſern genehmigten Bills zu ſanc-
70 653 1325 702 tioniren, iſt ein Scheinrecht, da nach einem unbezweifelten Rechts-
70 707 1326 758 ſatz die Krone die Genehmigung nicht verweigern darf . Von
72 763 1324 812 weſentlicher Bedeutung aber iſt die Befugniß der Krone, das Ge-
70 818 1323 869 ſetz auszufertigen. Die alte und regelrechte Form der Er-
70 873 1324 923 klärung des Geſetzes beſteht darin, daß der König in einer feier-
71 929 1327 978 lichen Sitzung des Hauſes der Lords erſcheint, die Gemeinen an
71 985 1326 1035 die Schranke entbietet, vom Kron-Clerk die Titel der vom Parla-
69 1040 1323 1090 ment beſchloſſenen Bills verleſen läßt und die Genehmigung der-
70 1096 1325 1144 ſelben erklärt. Seit Stat. 33 Heinrich VIII. c. 21 iſt ſtatt dieſer
72 1152 1324 1201 Form auch die Erklärung durch Patent zuläſſig, welches vom König
72 1208 1324 1256 eigenhändig unterſchrieben, von dem Kron-Clerk gegengezeichnet und
71 1263 1324 1311 mit dem großen Staatsſiegel verſehen ſein muß. In feierlicher
73 1318 1324 1365 Sitzung der Lords, zu welcher die Gemeinen geladen werden, wird
74 1374 1324 1421 das Patent ſeinem ganzen Inhalte nach verleſen und die königliche
76 1428 1323 1475 Genehmigungsklauſel wird von dem Clerk des Parlaments in das
1280 180 1321 212 15
253 171 1140 212 §. 56. Der Begriff und die Erforderniſſe des Geſetzes.
65 1530 1315 1570 Cap. 23 §. 33 sq. Pfeffinger, a. a. O. nr. 98—100. Moſer a. a. O.
64 1577 1315 1617 Daſelbſt findet ſich S. 283—295 eine genaue Beſchreibung aller Vorgänge bei
63 1624 878 1663 der „Publikation“ des Reichs-Abſchiedes von 1654.
187 1670 1316 1710 Die Mittheilung der Reichsgeſetze Seitens des Kaiſers an die Reichs-
63 1716 1315 1756 behörden und an die Kreis-Ausſchreibe-Aemter und Stände nannte man aller-
63 1763 1316 1802 dings auch Publikation, gewöhnlich aber Inſinuation oder Intimation. Die
63 1809 1315 1848 Art und Weiſe der Bekanntmachung war eine ſehr ungeregelte. Moſer,
64 1855 1312 1894 Teutſches Staatsr. Bd. 50 S. 50 ff. Vrgl. auch Güterbock, Entſtehungs-
64 1902 724 1941 geſchichte der Carolina (1876) S. 199 fg.
185 1944 1316 1985 Der letzte Fall, in welchem eine von dem Parlament genehmigte Bill
63 1994 1312 2031 von der Krone verworfen wurde, ereignete ſich im Jahre 1707. Auch vorher
64 2040 1316 2079 waren Fälle dieſer Art höchſt ſelten. Die Verpflichtung des Königs wird theils
64 2087 1315 2124 aus dem von ihm geleiſteten Eid, theils aus der Stellung der dem Parla-
63 2133 1315 2171 mente verantwortlichen Miniſter, auf deren Rath der König ſeine Regierungs-
62 2180 1315 2218 handlungen vornimmt, hergeleitet. Vgl. Cox, Staatseinrichtungen Englands
65 2225 1314 2263 S. 43 fg. May, das engl. Parlament S. 422 und beſonders Blackstone,
64 2272 1313 2309 Commentaries I. chap. 2. (15. Engl. Ausgabe. London 1809. Vol. I. p. 183 ff.
64 2316 829 2357 Franzöſ. Ueberſ. von Chompré I. pag. 350 ff.)
