1600 2527
108 210 1342 265 den Schutz des Staates zu nehmen und dadurch ſeine Anerkennung
108 266 1342 316 und Verwirklichung zu ſichern, eventuell ſie zu erzwingen. Das
109 320 1345 374 Urtheil iſt die Entſcheidung über Gewährung oder
111 374 1344 428 Verſagung dieſer Bitte. Dieſes Urtheil iſt durch die Be-
112 429 1345 482 antwortung von zwei ganz verſchiedenen Vorfragen beſtimmt;
114 484 1347 537 erſtens ob im concreten Falle alle diejenigen Vorausſetzungen vor-
112 537 1349 595 handen ſind, unter denen der Staat die Pflicht zur Einſetzung ſeiner
115 594 1349 645 Gewalt anerkennt, der Kläger alſo einen Anſpruch gegen
115 646 1349 699 den Staat auf Gerichtshülfe hat, und zweitens ob dem Kläger
116 703 1349 760 gegen den Verklagten der von ihm behauptete Rechts-
116 757 1349 813 anſpruch zuſteht. Die erſte Frage betrifft das ſtaatsrechtliche
117 812 1350 870 (Prozeß-)Verhältniß, gehört alſo dem öffentlichen Rechte an; die
118 868 1352 924 zweite betrifft das dem Prozeß vorausgehende, zu demſelben nur
118 922 1352 978 den Anlaß gebende Rechtsverhältniß und iſt gewöhnlich eine privat-
116 989 319 1034 rechtliche .
207 1031 1353 1088 Der Klageantrag braucht ſich mit dem Anſpruch an den Ver-
117 1087 1353 1146 klagten nicht zu decken; er kann auf einen Theil des Anſpruchs
121 1141 1354 1201 gerichtet ſein oder über ihn hinaus gehen; ja er kann wirkſam ge-
120 1196 1356 1254 ſtellt werden, ohne daß dem Kläger in Wahrheit überhaupt ein
120 1250 1356 1310 gültiger Anſpruch an den Verklagten zuſteht . Die Klage richtet
121 1305 1356 1365 ſich — wenigſtens nach dem heutigen Recht — nicht gegen den
122 1362 1356 1419 Verklagten mit dem Anſpruch, daß er leiſte, ſondern gegen
123 1415 1355 1472 den Staat, mit dem Antrag, daß er den Verklagten zur Leiſtung
125 1468 1355 1530 zwinge. Der Kläger hat überhaupt gar keinen Rechtsanſpruch
126 1525 1356 1583 an den Verklagten, daß dieſer ſich mit ihm in einen Prozeß ein-
125 1581 1359 1639 laſſe, ſondern er hat an den Verklagten nur den aus dem Privat-
124 1634 1360 1695 rechtsverhältniß reſultirenden Anſpruch auf Leiſtung. Von einer
124 1691 1359 1749 Einlaſſungspflicht des Verklagten, wenn eine ſolche beſtünde , könnte
352 128 1099 172 §. 97. Die ordentliche ſtreitige Gerichtsbarkeit.
1296 127 1341 161 23
244 1836 1359 1887 Auf dieſen, für die wiſſenſchaftliche Erkenntniß des Civilprozeßrechts
125 1881 1363 1934 entſcheidenden Gegenſatz mit Nachdruck hingewieſen zu haben, iſt das große
127 1926 1363 1980 Verdienſt Bülow’s. Vgl. deſſen Lehre von den Prozeßeinreden und Prozeß-
129 1972 1364 2024 vorausſ. Gießen 1868 S. 1 ff. und ſeine trefflichen Abhandlungen im Arch.
130 2017 1364 2073 f. civil. Prax. Bd. 62 S. 75 ff. Bd. 64 S. 8 ff. Vgl. ferner Degenkolb,
129 2063 1366 2117 Einlaſſungszwang und Urteilsnorm Leipz. 1877 S. 26 ff. und beſonders die
131 2109 1365 2165 vorzügliche Ausführung Sohm’s in Grünhut’s Zeitſchr. Bd. IV. S. 467 ff.
253 2157 1254 2208 Vgl. auch Wach, Vorträge über die Civilproz.O. S. 15 Anm.
251 2202 1365 2255 Zu einer eingehenden Erörterung dieſer in neueſter Zeit vielfach be-
134 2250 1200 2302 handelten Streitfrage liegt an dieſer Stelle keine Veranlaſſung vor.
