1600 2544
451 158 1248 206 §. 81. Die Militairhoheitsrechte der Einzelſtaaten.
327 233 1469 294 2. Da die geſetzliche Dienſtpflicht eine Unterthanenpflicht iſt,
235 289 1472 355 ſo erſcheint ihr gegenüber die Kontingentsherrlichkeit als ein bloßer
238 344 1470 406 Anwendungsfall der Landesherrlichkeit; denn der Landesherr als
237 397 1473 465 ſolcher iſt, wenigſtens in der Regel, Dienſtherr. Dagegen erweiſt
239 453 1472 520 ſich in Bezug auf die freiwillig übernommene Mili-
239 509 1471 568 tairdienſtpflicht, welche nicht auf der Unterthanenqualität
239 562 1473 628 beruht , die Kontingentsherrlichkeit ganz rein und unverhüllt als
241 619 1475 680 Dienſtherrlichkeit. So wenig das Deutſche Reich eine eigene
244 672 1470 736 Armee hat, ebenſowenig hat es eigene Offiziere und Militairbe-
243 728 1476 792 amte (für das Heer). Dieſelben ſtehen vielmehr in einem Dienſt-
242 782 1477 846 verhältniß nur zu demjenigen Landesherrn, von welchem ſie
244 836 1478 902 angeſtellt worden ſind. Dieſer Grundſatz bildet die ausnahmsloſe
244 892 1478 956 verfaſſungsmäßige Rechtsregel; die Reichsverf. hat ihn nicht ein-
246 947 1478 1014 geſchränkt, auch nicht durch die Anordnungen im Art. 64 Abſ. 2;
246 1002 1479 1066 denn hier handelt es ſich nicht um die Eingehung eines Dienſt-
245 1057 1481 1123 verhältniſſes, ſondern um die Uebertragung eines militairiſchen
245 1113 1480 1176 Amtes (Kommando’s) an einen Offizier, der einem Deutſchen Kon-
244 1168 1483 1232 tingent bereits angehört. Es iſt auch nicht erforderlich, daß der
245 1225 1482 1288 letztere durch Uebernahme des vom Kaiſer verliehenen Amtes aus
247 1282 1207 1339 dem Offiziercorps ſeines Kontingents ausſcheidet .
340 1331 1481 1393 Dagegen iſt der verfaſſungsmäßige Rechtsſatz in ſeiner that-
248 1385 1484 1450 ſächlichen Geltung dadurch beſchränkt, daß die Mehrzahl der Deutſchen
250 1442 1482 1498 Staaten — mit alleiniger Ausnahme von Bayern, Sachſen, Würt-
248 1496 1486 1558 temberg und Braunſchweig — die Rechte des Kontingentsherrn
251 1550 1484 1614 durch Konvention dem Könige von Preußen zur Ausübung über-
227 178 278 213 64
255 1683 1489 1733 werden, gleichviel in welches Kontingent ſie eintreten, nur für den Deutſchen
256 1729 1490 1780 Kaiſer vereidigt (Reſcr. vom 28. Mai 1872 und Kab.-Ordre vom 4. Dezemb.
254 1774 1491 1825 1878). Die angeführten Reſcripte ſind abgedruckt bei v. Helldorff Dienſt-
253 1820 1491 1871 vorſchriften Bd. II Th. 1 S. 2 ff. In Bayern endlich iſt in den dem
254 1865 1490 1915 Könige von Bayern zu leiſtenden Fahneneid die Verpflichtung aufzunehmen:
258 1910 1492 1961 „im Kriege den Befehlen des Kaiſers unbedingt Folge zu leiſten.“ Vertrag
256 1962 865 2001 vom 23. Nov. 1870 III §. 5 Ziff. IV.
379 2011 677 2051 Siehe unten §. 89.
375 2049 1492 2093 Ausdrückliche Anerkennung hat dies gefunden in der Vereinbarung
256 2094 1493 2146 zwiſchen Preußen, Bayern und Württemberg bezügl. der Feſtung Ulm vom
258 2140 1494 2188 16. Juni 1874 Art. II Abſ. 5. Vgl. auch wegen der Feſtungskommandanten
257 2185 1494 2234 in Sachſen die Sächſiſche Mil.-Konv. Art. 7: „Dieſelben haben, wenn
258 2231 1487 2281 ſie den Kgl. Sächſiſchen Truppen angehören, nachfolgenden Eid
259 2289 428 2328 zu leiſten.“
