1600 2527
279 257 1506 306 ſtehen . Die letzteren üben im Allgemeinen, d. h. inſoweit das
277 312 1503 361 Geſetz nicht Ausnahmen beſtimmt , während der Hauptverhand-
275 366 1503 416 lung das Richteramt im vollen Umfange und mit gleichem Stimm-
277 422 1504 471 rechte wie der Amtsrichter aus . Bei Forſt- und Feldrügeſachen
274 475 1502 526 kann die Mitwirkung der Schöffen durch Anordnung der Landes-
274 532 1507 581 geſetze ausgeſchloſſen werden , ſo daß alsdann der Amtsrichter
274 587 1503 637 als Einzelrichter entſcheidet; auch kann der Amtsrichter im Falle
273 643 1502 691 der Vorführung des Beſchuldigten mit Zuſtimmung der Staats-
273 697 1503 747 anwaltſchaft ohne Zuziehung von Schöffen zur Hauptverhandlung
272 752 1504 802 ſchreiten, wenn der Beſchuldigte nur wegen Uebertretung verfolgt
274 808 1281 856 wird und die ihm zur Laſt gelegte That eingeſteht .
363 863 1501 910 Die Zuſtändigkeit der Schöffengerichte erſtreckt ſich auf alle
270 916 1500 967 Uebertretungen, auf die im §. 27 des Gerichtsverfaſſungsgeſetzes
270 973 1499 1020 aufgeführten Vergehen, ſowie auf diejenigen Strafſachen, deren
271 1028 1500 1075 Verhandlung und Entſcheidung ihnen von den Strafkammern der
270 1083 1499 1132 Landgerichte gemäß §. 29 und 75 des Gerichtsverfaſſungsgeſetzes
267 1138 618 1181 überwieſen werden.
433 1189 1498 1240 In zweiter Inſtanz entſcheiden über Beſchwerden und Be-
267 1249 1497 1296 rufungen gegen Entſcheidungen und Urtheile der Schöffengerichte
267 1303 1496 1351 die Strafkammern  und zwar in der Hauptverhandlung
265 1358 1494 1405 in der Beſetzung mit 5 Mitgliedern, wenn es ſich um ein Ver-
267 1412 1494 1461 gehen handelt, in der Beſetzung mit 3 Mitgliedern bei Ueber-
265 1469 1498 1515 tretungen und in den Fällen der Privatanklage . Laienrichter
264 1522 1231 1569 nehmen an der Entſcheidung in keinem Falle Theil.
357 1579 1495 1624 In dritter Inſtanz entſcheiden die Strafſenate der
264 1631 1493 1678 Oberlandesgerichte über das Rechtsmittel der Reviſion
265 1688 1491 1735 gegen Urtheile der Strafkammern in der Berufungsinſtanz , gleich-
263 1742 1490 1790 viel ob die Reviſion auf eine Verletzung des Reichsrechts oder des
278 173 324 209 80
724 176 1070 213 §. 101. Die Gerichte.
385 1843 745 1880 Gerichtsverf.Geſ. §. 26.
383 1888 1491 1928 Dieſelben betreffen lediglich die Entſcheidungen über die Zuſammen-
259 1933 1489 1974 ſetzung des Schöffengerichts ſelbſt. Gerichtsverf.Geſetz §§. 52. 53. 54. 56. Vgl.
260 1980 1491 2021 auch Strafproc.Ordn. §. 31. Da dieſe Lehre nur ein ſtrafprozeſſualiſches, kein
258 2026 1488 2066 ſtaatsrechtliches Intereſſe darbietet, ſo iſt hier nicht näher darauf einzugehen.
382 2073 1332 2111 ebendaſ. §. 30 und dazu die Motive S. 75. (Hahn S. 80.)
382 2118 1064 2158 Einf.Geſ. zur Strafproc.Ordn. §. 3 Abſ. 3.
382 2163 876 2203 Strafproc.Ordn. §. 211 Abſ. 2.
381 2209 969 2249 Gerichtsverf.Geſ. §. 72 Abſ. 1. §. 76.
380 2255 739 2293 Gerichtsverf.Geſ. §. 77.
384 2301 756 2341 ebendaſ. §. 123 Ziff. 2.
