1600 2544
134 283 1369 335 nach Verhältniß ihrer ortsanweſenden reichsangehörigen Bevölke-
132 340 1370 393 rung zu vertheilen; hiervon iſt nach Art. 58 der R.V. auch Bayern
132 393 1367 447 nicht ausgenommen, jedoch erleidet die Regel für alle Staaten,
134 447 1368 502 welche beſondere Armeekorps bilden, eine unter Nr. 5 noch zu
132 504 567 548 erörternde Modifikation.
221 560 1365 611 4. Von dem Falle, daß ein Bundesſtaat nicht im Stande iſt,
128 612 1366 665 die auf ihn entfallende Quote des Rekrutenbedarfs zu ſtellen, iſt
129 667 1364 719 wol zu unterſcheiden der andere Fall, daß nach erfolgter Ver-
127 720 1366 771 theilung des allgemeinen Erſatzbedarfs auf die Bundesſtaaten bei
128 776 1365 826 einem Truppentheile durch unvorhergeſehenen Ausfall oder
128 830 1363 882 Abgang an Mannſchaften ein außerordentlicher Erſatzbe-
125 884 1363 937 darf entſteht. Während in dem unter 3 erörterten Falle (Mil.-
126 939 1363 989 Geſ. §. 9 Abſ. 3) der Erſatzbedarf für das Heer unverändert bleibt
123 994 1360 1047 und nur die Vertheilung anders regulirt werden muß, ändert ſich
123 1050 1360 1101 in dem hier beſprochenen Falle (Mil.Geſ. §. 9 Abſ. 2) der Erſatz-
123 1103 1361 1157 bedarf ſelbſt, indem ein Nacherſatz erforderlich wird. Hier iſt
126 1161 1362 1209 nun nicht die Repartirung deſſelben auf ſämmtliche Bundesſtaaten
125 1207 1360 1265 nothwendig, ſondern es iſt eine Abweichung von dem vorge-
125 1268 1359 1319 ſchriebenen Vertheilungsmaßſtabe unter Zuſtimmung des Ausſchuſſes
123 1322 1360 1374 für das Landheer und die Feſtungen geſtattet. Die in Folge deſſen
126 1378 1361 1426 entſtehende Ungleichheit in der Belaſtung der Bundesſtaaten iſt bei
122 1432 1358 1482 der Rekrutengeſtellung des nächſtfolgenden Jahres auszugleichen .
215 1489 1359 1538 5. Zu der Regel, daß der für das Reichsheer erforderliche
122 1541 1360 1590 Erſatz gleichmäßig auf alle Bundesſtaaten zu vertheilen iſt, tritt
122 1597 1358 1646 ein anderer Grundſatz hinzu, welcher eine ſehr eingreifende Be-
119 1651 1356 1701 ſchränkung der Kontingentsherrlichkeit der Einzelſtaaten enthält .
122 1707 1359 1755 Verfaſſungsmäßig haben nämlich die Bundesſtaaten (außer
122 1762 1359 1809 Bayern) kein Recht darauf, daß der von ihnen geſtellte Erſatz in
118 1816 1356 1864 ihre Kontingente eingereiht wird, ſondern die Geſammtleiſtung
119 1870 1356 1917 ſämmtlicher Staaten an Rekruten ſteht für das geſammte Reichs-
119 1925 1354 1974 heer zur Verfügung des Kaiſers . Für die Zutheilung der aus-
199 181 1299 248 §. 80. Die Gemeinſchaft d. Laſten u. Ausgaben f. d. bewaffnete Macht.
1326 215 1368 247 53
238 2043 1355 2085 Mil.Geſ. §. 9 Abſ. 2. Auf die Rekrutirung für die Marine finden
119 2089 1354 2130 die Beſtimmungen des Militairgeſetzes keine Anwendung. Beim Mangel an
120 2136 1355 2176 Erſatzmannſchaften der ſeemänniſchen Bevölkerung iſt ein Hinübergreifen auf
119 2181 1354 2221 Militairpflichtige der Landbevölkerung innerhalb der aufzubringenden Geſammt-
117 2227 939 2266 zahl ohne Weiteres zuläſſig. W.O. I §. 51 Ziff. 7.
238 2272 486 2308 Vgl. §. 81 I, 1.
238 2318 1352 2357 Nur der einzelne Wehrpflichtige iſt berechtigt zu verlangen, daß er
