1600 2527
120 239 1355 294 richtete an den Reichskanzler das Erſuchen, den Entwurf eines
122 293 1357 349 Geſetzes über die Rechtsanwaltſchaft ausarbeiten zu laſſen. In
123 348 1356 404 Folge des Kompromiſſes, welches der dritten Leſung der Juſtiz-
123 404 1357 460 geſetze im Reichstage vorausging, ſtrich der Reichstag aus dem
125 458 1357 512 Gerichtsverfaſſungsgeſetz und aus dem hierzu gehörenden Einfüh-
123 513 1358 569 rungsgeſetz die auf die Rechtsanwaltſchaft ſich beziehenden Vor-
124 568 1360 624 ſchriften gegen die Zuſage der Reichsregierung, daß dieſelbe den
125 624 1357 676 Entwurf einer Rechtsanwaltsordnung dem Reichstag ſo frühzeitig
126 680 1360 733 vorlegen werde, daß das Geſetz gleichzeitig mit den Prozeßord-
129 735 1362 788 nungen in Geltung treten könne. Die Vorlage erfolgte in der
127 789 1360 842 Seſſion von 1878  und führte zur Vereinbarung des Geſetzes,
126 846 1362 896 welches unter der Bezeichnung Rechtsanwaltsordnung vom
127 898 1359 952 1. Juli 1878  publizirt worden und am 1. Oktob. 1879 in Gel-
128 963 435 1008 tung getreten iſt.
219 1010 1361 1061 Eine dritte Ergänzung, deren die Prozeßordnungen und das
128 1065 1361 1117 Gerichtsverfaſſungsgeſetz nothwendig bedurften, betraf das Koſten-
126 1121 1359 1171 und Gebühren-Weſen. Zur Regelung deſſelben wurden er-
127 1174 1365 1227 laſſen das Gerichtskoſten-Geſetz v. 18. Juni 1878 (R.G.Bl. S. 141 ff.),
128 1229 1362 1280 die Gebührenordnung f. Gerichtsvollzieher v. 24. Juni 1878 (R.G.Bl.
130 1286 1364 1335 S. 166 ff.), die Gebührenordnung für Zeugen und Sachverſtändige
134 1341 1368 1389 v. 30. Juni 1878 (R.G.Bl. S. 173 ff.)  und die Gebührenordnung
131 1394 1365 1445 für Rechtsanwälte vom 7. Juli 1879 S. 176 ff . In Folge
131 1449 1364 1500 vielfacher Klagen über die unerträgliche Höhe der Gerichtsgebühren
133 1504 1365 1556 wurden einige Härten der erwähnten Geſetze gemildert durch das
133 1560 1366 1611 Reichsgeſetz vom 29. Juni 1881, betreffend die Abänderung von
133 1615 1364 1666 Beſtimmungen des Gerichtskoſtengeſetzes und der Gebührenordnung
134 1676 576 1720 für Gerichtsvollzieher .
222 1725 1367 1775 Endlich war durch die Herſtellung eines einheitlichen Civil-
131 1780 1368 1828 und Strafprozeßrechts auch Veranlaſſung gegeben, die Ausübung
133 1834 1367 1883 der Konſulargerichtsbarkeit, für welche das Preußiſche
1311 156 1353 190 13
589 160 887 197 §. 96. Einleitung.
255 1925 1370 1967 Entwurf mit Motiven in den Druckſachen v. 1878 Nr. 5. Kommiſſions-
135 1977 524 2013 bericht ebendaf. Nr. 173.
254 2021 734 2059 Reichs-Geſ.Bl. 1878 S. 177 ff
253 2063 1372 2105 Entwürfe und Motive zu den angeführten 3 Geſetzen in den Druck-
132 2110 1371 2152 ſachen des Reichstages 1878 Nro. 76. Kommiſſions-Beſchlüſſe ebendaſ.
134 2162 285 2191 Nro. 228.
252 2202 1371 2243 Entwurf nebſt Motiven in den Druckſachen des Reichstages v. 1879
135 2250 1152 2288 Nro. 6. Kommiſſions-Beſchlüſſe ebenda. Nr. 137. S. 224.
266 2297 661 2333 R.G.Bl. 1881 S. 178 ff.
