1600 2527
234 246 1462 308 Geſetz v. 29. Juni 1865 proviſoriſch in Geltung ſtand , reichs-
233 301 1464 364 geſetzlich zu regeln und ſie, ſoweit die Verſchiedenheit der thatſäch-
232 355 1464 415 lichen Verhältniſſe es geſtattete, in Uebereinſtimmung mit den Vor-
231 409 1464 474 ſchriften der Reichs-Prozeßgeſetze zu bringen. Zu dieſem Zwecke
229 465 1464 528 iſt das Reichsgeſetz über die Konſulargerichtsbarkeit vom 10. Juli
230 521 1108 579 1879 (R.G.Bl. S. 197 ff.) erlaſſen worden .
396 579 1459 637 In den im Vorſtehenden aufgeführten Geſetzen hat im Weſent-
229 631 1461 695 lichen die große Reform der Gerichtsverfaſſung und des Prozeß-
228 687 1462 748 rechts einen vorläufigen Abſchluß gefunden . Bevor aber auf
228 742 1462 804 eine Darſtellung des hierdurch gegebenen Rechtszuſtandes einge-
228 798 1461 858 gangen wird, iſt die allgemeine Bemerkung voranzuſchicken, daß
226 850 1460 909 dieſe Reichsgeſetzgebung weder das ganze Gerichtsweſen und die
230 906 1458 967 ganze Gerichtsbarkeit geregelt hat, noch daß derjenige Theil des
227 959 1456 1021 Gerichtsweſens, welcher von der Reichsgeſetzgebung betroffen wor-
228 1016 1456 1078 den iſt, eine vollſtändige Regelung erfahren hat. Demgemäß
224 1070 1456 1133 findet die Geſetzgebung des Reiches in doppelter Beziehung ihre
225 1125 1455 1188 Ergänzung in der Landesgeſetzgebung; die letztere enthält theils
222 1180 1454 1244 die erforderlichen Ausführungsbeſtimmungen zu den Reichs-
222 1234 1453 1297 geſetzen , theils die ſelbſtändige Regelung eines Gebietes,
223 1288 1450 1349 welches von der Reichsgeſetzgebung nicht beherrſcht wird, ſondern
219 1346 1448 1406 nur dem von derſelben normirten Gebiete benachbart iſt, ſo daß
219 1399 1448 1461 die Regelung deſſelben thatſächlich allerdings unter dem Einfluß
218 1454 1310 1514 der reichsgeſetzlichen Einrichtungen und Anordnungen ſteht.
310 1510 1449 1571 II. Bei der Behandlung des Gerichtsweſens des Deutſchen
216 1563 1452 1626 Reiches entſteht eine eigenthümliche Schwierigkeit hinſichtlich der
218 1619 1449 1677 Auswahl und Abgrenzung der zu erörternden Lehren. Es kann
216 1674 1450 1736 nicht die Aufgabe einer Darſtellung des Reichsſtaatsrechts ſein,
216 1727 1449 1791 den geſammten Strafprozeß und Civilprozeß, das Konkursverfahren,
236 165 278 199 14
700 171 998 210 §. 96. Einleitung.
339 1830 682 1867 Siehe Bd. I. S. 366.
335 1875 1447 1928 Vgl. hiezu die Inſtruction des Reichskanzlers v. 10. Sept. 1879.
213 1919 912 1967 (Centralbl. für das D. R. 1879 S. 575 ff.)
339 1967 1446 2023 Eine Anzahl kleinerer Geſetze, welche nur einzelne Fragen betreffen,
212 2012 1442 2070 ſind in dieſer Ueberſicht übergangen worden, ſo z. B. das Geſ. über den Sitz
212 2059 1444 2114 des Reichsgerichts v. 11. April 1877 (R.G.Bl. S. 415); das Geſ. betreffend
211 2104 1445 2159 den Uebergang v. Geſchäften auf das Reichsgericht v. 16. Juni 1879 (R.G.Bl.
212 2149 1444 2204 S. 157); die Verordnungen und das Geſetz betreffend die Begründung der Re-
210 2195 1445 2248 viſion in bürgerl. Rechtsſtreitigkeiten u. ſ. w. Bei den betreffenden Materien
210 2241 1443 2294 ſind dieſe Geſetze, ſoweit ſie hier überhaupt von Intereſſe ſind, erwähnt worden.
331 2288 1443 2346 Ein überſichtliches Verzeichniß derſelben giebt Binding a. a. O. S. 36 ff.
