1600 2544
162 260 1006 306 8. Dem Kriegsminiſter ſind ferner unterſtellt:
162 315 1302 366 a) Die Militair-Oberexaminations-Kommiſ-
74 368 1302 422 ſion; ihr liegt die Abhaltung ſämmtlicher Prüfungen zum Por-
73 423 1301 477 tepeefähnrich und Offizier ob; ferner hält ſie die Eintritts-Prüfun-
73 479 1239 528 gen der Schüler der Prima des Kadettenhauſes zu Berlin ab.
159 534 1300 583 b) Das Direktorium des Potsdam’ſchen großen Militair-
72 588 408 632 Waiſenhauſes.
214 645 1300 695 c) Die General-Militair-Kaſſe; ſie reſſortirt von
70 694 1298 753 dem Oekonomie-Departement; ſie verwaltet die reſervirten Fonds
70 755 1298 809 und empfängt die Quartal- und Final-Extrakte der Korps-Zah-
70 809 1298 864 lungsſtellen, nach welchen die General-Buchhalterei die Haupt-
70 864 1296 914 Ueberſichten fertigt. Sie verwaltet zugleich die Militair-Wittwen-
71 918 751 967 Kaſſe und die Militair-Penſionskaſſe.
158 975 1298 1028 B. Das Sächſiſche Kriegsminiſterium beſteht aus
69 1029 1297 1084 fünf „Abtheilungen“, welche in Wirklichkeit aber nur Dezernate
69 1085 1296 1140 ſind, nämlich für Juſtiz-Angelegenheiten, für juriſtiſche Verwaltungs-
71 1140 1297 1196 Angelegenheiten, für Commando-Angelegenheiten, für techniſche An-
71 1197 1296 1251 gelegenheiten und die Intendantur. Außerdem ſind dem Kriegs-
70 1251 1294 1306 miniſterium aggregirt der Commandeur des Kadettenkorps zu
71 1306 773 1352 Dresden und der Remonte-Inſpekteur.
157 1360 1296 1413 C. Das Württembergiſche Kriegsminiſterium iſt
67 1416 1263 1466 nach dem Jahre 1871 nach Preuß. Muſter reorganiſirt worden;
68 1469 1294 1525 es beſteht aus 4 Abtheilungen, dem Centralbüreau mit der Kanzlei,
66 1525 1294 1581 der Militair-Abtheilung, der Oekonomie-Abtheilung und der Juſtiz-
66 1580 1294 1632 Abtheilung (Ober-Kriegs-Gericht) . Von demſelben reſſortiren die
65 1635 1294 1688 Oberbau-Deputation, das Kriegs-Zahlamt, das Militair-Reviſions-
65 1689 836 1742 Gericht und der Ober-Rekrutirungsrath .
152 1746 1289 1800 D. Das Bayeriſche Kriegsminiſterium iſt durch Kgl.
65 1801 1291 1854 Erlaß vom 2. März 1876 organiſirt worden . Es beſteht aus
65 1854 904 1905 7 Abtheilungen unter je einem Chef, nämlich:
154 1911 1289 1964 1. Central-Abtheilung. (Betrieb des formellen Dienſtes, innere
1236 187 1298 220 109
423 178 947 217 §. 86. Die Militair-Verwaltung.
180 2038 809 2080 V. v. 28. Nov. 1872 (A.V.Bl. S. 351).
179 2084 1294 2129 Dieſelbe iſt zugleich Korps-Zahlungs-Stelle für das Garde- und das
64 2129 648 2169 3. Armeekorps ſowie für die Marine.
179 2177 1292 2219 Vgl. die Erl. v. 28. u. 30. März 1874 im Württemb. Milit.V.Bl. S. 51.
177 2223 1197 2269 Der Ob.Rekrut.Rath reſſortirt zugleich vom Miniſt. des Innern.
177 2269 1080 2316 Verordn.Blatt des Bayr. Kriegs-Miniſt. 1876 S. 181 ff.
