1600 2527
91 277 1312 322 ein gewiſſes Maaß von Unabhängigkeit geſichert werden ſoll .
90 331 1315 376 Dieſe Vorſchriften betreffen die Zuſammenſetzung der Behörden
88 387 1314 431 und das Verfahren. Mindeſtens die Hälfte der Mitglieder muß
89 441 1315 488 dem Reichsgericht (oder oberſten Landesgerichte) oder einem Ober-
88 497 1317 542 landesgerichte angehören; die Mitglieder müſſen für die Dauer
90 552 1316 597 des zur Zeit ihrer Ernennung von ihnen bekleideten Amts oder,
89 607 1318 654 falls ſie zu dieſer Zeit ein Amt nicht bekleiden, auf Lebenszeit
90 663 1315 708 ernannt werden; eine Enthebung vom Amte kann nur unter den-
88 717 1316 762 ſelben Vorausſetzungen wie bei den Mitgliedern des Reichsgerichts
91 773 1318 818 ſtattfinden. Die Einſetzung einer ſolchen Behörde entzieht den
92 828 1316 873 ordentlichen Gerichten nicht die Befugniß, in allen vor ihnen an-
93 882 1316 927 hängigen Sachen über die Zuläſſigkeit des Rechtsweges zu ent-
93 936 1317 982 ſcheiden und ihre eigene Kompetenz zu prüfen; die „beſondere
90 992 1317 1038 Behörde“ entſcheidet vielmehr nur in dem Falle, wenn ein Antrag
91 1047 1317 1093 darauf geſtellt, der ſog. Kompetenzconflict erhoben worden iſt ,
87 1102 1316 1148 und ein ſolcher Antrag iſt nur ſtatthaft, ſo lange nicht durch rechts-
89 1156 1314 1203 kräftiges Urtheil des Gerichts feſtſteht, daß der Rechtsweg zuläſſig
88 1211 1314 1256 iſt . Das Verfahren der beſonderen Behörde iſt geſetzlich
87 1267 1315 1312 zu regeln; die Entſcheidung muß in öffentlicher Sitzung nach
87 1320 1314 1367 Ladung der Parteien erfolgen; an den Entſcheidungen dürfen Mit-
88 1376 1316 1422 glieder nur in der geſetzlich beſtimmten Anzahl mitwirken und
88 1431 1314 1477 dieſe Anzahl muß eine ungerade ſein und mindeſtens fünf betragen.
176 1487 1312 1531 Der Einzelſtaat kann auch die Entſcheidung der Kompetenzcon-
91 1540 1317 1588 flicte dem Reichsgericht übertragen; da das letztere aber eine Reichs-
91 1595 1317 1642 behörde iſt, alſo nicht zur unmittelbaren Dispoſition der Einzel-
90 1650 1316 1698 ſtaaten ſteht, ſo muß der Einzelſtaat einen Antrag bei der Reichs-
88 1707 1315 1752 regierung machen, auf Grund deſſen das Reichsgericht durch eine
86 1761 1315 1807 mit Zuſtimmung des Bundesrathes erlaſſene kaiſerliche Verordnung
329 182 1072 231 §. 97. Die ordentliche ſtreitige Gerichtsbarkeit.
1271 195 1314 230 35
1044 2367 1095 2403 3*
204 1861 685 1899 Gerichtsverf.Geſ. §. 17 Abſ. 2.
204 1907 1314 1946 Das Geſetz erfordert einen Kompetenz conflict, d. h. nicht blos Zwei-
87 1953 1317 1991 fel über die Zuläſſigkeit des Rechtsweges, ſondern „Streitigkeiten“ darüber
85 1999 1296 2037 zwiſchen den Gerichten und Verwaltungsbehörden oder Verwaltungsgerichten.
204 2045 1316 2083 Gerichtsverf.Geſ. §. 17 Ziff. 4. Nach dem Wortlaut des Geſetzes iſt
86 2091 1312 2129 es von Reichswegen erlaubt, daß die Erhebung des Kompetenzconflictes gegen
87 2137 1315 2176 ein rechtskräftiges Urtheil des Gerichts, welches die Zuläſſigkeit des Rechtsweges
88 2184 1315 2220 verneint, landesgeſetzlich für ſtatthaft erklärt wird. Vgl. Keller Note 10
89 2229 1315 2268 zu §. 17 cit. Es kann dies namentlich bei einem ſogen. negativen Kompetenz-
92 2274 1311 2312 conflikt erforderlich ſein, d. h. wenn weder die Gerichte noch die Verwaltungs-
92 2320 575 2358 behörden zuſtändig ſein wollen.
