1600 2527
286 209 1516 266 werden . Aus dieſem Grunde hat der Geſetzgeber einen Weg
286 263 1518 321 eröffnet, um die Frage, ob im concreten Falle die geſetzliche Pflicht
284 318 1514 375 der Staatsanwaltſchaft zum Einſchreiten begründet iſt oder nicht,
284 373 1512 428 von einer unabhängigen d. h. richterlichen Behörde ent-
282 425 1512 483 ſcheiden zu laſſen . Wenn die ſachlich zunächſt zuſtändige Staats-
283 482 1514 540 anwaltſchaft einem bei ihr angebrachten Antrage auf Erhebung der
286 535 1515 593 öffentlichen Klage keine Folge giebt oder nach dem Abſchluſſe der
282 590 1513 648 Ermittelungen die Einſtellung des Verfahrens verfügt, ſo hat ſie
280 645 1512 704 den Antragſteller unter Angabe der Gründe hiervon zu benach-
279 700 1513 757 richtigen . Gegen dieſen Beſcheid ſteht dem Antragſteller, wofern
282 756 1512 810 er zugleich der Verletzte iſt , nicht nur die Beſchwerde an den
280 810 1510 869 vorgeſetzten Beamten der Staatsanwaltſchaft zu, ſondern auch gegen
280 864 1509 923 den ablehnenden Beſcheid des letzteren binnen einem Monat nach
281 919 1509 975 der Bekanntmachung der Antrag auf gerichtliche Ent-
278 972 1509 1028 ſcheidung . Zuſtändig zur Entſcheidung iſt in den vor das
279 1028 1507 1083 Reichsgericht gehörigen Sachen das Reichsgericht, in anderen Sa-
278 1083 1508 1144 chen das Oberlandesgericht . Erachtet das Gericht den Antrag
277 1137 1507 1197 für begründet, ſo beſchließt es die Erhebung der öffentlichen Klage
275 1192 1507 1251 und die Staatsanwaltſchaft iſt alsdann zur Durchführung dieſes
278 1247 1508 1305 Beſchluſſes verpflichtet . Hierdurch wird freilich ebenſowohl die
287 126 354 160 108
642 131 1161 172 §. 102. Die Staatsanwaltſchaft.
395 1369 1507 1414 Der Beamte der Staatsanwaltſchaft iſt nach Gerichtsverf.Geſ. §. 147.
277 1413 1508 1460 148 verpflichtet, auch einem Befehl ſeines Vorgeſetzten reſp. der Juſtizverwal-
275 1460 1506 1506 tung, eine begründete Klage nicht zu erheben, Folge zu leiſten. Vgl. Löwe
272 1504 1117 1548 Anm. 8 zu §. 152 der Str.Pr.O. (S. 394. 2. Aufl.)
398 1551 1506 1595 Vgl. Fuchs in Holtzendorff’s Handbuch I. S. 450 ff. Voitus Kom-
272 1598 1505 1645 mentar z. Strafproz.O. S. 211 ff. Löwe zu §. 152 Abſ. 2 u. beſ. zu §. 170.
272 1641 848 1683 Schwarze Kommentar S. 313 ff.
395 1689 720 1727 Strafproz.O. §. 169.
394 1735 1504 1782 Der Begriff des „Verletzten“ iſt in der Strafproz.Ordn. nicht definirt
269 1779 1503 1827 und in der Literatur ſtreitig. Löwe a. a. O. S. 418 führt aus, daß als
269 1824 1501 1874 Verletzter Jeder anzuſehen iſt, in deſſen Rechtsſphäre die ſtrafbare Handlung
269 1870 1503 1917 unmittelbar oder mittelbar irgendwie eingegriffen hat oder im Falle der
269 1914 1503 1962 Vollendung eingegriffen haben würde. Ebenſo Schwarz a. a. O. S. 316.
269 1961 1501 2011 Dagegen faſſen den Begriff weſentlich enger Voitus S. 212 und Fuchs
269 2006 391 2038 S. 453.
391 2054 1498 2104 Strafproz.O. §. 170 Abſ. 1. Um frivole oder unbegründete Anträge
266 2100 1499 2149 möglichſt zu verhüten, iſt vorgeſchrieben worden, daß der Antrag von einem
267 2145 846 2189 Rechtsanwalt unterzeichnet ſein muß.
390 2194 762 2233 a. a. O. §. 170 Abſ. 3.
388 2240 641 2276 a. a. O. §. 173.
