1600 2527
255 238 1485 289 ſtaaten die Befugniß gewährt, die Geltungsſphäre der Reichsgeſetze
255 291 1484 343 betreffend die Gerichtsverfaſſung und das Prozeßverfahren einzu-
254 346 1487 397 ſchränken oder auszudehnen; ja es iſt ihnen mittelbar ſogar ein
255 401 1486 452 Einfluß auf den Umfang der Gerichtsbarkeit des Reiches gegeben,
255 457 1488 507 indem diejenigen Streitigkeiten, für welche der Rechtsweg bei den
254 513 1490 561 Landesgerichten verſagt iſt, auch nicht im Wege der Beſchwerde oder
253 567 1487 615 Reviſion zur Entſcheidung des Reichsgerichts gebracht werden können.
346 622 1487 670 4. Ausſchluß der ordentlichen Gerichte. Den
256 677 1490 724 Einzelſtaaten ſteht es zwar frei — abgeſehen von den in den
254 732 1485 781 Reichsgeſetzen für einzelne Fälle getroffenen Spezialanordnungen —
254 786 1489 836 zu beſtimmen, für welche bürgerliche Rechtsſtreitigkeiten und Straf-
254 841 1491 889 ſachen der Rechtsweg gänzlich ausgeſchloſſen ſein ſoll; inſoweit der
255 896 1490 945 Einzelſtaat aber den Rechtsweg geſtattet, iſt er dann nicht mehr
255 950 1489 1001 befugt, die Verhandlung und Entſcheidung den ordentlichen
255 1005 1487 1056 Gerichten zu entziehen und beſonderen Gerichten zu
253 1060 1489 1111 übertragen. Hierzu iſt nach dem Gerichtsverf.-Geſ. das Reich
254 1116 1489 1164 allein berechtigt und es kann dieſe Befugniß in zweifacher Weiſe
257 1170 1490 1218 ausüben, theils indem es ſelbſt beſondere Gerichte beſtellt und
253 1225 1488 1274 dieſen gewiſſe Rechtsſachen zuweiſt, theils indem es für gewiſſe
254 1279 1488 1329 Rechtsſachen beſondere Gerichte zuläßt und es den Einzelſtaaten
255 1333 1489 1382 freiſtellt, ob ſie von der Erlaubniß zur Errichtung derſelben Ge-
255 1388 1491 1440 brauch machen wollen. Das Reich hat Beides gethan. Es hat
255 1444 1492 1494 beſondere Gerichte beſtellt, nämlich die Konſulargerichte  und
253 1498 1491 1549 die Militärgerichte , wozu noch im Falle der Verhängung des
257 1554 1493 1605 Belagerungszuſtandes die Kriegsgerichte und Standrechte hinzu-
254 1609 1492 1659 kommen können . Es hat ferner beſondere Gerichte zuge-
255 1664 1491 1713 laſſen , nämlich die auf Staatsverträgen beruhenden Rhein-
251 1718 1488 1767 ſchifffahrts- und Elbzollgerichte , agrariſche Gerichte , Gemeinde-
496 158 1241 196 §. 97. Die ordentliche ſtreitige Gerichtsbarkeit.
254 158 298 191 32
251 1819 1493 1858 Länder in unlösbarer Verbindung, ſie iſt in den verſchiedenen Staaten ver-
253 1865 1492 1904 ſchieden beantwortet und es mußte in dem Gerichtsverfaſſungsgeſetze, welches
256 1910 1494 1949 in den inneren Staatsorganismus der einzelnen Bundesſtaaten und in das
252 1956 1494 1997 materielle Recht nicht eingreifen darf, von einer gemeinſamen Regelung dieſer
252 2001 813 2038 Frage Abſtand genommen werden.“
374 2047 1229 2085 Geſ. über die Konſulargerichtsbark. v. 10. Juli 1879.
377 2092 920 2132 Siehe Bd. III. 1. S. 119. 253 ff.
328 2138 797 2177 Vgl. Bd. III. 1. S. 45 ff.
377 2183 745 2221 Gerichtsverf.Geſ. §. 14.
375 2229 1132 2271 Vgl. hierüber die Motive S. 34 (Hahn S. 49).
376 2274 849 2317 Motive S. 35 (Hahn S. 50).
