1600 2610
32 271 1301 324 haben, keine Notiz nehmen.“ Der Werth recht zahlreicher An-
34 326 1302 380 träge beſteht lediglich in den durch ſie hervorgerufenen Widerleg-
33 384 1302 436 ungen Seitens der Bundescommiſſare; indem die letzteren Grund
33 441 1304 491 und Tragweite der in dem Entwurf enthaltenen Beſtimmungen
36 496 1303 545 entwickelten und dadurch theilweiſe dem Mangel an Motiven ab-
35 554 1304 605 halfen, von deren Ausarbeitung theils aus Rückſicht auf den Zeit-
36 610 1304 661 aufwand theils auf die Schwierigkeit ihrer Feſtſtellung Abſtand ge-
35 671 494 715 nommen worden war .
136 723 1304 774 Im Allgemeinen aber hielt der Reichstag an den Grundge-
41 781 1305 832 gedanken des Entwurfs feſt, lehnte alle mit demſelben in unverein-
37 836 1306 886 barem Contraſt ſtehende Abänderungen ab und erwarb ſich das
41 893 1308 944 Verdienſt, den Entwurf an einer bedeutenden Anzahl von Stellen
43 952 637 1002 erheblich verbeſſert zu haben .
138 1006 1307 1056 Am 16. April 1867 hat der Reichstag die Berathung des
45 1063 1308 1113 Entwurfs zu Ende geführt und ihn in der Geſtalt, wie er aus
42 1120 1308 1170 dieſer Berathung hervorgegangen iſt, mit 230 gegen 53  Stim-
41 1176 1311 1227 men angenommen. An demſelben Tage traten die Commiſſarien
43 1231 1308 1282 der verbündeten Regierungen zu einer Sitzung zuſammen und be-
42 1294 399 1341 ſchloſſen einſtimmig:
180 1344 1309 1394 den Verfaſſungs-Entwurf, wie er aus der Schlußberathung
182 1401 1167 1451 des Reichstages hervorgegangen iſt, anzunehmen .
137 1458 1311 1508 Die rechtliche Lage, welche durch dieſe Beſchlüſſe geſchaffen
46 1514 1310 1566 wurde, bedarf einer näheren Fixirung. Die Errichtung des
1257 177 1301 210 25
323 177 1007 219 §. 2. Die Gründung des nordd. Bundes.
172 1618 1311 1660 Erklärung des Fürſten Bismarck v. 11. März 1867. Stenogr. Berichte
48 1673 169 1703 S. 135.
170 1713 1312 1755 Fürſt Bismarck gab in der Sitzung vom 15. April 1867 (Stenogr.
45 1759 1312 1804 Berichte S. 695) eine Ueberſicht der etwa 40 Punkte, in denen der Reichstag
45 1808 1313 1850 Abänderungen beſchloſſen hatte und erklärte, daß die Regierungen darin „zum
46 1854 1313 1900 Theil zweifelloſe Verbeſſerungen erkannt haben“, während ihnen bei einem
47 1901 1314 1945 andern Theile „die Annahme nicht leicht geworden.“ — Eine erhebliche Diffe-
45 1949 1315 1994 renz blieb nur beſtehen hinſichtlich der Sicherſtellung der Heereseinrichtungen
45 1997 1315 2039 und der Bewilligung von Diäten. In Beziehung auf den erſten Punkt einigte
45 2042 1315 2087 man ſich über eine temporäre Fixirung des Präſenzſtandes mit einem Pauſch-
47 2093 965 2136 quantum, in dem zweiten Punkt gab der Reichstag nach.
172 2138 1315 2180 Darunter 11 Polen und — — 5 Abgeordnete der Stadt Berlin!!
48 2192 295 2231 (Hahn S. 599).
171 2235 1315 2274 Das Protokoll iſt dem Reichstag am 17. April 1866 mitgetheilt worden.
51 2281 1315 2324 (Stenogr. Berichte S. 731.) Noch an demſelben Tage wurde der Reichstag
49 2328 1315 2369 mit einer Thronrede geſchloſſen, welche dem Gefühle aufrichtiger Genugthuung
50 2374 1248 2417 über das Zuſtandekommen des nationalen Werkes beredten Ausdruck gab.
