1600 2544
93 290 1326 344 den Vorſchriften bildet demgemäß das Preuß. Organiſations-
94 344 1325 402 Reglement für die Marine-Stations-Kommandos, die Werften,
90 399 1324 457 die Depots und die Marine-Intendantur vom 19. Juni 1862 .
92 454 1325 512 Daſſelbe iſt jedoch ſeit der Gründung des Reiches, namentlich ſeit
92 511 707 556 1872 vielfach abgeändert worden.
233 567 1322 620 I. Die Centralbehörde für die geſammte Kriegsmarine
86 619 1320 678 iſt die Kaiſerl. Admiralität, welche ſich von dem Kriegs-
87 676 1317 730 miniſterium dadurch ſehr weſentlich unterſcheidet, daß ſie nicht blos
88 730 1317 784 die oberſte Verwaltungsbehörde für die Marine (unter Verant-
89 786 1321 840 wortlichkeit des Reichskanzlers) iſt, ſondern daß ſie auch den
89 839 1318 894 Oberbefehl über die Flotte nach den Anordnungen des Kaiſers
88 895 1316 950 zu führen hat. In dieſer Beziehung hat ſie eine ähnliche Doppel-
87 949 1315 1005 ſtellung wie die General-Kommandos der Armeekorps. Ihre Er-
85 1005 1314 1057 richtung, Verfaſſung und Wirkungskreis ſind bereits oben Bd. I
86 1061 1310 1115 S. 333 bei der Darſtellung des Behördenſyſtems des Reiches er-
91 1118 345 1154 örtert worden.
174 1172 1318 1227 Maßgebend für die Gliederung der Marine iſt die Eintheilung
88 1226 1317 1279 derſelben in zwei Stationen, die der Oſtſee und die der Nordſee.
90 1282 1318 1332 Für jede derſelben beſteht ein Marineſtationskommando
85 1337 1315 1390 (zu Kiel und zu Wilhelmshafen), an deren Spitze ein Marine-
83 1390 1317 1440 ſtationschef mit den Befugniſſen eines Diviſionskommandeurs der
84 1447 1307 1498 Armee ſteht. Er iſt der militairiſche Befehlshaber der Station und
85 1502 857 1552 der Inſpekteur der techniſchen Inſtitute .
241 1559 1305 1612 II. Die maritimen Streitkräfte ſind in folgenden For-
82 1613 450 1657 mationen gegliedert:
238 1670 1309 1717 1. Die beiden Matroſen-Diviſionen in Kiel und in
83 1723 1312 1776 Wilhelmshaven. Die Organiſation derſelben iſt unter Aufhebung
81 1778 1312 1828 der früheren Beſtimmungen geregelt durch die Kab.-Ordre vom
84 1833 1313 1883 18. Juni 1872 . Dieſe Formationen ſind zur militairiſchen Aus-
80 1886 1311 1937 bildung der Matroſen beſtimmt . Zu jeder Matroſen-Diviſion
83 1941 1311 1994 gehören 4 Abtheilungen und — ſeit der Aufhebung der Seeartil-
82 1996 1315 2049 lerie-Abtheilung — 1 Matroſen-Artillerie-Abtheilung, welche zur
1268 223 1329 255 131
499 212 914 250 §. 87. Die Kriegsmarine.
1038 2380 1088 2414 9*
198 2099 709 2138 Preuß. Geſ. S. 1862 S. 175 ff.
196 2146 504 2182 Vgl. Bd. I S. 338.
197 2192 1313 2231 Marine-V.Bl. 1872 S. 147 ff. Auch abgedruckt bei v. Rönne Staatsr.
85 2236 1133 2277 d. D. Reichs II. 2. S. 165 fg. Vgl. ferner M.V.Bl. 1873 S. 1.
196 2283 1308 2325 Nach dem Etat für 1879/80 beträgt die Kopfſtärke der beiden Diviſionen
87 2327 626 2366 excl. Offiziere zuſammen 6474 M.
