1600 2580
240 255 1487 311 gültigkeit des Geſetzes conſtatirt. Bei den Verordnungen iſt die
239 311 1488 367 Innehaltung des dafür beſtehenden Weges unzureichend, wenn
239 365 1487 424 dieſer Weg überhaupt nicht geſtattet war. Hieraus ergiebt ſich,
239 421 1487 475 daß in jedem einzelnen Falle, in welchem es ſich um die Anwen-
240 477 1488 532 dung einer Verordnung handelt, eine Prüfung vorgenommen wer-
241 533 1491 588 den muß, ob die Form der Verordnung zuläſſig war . Es iſt
240 589 1489 645 dies kein Vorrecht der Gerichte; Verordnungen können — eben ſo
241 646 1490 702 wenig wie Geſetze — Rechtsvorſchriften aufſtellen, die bald gültig,
240 699 599 748 bald ungültig ſind.
334 758 1490 810 Die für eine Rechtsverordnung erforderliche geſetzliche Dele-
242 812 1490 864 gation muß ſowohl das Subject beſtimmen, von welchem die Ver-
242 867 1490 920 ordnung erlaſſen werden ſoll, als das Object, worauf ſie ſich er-
242 921 1491 977 ſtrecken darf. Demgemäß iſt auch die Prüfung der Rechtsgültig-
241 978 1251 1029 keit einer Verordnung auf beide Punkte zu erſtrecken.
341 1036 1492 1086 1. Auf das Subject. Es iſt zu unterſuchen, ob die Ver-
242 1091 1492 1144 ordnung von demjenigen Organe erlaſſen iſt, welches dazu reichs-
244 1147 1492 1198 geſetzlich ermächtigt worden iſt. Iſt im Geſetz eine kaiſerliche Ver-
242 1203 1492 1255 ordnung verlangt, ſo kann ſie nicht durch eine Verordnung des
244 1260 1494 1309 Bundesrathes erſetzt werden, und eben ſo wenig umgekehrt . Iſt
243 1314 1493 1364 die Verordnung einem Organ des Reiches übertragen, ſo ſind Aus-
242 1368 1494 1418 führungsverordnungen der Einzelſtaaten rechtsunwirkſam und an-
243 1425 1494 1475 dererſeits kann die durch Geſetz begründete Befugniß der Einzel-
244 1480 1493 1530 ſtaaten zum Erlaß von Ausführungs-Verordnungen nicht dadurch
244 1535 1495 1585 beſeitigt werden, daß der Kaiſer oder der Bundesrath oder der
246 1591 1076 1640 Reichskanzler eine ſolche Verordnung erläßt.
339 1650 1494 1697 2. Auf das Object. Der Kreis der durch Verordnung
245 1704 1495 1752 zu regelnden Rechtsbeziehungen kann ein ſehr weiter ſein; ein Ge-
245 1759 1495 1806 ſetz kann möglicher Weiſe weiter Nichts enthalten als die Anord-
246 1816 1497 1863 nung, daß eine gewiſſe Materie durch Verordnung normirt werden
245 1869 1495 1918 ſoll , oder es kann eine Strafe für die Uebertretung von Vor-
239 164 283 197 88
556 166 1174 207 §. 59. Die Verordnungen des Reichs.
372 1955 1388 1994 Die entgegengeſetzte Anſicht vertheidigt v. Martitz S. 132 fg.
373 2001 1498 2041 Ein Beiſpiel für eine Unregelmäßigkeit dieſer Art iſt die Kaiſerl.
247 2046 1497 2088 Verordn. v. 1. April 1876 (R.-G.-Bl. S. 137 fg.) zur Ausführung des Kriegs-
246 2090 1499 2134 leiſtungsgeſ. v. 13. Juni 1873. Dieſes Geſetz enthält keine Delegation zu
248 2142 1498 2180 Gunſten des Kaiſers, ſondern in den §§. 16. 17. 20. 29. 33 Ermächtigungen
248 2188 1499 2227 für den Bundesrath. Der Fehler iſt aber lediglich ein formeller; denn
248 2235 1499 2273 die Verordn. v. 1. April 1876 iſt „nach erfolgter Zuſtimmung des Bundes-
248 2281 504 2317 rathes“ erlaſſen.
372 2327 706 2364 Vrgl. oben Seite 76.
