1600 2610
45 227 1314 280 dieſelbe Feſtſtellung wie das 2. Protokoll hinſichtlich der übrigen
45 284 1314 338 Theile des Entwurfes; ſo daß das zweite und dritte Protokoll
45 342 1312 395 zuſammen den Entwurf, wie er dem Reichstage (mit neuer Numeri-
44 398 1312 451 rung der Artikel) vorgelegt werden ſollte, definitiv feſtſtellten .
47 454 1241 506 Dieſer Entwurf iſt demnach der III. Entwurf der Verfaſſung.
140 510 1316 560 Neben dieſen, die Feſtſtellung des Entwurfs enthaltenden
47 567 1315 622 Protokollen gibt es noch ein viertes, ebenfalls am 7. Februar
51 624 1316 677 1867 aufgenommenes „Schlußprotokoll,“ welches Erklärungen
50 680 1314 734 einzelner Bevollmächtigten enthält . Die überwiegende Mehr-
48 736 1316 792 zahl derſelben betrifft Fragen vorübergehender Bedeutung, welche
46 793 1316 848 inzwiſchen längſt erledigt ſind , einige andere enthalten politiſche
51 849 1315 903 Wünſche, auf deren Durchführung die Staaten im Intereſſe des
52 906 1316 960 baldigen Zuſtandekommens der Verfaſſung verzichten , einige end-
53 962 1315 1016 lich beziehen ſich auf die Auslegung einiger Artikel des Entwurfs .
54 1017 1318 1073 Auch dieſes Protokoll conſtatirt aber, daß ſämmtliche Bevollmächtigte
52 1077 1257 1130 trotz ihrer beſonderen Erklärungen darüber einverſtanden ſeien,
195 1134 1317 1184 „daß der in amendirter Form definitiv feſtgeſtellte Ver-
189 1191 1318 1242 faſſungs-Entwurf Namens der Geſammtheit der in der Con-
190 1248 1320 1298 ferenz vertretenen Regierungen durch die Krone Preußen
190 1306 828 1354 dem Reichstage vorgelegt werde.“
147 1361 1319 1412 Nachdem die allgemeinen Wahlen am 12. Februar 1867 ſtatt-
54 1417 1318 1470 gefunden hatten, berief der König von Preußen in Ausführung
1267 133 1311 167 23
322 132 1007 174 §. 2. Die Gründung des nordd. Bundes.
181 1532 821 1575 Vgl. Stenogr. Berichte a. a. O. S. 22.
182 1577 1320 1622 Stenogr. Berichte a. a. O. S. 23. Glaſer I. 3. S. 15. Hahn
57 1630 669 1669 489. Staatsarchiv XII. S. 359.
180 1673 1321 1716 Derartige Vorbehalte und Erklärungen gaben ab: Heſſen wegen
54 1720 1320 1766 Kaſtel und Koſtheim, wegen des Waaren-Verkehrs mit Südheſſen, wegen Ver-
55 1767 1320 1814 theilung der Poſtüberſchüſſe, wegen einer Militär-Convention; Mecklenburg
56 1813 1322 1860 wegen einer Entſchädigung für Aufhebung des Elbzolles, wegen des Mecklenb.-
56 1862 1322 1907 Franzöſ. Handelsvertrages, wegen des Fahnen-Eides; Braunſchweig wegen
56 1885 1323 1952 des Dislocationsrechts des Bundesfeldherrn; die meiſten thüringiſchen
56 1956 1321 2000 Staaten wegen der Militairlaſten; die Hanſeſtädte wegen des Averſums,
56 2004 1322 2048 der Bundesflagge und des Conſulatsweſens, der Koſten der Lokal-Poſt-Ein-
56 2059 220 2097 richtungen.
182 2092 1323 2143 Beſonders Oldenburg und Sachſen-Coburg-Gotha, welche
57 2146 1324 2192 ein Oberhaus, Bundesminiſterien, Vereinbarung des Militair-Etats ſtatt des
58 2197 866 2238 Pauſchquantums und ein Bundesgericht wünſchten.
182 2231 1322 2285 Namentlich über die Bedeutung des Wortes „Bevölkerung“ in Art. 57
60 2288 1323 2347 (Sachſen und die Hanſeſtädte) und über die Fortdauer der Auſträgalgerichte
59 2340 649 2381 trotz Art. 68 (Heſſen und Hamburg.)
