1600 2527
122 275 1357 330 fanden . Allein ein incorrecter Sprachgebrauch verallgemeinerte
126 330 1357 384 die Bedeutung des Wortes „Austräge“, ſo daß ſtatt des poſitiven
125 385 1356 438 Sinnes „Schiedsgericht“ darunter jeder Ausſchluß der landesherr-
124 439 1356 495 lichen Gerichtsbarkeit verſtanden wurde und das „Recht auf Aus-
128 495 1357 550 träge“ gleichbedeutend mit Befreiung von der Gerichtsbarkeit wurde.
126 551 1359 605 In dieſem incorrecten Sinne wurde das Wort verwendet von
129 605 1360 659 der Rheinbundsacte Art. 28, welche den Mediatiſirten in
130 660 1360 713 Kriminalſachen Pairsgerichte zuſicherte und dies in folgender
130 717 1359 762 Art ausdrückte: En matière criminelle les princes et comtes
131 770 1360 823 actuellement régnans et leurs héritiers jouiront des droits
133 826 1361 879 d’austrègues c’est à dire d’être jugés par leurs
131 880 1361 935 pairs etc. Dem entſprechend beſtimmt die Kgl. Baieriſche De-
132 941 780 987 claration v. 1807 A. Ziff. 11:
226 990 1363 1043 „In peinlichen Fällen, mit Ausnahme von Militair-Ver-
131 1044 1364 1099 brechen, genießen die ſubjicirten Fürſten und Grafen und ihre Erben
131 1098 1363 1153 das Recht einer Auſträgal-Inſtanz, nämlich durch
132 1158 1244 1209 Richter ihres Standes gerichtet zu werden.
224 1208 1363 1261 Da die Deutſche Bundesacte von 1815 Art. XIV.
132 1265 1366 1318 beſtimmte, daß dieſe Baieriſche Verordn. v. 1807 in allen deutſchen
134 1319 1365 1371 Bundesſtaaten als Baſis und Norm bei Feſtſtellung des Rechts-
135 1376 1367 1431 zuſtandes der mittelbar gewordenen Fürſten, Grafen und Herren
135 1432 1367 1485 untergelegt werden ſollte, ſo wurde in mehreren deutſchen Staaten
138 1484 1367 1538 den Standesherren in Strafſachen ein Gericht von Standesgenoſſen
142 1539 1368 1596 gewährt  und hierauf mißbräuchlich der Ausdruck Auſträgal-
138 1596 1368 1650 Inſtanz angewendet. So beſtimmt z. B. der durch die Preußiſche Ver-
138 1650 1368 1705 ordnung vom 12. Nov. 1855 §. 3 in Kraft erhaltene §. 17 der Inſtr.
137 1706 1370 1756 vom 30. Mai 1820: „In peinlichen Sachen, mit Ausnahme der
136 1761 1371 1814 im Kgl. Dienſte begangenen Verbrechen, genießen die Häupter
137 1815 1369 1867 der ſtandesherrlichen Familien, ſofern ſie nicht den Gerichtsſtand
139 1872 1371 1923 eines Obergerichtes vorziehen, einen privilegirten Gerichtsſtand vor
138 1926 1369 1980 Austrägen.“ Auf dieſen „beſonderen Gerichtsſtand vor Aus-
138 1981 1370 2035 trägen in Strafſachen“ nehmen die Motive des Regierungs-Entw.
140 2034 1373 2090 zum Einführungsgeſ. zum Gerichtsverfaſſungsgeſ. S. 212 (Hahn I
142 2091 1371 2146 S. 185) Bezug und in dieſem Sinne iſt §. 7 cit. zum Geſetz er-
364 193 1109 237 §. 97. Die ordentliche ſtreitige Gerichtsbarkeit.
1308 192 1353 226 43
260 2182 1373 2229 Vgl. die Darſtellung von Hermann Schulze. Einleitung in das
143 2236 568 2275 Deutſche Staatsrecht §. 86.
262 2275 1374 2319 Vgl. die Nachweiſungen bei Zachariä, Deutſches Staats- u. Bundes-
144 2326 797 2366 recht. I. §. 98 Note 7 (3. Aufl. S. 526).
