1600 2544
353 201 1364 245 §. 79. Der Oberbefehl über die bewaffnete Macht des Reiches.
239 283 1477 334 heit bedroht iſt, hat der Kaiſer allein zu entſcheiden; weder hat
239 338 1475 388 die Landesregierung ein Zuſtimmungs- oder Widerſpruchsrecht,
239 392 1475 445 noch ſteht dem Landesrath oder dem Reichstage eine Beſchluß-
240 453 848 500 faſſung reſp. Genehmigung zu .
332 505 1210 554 Im Einzelnen gelten darüber folgende Regeln:
336 558 1476 608 1. Die Vorausſetzungen, die Form der Verkün-
242 612 1477 665 digung und die Wirkungen einer ſolchen Erklärung ſind
242 667 1478 719 durch ein Reichsgeſetz zu regeln; bis zum Erlaß eines ſolchen gelten
242 722 1478 772 dafür die Vorſchriften des Preußiſchen Geſetzes vom 4. Juni
246 775 1478 827 1851 (Pr. Geſ. S. 1851 S. 451 ff.) . Die proviſoriſche Gel-
242 832 1479 883 tung dieſes Geſetzes erſtreckt ſich daher nicht auf den geſammten
244 885 1479 938 Inhalt deſſelben, ſondern nur auf diejenigen Beſtimmungen, welche
244 940 1479 992 Vorausſetzungen, Verkündigung und Wirkungen betreffen ; und
246 994 1479 1048 auch dieſe Anordnungen laſſen zum Theil keine vollſtändige und
247 1050 1480 1101 wörtliche Anwendung in den nichtpreußiſchen Theilen des Bundes-
247 1104 1480 1158 gebietes zu, weil ſie ſich auf Preußiſche Staatseinrichtungen und
245 1166 883 1211 Verfaſſungsbeſtimmungen beziehen.
341 1214 1484 1266 a) Vorausſetzungen. Das Geſetz geſtattet nur in zwei
250 1268 1484 1322 Fällen die Erklärung des Belagerungszuſtandes, für den Fall
250 1322 1483 1375 eines Krieges in den von dem Feinde bedrohten oder theilweiſe
248 1377 1483 1431 ſchon beſetzten Provinzen (§. 1) und für den Fall eines Auf-
249 1432 1482 1485 ruhrs bei dringender Gefahr für die öffentliche Sicherheit (§. 2).
250 1487 1484 1539 Andere Gefahren für die öffentliche Sicherheit rechtfertigen die
251 1546 1085 1595 Erklärung des Belagerungszuſtandes nicht .
238 211 281 243 42
370 1633 1485 1679 Die Behauptung v. Rönne’s S. 84, „daß ſchon nach jetziger Lage
253 1678 1485 1724 des Reichsſtaatsrechtes der Bundesrath in der Lage ſei, auf dem im Art. 7
255 1723 1483 1769 der R.V. vorgeſehenen Wege (?) die vom Kaiſer ausgehende Maßregel der
253 1769 1485 1814 Erklärung des Belagerungszuſtandes zu ſeiner Kognition (?) zu ziehen“, iſt
253 1823 752 1861 ebenſo haltlos wie nichtsſagend.
376 1870 592 1899 R.V. Art. 68.
380 1906 1488 1952 Zu denjenigen Beſtimmungen des Geſetzes, welche nicht reichsgeſetz-
253 1952 1489 1998 liche Geltung haben, gehören insbeſondere §. 16, wonach das Staatsminiſterium
253 1998 1490 2044 zur Suſpenſion gewiſſer Verfaſſungsartikel auch dann befugt iſt, wenn der
253 2044 1490 2088 Belagerungszuſtand nicht erklärt iſt, und §. 17, welcher vorſchreibt, daß dem
254 2095 938 2135 Preuß. Landtage Rechenſchaft zu geben ſei.
377 2135 1490 2178 Die Anordnungen in §§. 1 u. 2 des Preuß. Geſetzes über die Be-
254 2181 1491 2226 hörden, denen die Erklärung des Belagerungszuſtandes zuſteht, nämlich im
257 2226 1490 2270 Falle des Krieges die Feſtungskommandanten und die kommandirenden Gene-
255 2272 1491 2316 rale, im Falle des Aufruhrs das Staatsminiſterium und in dringenden Fällen
256 2317 1491 2362 die Militairbefehlshaber, haben keine Geltung, da ſie nicht die Voraus-
