1600 2544
205 273 1439 319 Verleitung der Soldaten zur Untreue und der in den §§. 8 und 9
205 327 1439 374 des Geſetzes mit Strafe bedrohten Verbrechen und Vergehen, in-
203 382 1440 427 ſofern alle genannten Verbrechen und Vergehen nach der Erklärung
205 436 1442 481 der Bekanntmachung des Belagerungszuſtandes begangen oder fort-
204 491 1441 539 geſetzte Verbrechen ſind (§. 10 Abſ. 1) . Ueber die Zuſammen-
204 547 1442 593 ſetzung der Kriegsgerichte, ihre Zahl, die Vereidigung der Mit-
206 601 1441 648 glieder, ſowie über das vor den Kriegsgerichten zu beobachtende
209 657 1441 702 Verfahren enthält das in Rede ſtehende Geſetz in den §§. 11—13
206 712 664 756 die näheren Vorſchriften.
424 765 1440 809 ε) Es können ferner die Vorſchriften der Preuß. Verf. über
206 820 1443 865 die Gewährleiſtung der perſönlichen Freiheit (Art. 5), über die
206 875 1444 922 Unverletzlichkeit der Wohnung (Art. 6), über die Freiheit der Preſſe
207 929 1443 976 (Art. 27. 28), über das Verſammlungs- und Vereins-Recht (Art. 29.
209 984 1441 1030 30), und über das Einſchreiten der bewaffneten Macht (Art. 36)
207 1039 1445 1085 ſuſpendirt werden. Wenn die Suſpenſion dieſer Artikel oder ein-
210 1094 1444 1140 zelner derſelben angeordnet wird, ſo gilt über die Bekanntmachung
211 1150 1447 1194 dieſelbe Vorſchrift wie von der Einrichtung von Kriegsgerichten
212 1204 1449 1250 (§. 5 Abſ. 1). An die Stelle der Art. 5 und 6 der Preuß. Verf.
213 1258 1447 1304 ſind aber jetzt, und zwar im ganzen Bundesgebiet, die Beſtim-
214 1312 1450 1359 mungen im I. Buch 8. und 9. Abſchnitt der Strafprozeß-Ordnung,
212 1367 1448 1411 und an die Stelle der Art. 29 und 30 der Preuß. Verf. die Be-
212 1422 1447 1468 ſtimmungen des Reichsgeſetzes über die Preſſe vom 7. Juni 1874
212 1476 1446 1523 (R.G.Bl. S. 65) getreten . Die Erklärung der Suſpenſion
215 1531 1449 1577 wird demnach eintretenden Falles auf dieſe Reichsgeſetze zu
213 1587 422 1632 richten ſein.
306 1641 1450 1686 2. Die Frage, ob auch den Einzelſtaaten die Befugniß zuſteht,
213 1696 1450 1742 für ihre Gebiete den Belagerungszuſtand — wenigſtens in Friedens-
214 1750 1448 1797 zeiten — zu verhängen, wird von den meiſten Schriftſtellern be-
213 1804 1448 1853 jaht . Das Gegentheil iſt richtig und zwar aus zwei Gründen.
324 191 1329 230 §. 79. Der Oberbefehl über die bewaffnete Macht des Reiches.
203 198 246 233 46
336 1897 1090 1936 §. 10 Abſ. 2 u. 3 ſind unanwendbar geworden.
337 1938 1452 1981 Das Preßgeſetz §. 30 Abſ. 1 erhält die für Zeiten des erklärten Kriegs-
214 1986 1450 2029 (Belagerungs-) Zuſtandes in Bezug auf die Preſſe beſtehenden beſonderen
216 2033 1056 2077 geſetzlichen Beſtimmungen bis auf Weiteres in Kraft.
337 2078 1454 2119 Am ausführlichſten äußert ſich darüber v. Mohl a. a. O. S. 90 fg.,
215 2123 1453 2166 deſſen Erörterungen mit einigen ſtyliſtiſchen Abänderungen v. Rönne l S. 87
215 2168 1453 2213 fg. abgeſchrieben hat. Vgl. außerdem Thudichum Verf.R. des Nordd. Bundes
217 2214 1454 2255 S. 294. Meyer Staatsr. S. 494. Seydel Kommentar S. 248, der letz-
216 2260 1456 2301 tere Schriftſteller hat ſeine Anſicht aber geändert. (Zeitſchr. f. die deutſche
216 2309 717 2349 Geſetzgebung Bd. VII S. 621.)
