1600 2580
254 333 1503 385 dieſelben durch das Bundesgeſetzblatt verkündet worden ſind ,
253 389 397 435 anfängt.
349 445 1505 494 Von dieſer ſpeziellen Vorſchrift abgeſehen, fehlt es an einer
254 500 1505 553 allgemeinen Regel, wann die verbindliche Kraft von Reichs-Geſetzen
254 556 1506 609 außerhalb des Bundesgebietes anfängt, insbeſondere von Geſetzen,
254 612 1505 664 welche den im Auslande lebenden Reichsangehörigen oder Reichs-
253 668 1507 720 beamten oder den zur Bemannung Deutſcher Seeſchiffe gehörenden
255 723 1504 774 Perſonen etwas anbefehlen oder verbieten u. ſ. w. . In der-
254 778 1504 831 artigen Geſetzen ſollte daher ein Anfangstermin ihrer Geltung
252 835 1505 886 immer ausdrücklich angeordnet werden . Iſt dies unterblieben,
253 890 1507 942 ſo muß nach den Umſtänden ermeſſen werden, welche Zeit etwa
255 946 1505 998 erforderlich iſt, damit das Stück des Geſetzblattes von Deutſch-
251 1001 1507 1054 land nach dem in Frage ſtehenden ausländiſchen Gebiete gelangen
255 1058 1507 1107 könne und dieſe Zeit der für das Bundesgebiet geltenden 14-
253 1114 976 1161 tägigen Friſt hinzugerechnet werden .
349 1170 1508 1219 3) Der Wortlaut des Art. 2 der R.-V. ſpricht zwar nur
254 1225 1506 1273 von Geſetzen; es iſt aber bereits dargethan worden, daß dieſes
255 1281 1505 1329 Wort hier nicht im formellen Sinne verſtanden werden kann, daß
256 1337 1506 1384 es daher diejenigen Verordnungen, welche Rechtsregeln enthalten,
254 1390 1508 1440 mit umfaßt. Solche Verordnungen des Reiches erlangen daher
256 1446 1508 1495 ebenfalls erſt mit dem im Art. 2 der R.-V. feſtgeſetzten Zeitpunkt
258 243 322 276 104
553 242 1202 282 §. 60. Die Wirkungen der Reichsgeſetze.
378 1530 1505 1570 Es iſt dies der Tag, welcher auf dem Reichsgeſetzblatt als der Aus-
255 1577 1266 1614 gabetag angegeben iſt. Vgl. auch Seydel, Comment. S. 40.
384 1623 1508 1666 Würde man den in Art. 2 der R.-V. ausgeſprochenen Grundſatz zur
254 1670 1507 1711 Anwendung bringen, ſo käme man zu dem Reſultat, daß ein und daſſelbe
254 1716 1509 1756 Reichsgeſetz in den Konſular- Jurisdictions bezirken, alſo z. B. in der
255 1763 1506 1804 Türkei 6 Monate, dagegen in Auſtralien oder Californien ſchon 14 Tage nach
253 1809 1007 1846 ſeiner Verkündigung verbindliche Kraft erlangt.
379 1856 1509 1894 Dieſe Sorgfalt hat die Reichsgeſetzgebung aber keineswegs immer be-
256 1902 1508 1942 obachtet; ſo fehlt z. B. die Feſtſetzung des Geltungstermines in dem Geſetz
253 1949 1507 1988 über die Eheſchließung und die Beurkundung des Perſonenſtandes von Reichs-
256 1995 1505 2034 angehörigen im Auslande vom 4. Mai 1870. Das Geſetz v. 6. Febr. 1875
255 2042 1508 2082 §. 85 Abſ. 2 hat dagegen einen beſtimmten Geltungstermin feſtgeſetzt und zwar
256 2089 563 2126 den 1. März 1875.
382 2135 1509 2174 Auch im franz. Recht ſehltfehlt es an einer geſetzlichen Vorſchrift für dieſen
256 2180 1506 2218 Fall. Vgl. darüber Demolombe, Cours de Code civil. Tom. I. Ch. II.
256 2227 1510 2266 Nr. 29. Nach ſeiner Anſicht beginnt die verbindliche Kraft franzöſ. Geſetze
257 2274 1509 2312 für einen im Auslande lebenden Franzoſen, ſobald er das Geſetz kennen ge-
256 2319 1509 2359 lernt hat oder die Gelegenheit dazu gehabt hat; darnach könnte die Geſetzes-
257 2366 1510 2404 kraft für jeden einzelnen im Auslande lebenden Franzoſen an einem andern
258 2412 1159 2451 Tage beginnen und unter Umſtänden niemals anfangen.
