1600 2610
133 249 1306 295 2. Eine zweite Klaſſe von Sonderrechten beſteht in einer be-
39 305 1305 351 vorzugten Stellung einzelner Staaten hinſichtlich der Organiſa-
39 361 883 407 tion des Reiches. Solche Rechte haben
108 418 1305 465 a) Preußen. Dem Könige von Preußen ſteht das Präſi-
180 474 1307 521 dium des Bundes zu; dies ſchließt alle in der Reichsver-
181 530 1307 583 faſſung oder den Reichsgeſetzen dem Kaiſer oder Präſidium
178 587 771 634 beigelegten Vorrechte in ſich .
110 643 869 691 b) Bayern hat folgende Sonderrechte:
166 700 1305 746 α) Es hat 6 Stimmen im Bundesrath, während ihm nach
228 757 1307 804 dem in der Reichsverfaſſung zu Grunde gelegten Prinzip,
227 815 1306 861 wonach jeder Staat ſo viele Stimmen im Bundesrath
230 870 1308 917 hat, als er in dem Plenum des ehemaligen Deutſchen
232 925 1252 973 Bundes hatte, nur 4 Stimmen zukommen würden .
174 983 1305 1030 β) Es hat einen ſtändigen Sitz in dem Bundesraths-Aus-
236 1040 1116 1087 ſchuß für das Landheer und die Feſtungen .
167 1096 1306 1143 γ) Es führt den Vorſitz in dem Ausſchuß für die auswär-
228 1154 696 1201 tigen Angelegenheiten .
164 1211 1307 1258 δ) Bayern hat den Anſpruch auf die Stellvertretung im
230 1269 768 1315 Vorſitz des Bundesrathes .
168 1325 1306 1370 ε) Die Bayeriſchen Geſandten ſollen bevollmächtigt werden,
229 1381 1307 1428 die Reichsgeſandten in Verhinderungsfällen zu vertreten .
124 1437 1307 1484 c) Württemberg und Sachſen haben ſtändige Sitze in
179 1494 1303 1541 den Bundesraths-Ausſchüſſen für das Landheer und die
183 1551 1242 1598 Feſtungen und für die auswärtigen Angelegenheiten .
137 1608 1306 1655 3. Endlich giebt es noch Sonderrechte, welche in finan-
44 1664 1306 1711 ziellen Begünſtigungen einzelner Staaten beſtehen. Dieſelben wer-
42 1721 1087 1767 den an den betreffenden Stellen Erwähnung finden .
133 1778 1306 1825 Das Weſen der Sonderrechte beſteht darin, daß ſie nur
39 1834 1308 1881 mit Zuſtimmung des berechtigten Staates aufgehoben werden
1240 161 1306 192 117
367 153 970 192 §. 11. Die Rechte der Einzelſtaaten.
161 1975 395 2006 R.-R. Art. 11.
160 2024 375 2054 R.-V. Art. 6.
159 2070 504 2107 R.-V. Art. 8. Abſ. 2.
160 2118 497 2156 R.-V. Art. 8 Abſ. 3.
163 2165 873 2204 Schlußprotokoll vom 23. Nov. 1870 Z. IX.
161 2212 540 2251 Schlußprotokoll Z. VII.
161 2260 1306 2298 R.-V. Art. 8 Abſ. 2. Württemb. Milit.-Konv. Art. 15 Abſ. 2. Sächſ.
44 2305 411 2337 Militärconvent. Art. 2.
164 2353 1177 2394 Sie ſind zuſammengeſtellt bei Laband a. a. O. S. 1512 ff.
