<?xml version="1.0" encoding="UTF-8"?>
<PcGts xmlns="http://schema.primaresearch.org/PAGE/gts/pagecontent/2019-07-15" xmlns:xsi="http://www.w3.org/2001/XMLSchema-instance" xsi:schemaLocation="http://schema.primaresearch.org/PAGE/gts/pagecontent/2019-07-15 http://schema.primaresearch.org/PAGE/gts/pagecontent/2019-07-15/pagecontent.xsd">
<Metadata>
<Creator>regJS2PAGE.py</Creator>
<Created>2021-02-16T10:59:24.002060</Created>
<LastChange>2021-02-16T10:59:24.002060</LastChange>
</Metadata>
<Page imageFilename="tmp/laband_staatsrecht02_1878_0034.png" imageWidth="1600" imageHeight="2580">
<TextRegion id="block_0" custom="structure {type:body;}">
<Coords points="235,312 235,357 232,366 232,410 231,422 231,467 232,478 232,525 232,531 324,531 324,579 324,586 232,586 232,636 231,641 231,689 230,697 230,746 232,750 232,801 232,805 323,805 323,855 323,862 229,862 229,910 229,918 229,971 229,971 229,1021 231,1027 231,1076 230,1084 230,1131 230,1137 324,1137 324,1186 324,1191 232,1191 232,1241 230,1247 230,1295 230,1301 230,1350 231,1357 231,1405 232,1411 232,1460 231,1468 231,1515 233,1524 233,1570 233,1578 233,1627 1481,1627 1481,1578 1482,1570 1482,1524 1481,1515 1481,1468 1481,1460 1481,1411 1480,1405 1480,1357 1482,1350 1482,1301 1481,1295 1481,1247 1478,1241 1478,1191 1481,1186 1481,1137 1222,1137 1222,1131 1222,1084 1478,1084 1478,1076 1478,1027 1478,1021 1478,971 1477,971 1477,918 1476,910 1476,862 1476,855 1476,805 1474,801 1474,750 1479,746 1479,697 1480,689 1480,641 1477,636 1477,586 1477,579 1477,531 507,531 507,525 507,478 1478,478 1478,467 1478,422 1478,410 1478,366 1478,357 1478,312 235,312"/>
<TextLine id="line_0">
<Coords points="235,312 288,312 303,313 443,313 468,313 506,313 530,312 873,312 898,313 954,313 979,312 1042,312 1069,314 1102,314 1120,313 1158,313 1176,324 1236,324 1252,312 1478,312 1478,346 1252,346 1236,346 1176,346 1158,346 1120,346 1102,345 1069,345 1042,346 979,346 954,346 898,346 873,357 530,357 506,345 468,345 443,347 303,347 288,347 235,347 235,312"/>
<Baseline points="235,347 288,347 303,347 443,347 468,345 506,345 530,357 873,357 898,346 954,346 979,346 1042,346 1069,345 1102,345 1120,346 1158,346 1176,346 1236,346 1252,346 1478,346"/>
<TextEquiv><Unicode>»A l’avenir la promulgation des lois et de nos ordonnances</Unicode></TextEquiv>
</TextLine>

<TextLine id="line_1">
<Coords points="232,368 394,368 418,368 457,368 480,368 553,368 577,367 743,367 766,379 809,379 830,368 984,368 1011,367 1163,367 1208,368 1269,368 1287,366 1478,366 1478,410 1287,410 1269,402 1208,402 1163,401 1011,401 984,402 830,402 809,401 766,401 743,401 577,401 553,401 480,401 457,401 418,401 394,402 232,402 232,368"/>
<Baseline points="232,402 394,402 418,401 457,401 480,401 553,401 577,401 743,401 766,401 809,401 830,402 984,402 1011,401 1163,401 1208,402 1269,402 1287,410 1478,410"/>
<TextEquiv><Unicode>résultera de leur insertion au Bulletin officiel.« Die Einrückung</Unicode></TextEquiv>
</TextLine>

<TextLine id="line_2">
<Coords points="231,425 265,425 298,424 359,424 386,422 573,422 605,424 641,424 668,423 915,423 943,424 999,424 1026,422 1184,422 1217,423 1294,423 1318,422 1478,422 1478,465 1318,465 1294,467 1217,467 1184,467 1026,467 999,458 943,458 915,467 668,467 641,465 605,465 573,467 386,467 359,458 298,458 265,460 231,460 231,425"/>
<Baseline points="231,460 265,460 298,458 359,458 386,467 573,467 605,465 641,465 668,467 915,467 943,458 999,458 1026,467 1184,467 1217,467 1294,467 1318,465 1478,465"/>
<TextEquiv><Unicode>in das Geſetzblatt iſt Verkündigung des Geſetzes, nicht Ausferti-</Unicode></TextEquiv>
</TextLine>

<TextLine id="line_3">
<Coords points="232,489 318,489 343,478 507,478 507,523 343,523 318,525 232,525 232,489"/>
<Baseline points="232,525 318,525 343,523 507,523"/>
<TextEquiv><Unicode>gung deſſelben.</Unicode></TextEquiv>
</TextLine>

<TextLine id="line_4">
<Coords points="324,536 385,536 419,535 567,535 598,534 817,534 852,533 1058,533 1090,533 1187,533 1223,532 1384,532 1414,531 1477,531 1477,566 1414,566 1384,568 1223,568 1187,576 1090,576 1058,577 852,577 817,578 598,578 567,579 419,579 385,578 324,578 324,536"/>
<Baseline points="324,578 385,578 419,579 567,579 598,578 817,578 852,577 1058,577 1090,576 1187,576 1223,568 1384,568 1414,566 1477,566"/>
<TextEquiv><Unicode>Im heutigen franzöſiſchen Staatsrecht fallen Sanction und</Unicode></TextEquiv>
</TextLine>

<TextLine id="line_5">
<Coords points="232,590 487,590 512,590 628,590 654,599 733,599 760,589 994,589 1021,588 1093,588 1119,588 1173,588 1198,586 1286,586 1304,593 1366,593 1391,588 1477,588 1477,620 1391,620 1366,622 1304,622 1286,629 1198,629 1173,623 1119,623 1093,632 1021,632 994,633 760,633 733,634 654,634 628,626 512,626 487,636 232,636 232,590"/>
<Baseline points="232,636 487,636 512,626 628,626 654,634 733,634 760,633 994,633 1021,632 1093,632 1119,623 1173,623 1198,629 1286,629 1304,622 1366,622 1391,620 1477,620"/>
<TextEquiv><Unicode>Promulgation wieder ganz auseinander; nach der Verf. von 1875</Unicode></TextEquiv>
</TextLine>

<TextLine id="line_6">
<Coords points="231,648 357,648 389,646 437,646 464,644 583,644 616,652 680,652 713,646 772,646 798,645 971,645 994,644 1197,644 1232,642 1286,642 1311,641 1480,641 1480,686 1311,686 1286,677 1232,677 1197,687 994,687 971,680 798,680 772,680 713,680 680,680 616,680 583,689 464,689 437,681 389,681 357,682 231,682 231,648"/>
<Baseline points="231,682 357,682 389,681 437,681 464,689 583,689 616,680 680,680 713,680 772,680 798,680 971,680 994,687 1197,687 1232,677 1286,677 1311,686 1480,686"/>
<TextEquiv><Unicode>werden die Geſetze von den Kammern ſanctionirt, der Präſident</Unicode></TextEquiv>
</TextLine>

<TextLine id="line_7">
<Coords points="230,702 288,702 319,702 422,702 452,701 514,701 541,701 635,701 667,701 721,701 746,700 967,700 1005,699 1076,699 1111,700 1167,700 1200,698 1300,698 1340,697 1479,697 1479,740 1340,740 1300,741 1200,741 1167,734 1111,734 1076,743 1005,743 967,745 746,745 721,736 667,736 635,744 541,744 514,736 452,736 422,738 319,738 288,746 230,746 230,702"/>
<Baseline points="230,746 288,746 319,738 422,738 452,736 514,736 541,744 635,744 667,736 721,736 746,745 967,745 1005,743 1076,743 1111,734 1167,734 1200,741 1300,741 1340,740 1479,740"/>
<TextEquiv><Unicode>hat weder das Recht der Zuſtimmung noch des Veto; dagegen</Unicode></TextEquiv>
</TextLine>

<TextLine id="line_8">
<Coords points="232,757 310,757 336,762 371,762 396,756 462,756 488,765 545,765 579,756 627,756 654,755 771,755 791,765 829,765 853,754 1072,754 1095,754 1160,754 1185,762 1222,762 1250,751 1427,751 1431,750 1474,750 1474,794 1431,794 1427,795 1250,795 1222,797 1185,797 1160,789 1095,789 1072,798 853,798 829,799 791,799 771,799 654,799 627,790 579,790 545,800 488,800 462,800 396,800 371,791 336,791 310,801 232,801 232,757"/>
<Baseline points="232,801 310,801 336,791 371,791 396,800 462,800 488,800 545,800 579,790 627,790 654,799 771,799 791,799 829,799 853,798 1072,798 1095,789 1160,789 1185,797 1222,797 1250,795 1427,795 1431,794 1474,794"/>
<TextEquiv><Unicode>ſteht es ihm zu, die Geſetze zu promulgiren und zu publiziren .</Unicode></TextEquiv>
</TextLine>

<TextLine id="line_9">
<Coords points="323,812 414,812 440,810 540,810 568,810 782,810 808,810 863,810 882,808 1108,808 1133,807 1313,807 1339,808 1395,808 1414,805 1476,805 1476,842 1414,842 1395,842 1339,842 1313,852 1133,852 1108,853 882,853 863,845 808,845 782,854 568,854 540,853 440,853 414,855 323,855 323,812"/>
<Baseline points="323,855 414,855 440,853 540,853 568,854 782,854 808,845 863,845 882,853 1108,853 1133,852 1313,852 1339,842 1395,842 1414,842 1476,842"/>
<TextEquiv><Unicode>Trotz dieſes Schwankens der Geſetzgebung hinſichtlich des Ge-</Unicode></TextEquiv>
</TextLine>

<TextLine id="line_10">
<Coords points="229,867 383,867 401,867 458,867 478,866 610,866 629,865 883,865 896,864 922,864 945,865 981,865 997,866 1030,866 1047,864 1101,864 1118,862 1335,862 1350,862 1476,862 1476,905 1350,905 1335,907 1118,907 1101,899 1047,899 1030,900 997,900 981,907 945,907 922,909 896,909 883,909 629,909 610,901 478,901 458,901 401,901 383,910 229,910 229,867"/>
<Baseline points="229,910 383,910 401,901 458,901 478,901 610,901 629,909 883,909 896,909 922,909 945,907 981,907 997,900 1030,900 1047,899 1101,899 1118,907 1335,907 1350,905 1476,905"/>
<TextEquiv><Unicode>brauches des Wortes Promulgation  iſt in der franzöſiſchen Rechts-</Unicode></TextEquiv>
</TextLine>

<TextLine id="line_11">
<Coords points="229,923 381,923 406,922 460,922 477,920 671,920 697,922 751,922 768,920 1022,920 1040,927 1102,927 1124,920 1177,920 1195,919 1356,919 1381,918 1477,918 1477,952 1381,952 1356,954 1195,954 1177,954 1124,954 1102,955 1040,955 1022,964 768,964 751,956 697,956 671,971 477,971 460,957 406,957 381,958 229,958 229,923"/>
<Baseline points="229,958 381,958 406,957 460,957 477,971 671,971 697,956 751,956 768,964 1022,964 1040,955 1102,955 1124,954 1177,954 1195,954 1356,954 1381,952 1477,952"/>
<TextEquiv><Unicode>literatur der Unterſchied der Promulgation von der Sanction einer-</Unicode></TextEquiv>
</TextLine>

<TextLine id="line_12">
<Coords points="229,976 306,976 331,977 396,977 422,984 485,984 510,977 564,977 590,975 800,975 825,975 1034,975 1059,973 1118,973 1146,971 1385,971 1411,971 1478,971 1478,1014 1411,1014 1385,1016 1146,1016 1118,1017 1059,1017 1034,1017 825,1017 800,1021 590,1021 564,1012 510,1012 485,1012 422,1012 396,1012 331,1012 306,1021 229,1021 229,976"/>
<Baseline points="229,1021 306,1021 331,1012 396,1012 422,1012 485,1012 510,1012 564,1012 590,1021 800,1021 825,1017 1034,1017 1059,1017 1118,1017 1146,1016 1385,1016 1411,1014 1478,1014"/>
<TextEquiv><Unicode>ſeits und von der Publikation andererſeits faſt ausnahmslos feſt-</Unicode></TextEquiv>
</TextLine>

<TextLine id="line_13">
<Coords points="231,1032 378,1032 404,1033 533,1033 557,1032 621,1032 648,1032 710,1032 730,1030 843,1030 861,1031 915,1031 933,1029 1186,1029 1210,1029 1243,1029 1268,1029 1321,1029 1347,1027 1478,1027 1478,1071 1347,1071 1321,1063 1268,1063 1243,1063 1210,1063 1186,1074 933,1074 915,1065 861,1065 843,1073 730,1073 710,1066 648,1066 621,1067 557,1067 533,1067 404,1067 378,1076 231,1076 231,1032"/>
<Baseline points="231,1076 378,1076 404,1067 533,1067 557,1067 621,1067 648,1066 710,1066 730,1073 843,1073 861,1065 915,1065 933,1074 1186,1074 1210,1063 1243,1063 1268,1063 1321,1063 1347,1071 1478,1071"/>
<TextEquiv><Unicode>gehalten worden und das Weſen der Promulgation in der authen-</Unicode></TextEquiv>
</TextLine>

<TextLine id="line_14">
<Coords points="230,1086 339,1086 366,1086 618,1086 646,1086 703,1086 730,1085 870,1085 897,1084 1016,1084 1042,1085 1169,1085 1186,1084 1222,1084 1222,1127 1186,1127 1169,1120 1042,1120 1016,1120 897,1120 870,1130 730,1130 703,1121 646,1121 618,1131 366,1131 339,1131 230,1131 230,1086"/>
<Baseline points="230,1131 339,1131 366,1131 618,1131 646,1121 703,1121 730,1130 870,1130 897,1120 1016,1120 1042,1120 1169,1120 1186,1127 1222,1127"/>
<TextEquiv><Unicode>tiſchen Beglaubigung des Geſetzes erblickt worden .</Unicode></TextEquiv>
</TextLine>

<TextLine id="line_15">
<Coords points="324,1143 382,1143 406,1143 455,1143 474,1141 729,1141 754,1142 810,1142 831,1140 971,1140 995,1141 1028,1141 1047,1138 1226,1138 1252,1137 1329,1137 1354,1138 1412,1138 1436,1138 1481,1138 1481,1172 1436,1172 1412,1172 1354,1172 1329,1182 1252,1182 1226,1183 1047,1183 1028,1175 995,1175 971,1185 831,1185 810,1176 754,1176 729,1186 474,1186 455,1177 406,1177 382,1177 324,1177 324,1143"/>
<Baseline points="324,1177 382,1177 406,1177 455,1177 474,1186 729,1186 754,1176 810,1176 831,1185 971,1185 995,1175 1028,1175 1047,1183 1226,1183 1252,1182 1329,1182 1354,1172 1412,1172 1436,1172 1481,1172"/>
<TextEquiv><Unicode>Da die Promulgation des Geſetzes in Frankreich nicht wie im</Unicode></TextEquiv>
</TextLine>

<TextLine id="line_16">
<Coords points="232,1197 320,1197 346,1195 504,1195 529,1196 637,1196 664,1197 728,1197 761,1196 795,1196 819,1195 966,1195 991,1196 1025,1196 1051,1195 1150,1195 1174,1200 1231,1200 1257,1194 1326,1194 1351,1191 1478,1191 1478,1236 1351,1236 1326,1229 1257,1229 1231,1229 1174,1229 1150,1230 1051,1230 1025,1231 991,1231 966,1240 819,1240 795,1231 761,1231 728,1232 664,1232 637,1241 529,1241 504,1240 346,1240 320,1233 232,1233 232,1197"/>
<Baseline points="232,1233 320,1233 346,1240 504,1240 529,1241 637,1241 664,1232 728,1232 761,1231 795,1231 819,1240 966,1240 991,1231 1025,1231 1051,1230 1150,1230 1174,1229 1231,1229 1257,1229 1326,1229 1351,1236 1478,1236"/>
<TextEquiv><Unicode>alten deutſchen Reiche und in England in einem vor dem Reichs-</Unicode></TextEquiv>
</TextLine>

<TextLine id="line_17">
<Coords points="230,1255 304,1255 338,1252 413,1252 438,1250 651,1250 684,1250 737,1250 771,1250 1004,1250 1028,1249 1201,1249 1226,1248 1315,1248 1349,1247 1481,1247 1481,1290 1349,1290 1315,1291 1226,1291 1201,1293 1028,1293 1004,1294 771,1294 737,1294 684,1294 651,1294 438,1294 413,1286 338,1286 304,1295 230,1295 230,1255"/>
<Baseline points="230,1295 304,1295 338,1286 413,1286 438,1294 651,1294 684,1294 737,1294 771,1294 1004,1294 1028,1293 1201,1293 1226,1291 1315,1291 1349,1290 1481,1290"/>
<TextEquiv><Unicode>tage oder Parlamente ſich vollziehenden feierlichen Akte, ſondern</Unicode></TextEquiv>
</TextLine>

<TextLine id="line_18">
<Coords points="230,1305 372,1305 397,1306 431,1306 457,1306 511,1306 535,1306 803,1306 838,1306 922,1306 946,1304 1091,1304 1120,1303 1252,1303 1286,1302 1317,1302 1352,1301 1482,1301 1482,1346 1352,1346 1317,1346 1286,1346 1252,1347 1120,1347 1091,1339 946,1339 922,1340 838,1340 803,1349 535,1349 511,1341 457,1341 431,1340 397,1340 372,1350 230,1350 230,1305"/>
<Baseline points="230,1350 372,1350 397,1340 431,1340 457,1341 511,1341 535,1349 803,1349 838,1340 922,1340 946,1339 1091,1339 1120,1347 1252,1347 1286,1346 1317,1346 1352,1346 1482,1346"/>
<TextEquiv><Unicode>lediglich in der Unterzeichnung einer Urkunde beſteht, ſo entzieht</Unicode></TextEquiv>
</TextLine>

<TextLine id="line_19">
<Coords points="231,1361 284,1361 317,1360 396,1360 422,1360 596,1360 629,1360 718,1360 751,1361 867,1361 900,1360 955,1360 987,1359 1194,1359 1226,1357 1383,1357 1416,1357 1480,1357 1480,1392 1416,1392 1383,1400 1226,1400 1194,1403 987,1403 955,1395 900,1395 867,1395 751,1395 718,1402 629,1402 596,1404 422,1404 396,1403 317,1403 284,1405 231,1405 231,1361"/>
<Baseline points="231,1405 284,1405 317,1403 396,1403 422,1404 596,1404 629,1402 718,1402 751,1395 867,1395 900,1395 955,1395 987,1403 1194,1403 1226,1400 1383,1400 1416,1392 1480,1392"/>
<TextEquiv><Unicode>ſich dieſe Thatſache ſelbſt wieder der allgemeinen Kenntniß und</Unicode></TextEquiv>
</TextLine>

<TextLine id="line_20">
<Coords points="232,1416 505,1416 550,1416 612,1416 637,1415 750,1415 775,1416 829,1416 847,1415 1093,1415 1110,1415 1174,1415 1200,1412 1330,1412 1356,1411 1481,1411 1481,1456 1356,1456 1330,1456 1200,1456 1174,1450 1110,1450 1093,1459 847,1459 829,1451 775,1451 750,1458 637,1458 612,1451 550,1451 505,1460 232,1460 232,1416"/>
<Baseline points="232,1460 505,1460 550,1451 612,1451 637,1458 750,1458 775,1451 829,1451 847,1459 1093,1459 1110,1450 1174,1450 1200,1456 1330,1456 1356,1456 1481,1456"/>
<TextEquiv><Unicode>Wahrnehmung. Sie bedarf der Kundmachung und dieſelbe erfolgt,</Unicode></TextEquiv>
</TextLine>

<TextLine id="line_21">
<Coords points="231,1472 338,1472 362,1472 411,1472 438,1470 847,1470 881,1471 1008,1471 1032,1469 1256,1469 1280,1469 1369,1469 1418,1468 1481,1468 1481,1503 1418,1503 1369,1504 1280,1504 1256,1513 1032,1513 1008,1514 881,1514 847,1515 438,1515 411,1507 362,1507 338,1507 231,1507 231,1472"/>
<Baseline points="231,1507 338,1507 362,1507 411,1507 438,1515 847,1515 881,1514 1008,1514 1032,1513 1256,1513 1280,1504 1369,1504 1418,1503 1481,1503"/>
<TextEquiv><Unicode>indem die Geſetzes-Urkunde offiziell veröffentlicht wird. Die</Unicode></TextEquiv>
</TextLine>

<TextLine id="line_22">
<Coords points="233,1527 521,1527 548,1527 605,1527 625,1525 765,1525 790,1526 826,1526 851,1527 899,1527 923,1526 1149,1526 1173,1526 1237,1526 1264,1524 1482,1524 1482,1568 1264,1568 1237,1561 1173,1561 1149,1561 923,1561 899,1561 851,1561 826,1568 790,1568 765,1570 625,1570 605,1561 548,1561 521,1570 233,1570 233,1527"/>
<Baseline points="233,1570 521,1570 548,1561 605,1561 625,1570 765,1570 790,1568 826,1568 851,1561 899,1561 923,1561 1149,1561 1173,1561 1237,1561 1264,1568 1482,1568"/>
<TextEquiv><Unicode>Veröffentlichung des Geſetzes iſt die unmittelbare und nothwendige</Unicode></TextEquiv>
</TextLine>

<TextLine id="line_23">
<Coords points="233,1582 334,1582 360,1581 458,1581 484,1581 738,1581 749,1592 757,1592 792,1582 851,1582 884,1581 938,1581 965,1580 1216,1580 1242,1579 1404,1579 1428,1578 1481,1578 1481,1623 1428,1623 1404,1615 1242,1615 1216,1626 965,1626 938,1616 884,1616 851,1617 792,1617 757,1626 749,1626 738,1626 484,1626 458,1625 360,1625 334,1627 233,1627 233,1582"/>
<Baseline points="233,1627 334,1627 360,1625 458,1625 484,1626 738,1626 749,1626 757,1626 792,1617 851,1617 884,1616 938,1616 965,1626 1216,1626 1242,1615 1404,1615 1428,1623 1481,1623"/>
<TextEquiv><Unicode>Folge ſeiner Promulgation; mit der Promulgation verbindet ſich</Unicode></TextEquiv>
</TextLine>

</TextRegion>
<TextRegion id="block_1" custom="structure {type:pageNum;}">
<Coords points="148,2565 148,2576 164,2576 164,2565 148,2565"/>
<TextLine id="line_24">
<Coords points="148,2565 164,2565 164,2576 148,2576 148,2565"/>
<Baseline points="148,2576 164,2576"/>
<TextEquiv><Unicode>20</Unicode></TextEquiv>
</TextLine>

</TextRegion>
<TextRegion id="block_2" custom="structure {type:header;}">
<Coords points="412,198 412,257 1293,257 1293,198 412,198"/>
<TextLine id="line_25">
<Coords points="412,221 438,221 459,220 503,220 537,220 595,220 614,219 722,219 741,220 796,220 817,220 859,220 880,219 1078,219 1099,198 1146,198 1168,219 1293,219 1293,257 1168,257 1146,249 1099,249 1078,256 880,256 859,249 817,249 796,250 741,250 722,256 614,256 595,249 537,249 503,248 459,248 438,256 412,256 412,221"/>
<Baseline points="412,256 438,256 459,248 503,248 537,249 595,249 614,256 722,256 741,250 796,250 817,249 859,249 880,256 1078,256 1099,249 1146,249 1168,257 1293,257"/>
<TextEquiv><Unicode>§. 56. Der Begriff und die Erforderniſſe des Geſetzes.</Unicode></TextEquiv>
</TextLine>

</TextRegion>
<TextRegion id="block_3" custom="structure {type:note;}">
<Coords points="356,1671 356,1709 356,1717 231,1717 231,1756 235,1766 235,1802 235,1808 358,1808 358,1849 358,1857 235,1857 235,1895 235,1900 357,1900 357,1940 357,1943 234,1943 234,1986 232,1994 232,2032 233,2040 233,2079 232,2086 232,2124 232,2132 232,2172 234,2179 234,2217 232,2225 232,2263 233,2271 233,2308 234,2317 234,2355 231,2364 231,2402 1152,2402 1152,2364 1485,2364 1485,2355 1485,2317 1483,2308 1483,2271 1482,2263 1482,2225 1484,2217 1484,2179 1485,2172 1485,2132 1485,2124 1485,2086 1451,2086 1451,2079 1451,2040 1485,2040 1485,2032 1485,1994 1484,1986 1484,1943 1483,1940 1483,1900 900,1900 900,1895 900,1857 1482,1857 1482,1849 1482,1808 466,1808 466,1802 466,1766 1482,1766 1482,1756 1482,1717 1481,1709 1481,1671 356,1671"/>
<TextLine id="line_26">
<Coords points="356,1674 434,1674 455,1673 564,1673 592,1674 627,1674 647,1672 874,1672 901,1672 944,1672 964,1672 1164,1672 1187,1671 1332,1671 1351,1671 1387,1671 1409,1672 1481,1672 1481,1700 1409,1700 1387,1699 1351,1699 1332,1709 1187,1709 1164,1701 964,1701 944,1700 901,1700 874,1708 647,1708 627,1701 592,1701 564,1701 455,1701 434,1709 356,1709 356,1674"/>
<Baseline points="356,1709 434,1709 455,1701 564,1701 592,1701 627,1701 647,1708 874,1708 901,1700 944,1700 964,1701 1164,1701 1187,1709 1332,1709 1351,1699 1387,1699 1409,1700 1481,1700"/>
<TextEquiv><Unicode>Vrgl. Bard et Robiquet, La Constitution française de 1875</Unicode></TextEquiv>
</TextLine>

<TextLine id="line_27">
<Coords points="231,1719 327,1719 349,1720 432,1720 454,1729 483,1729 505,1720 558,1720 580,1718 609,1718 631,1719 693,1719 734,1718 819,1718 840,1724 903,1724 924,1719 968,1719 989,1718 1056,1718 1072,1718 1143,1718 1162,1717 1222,1717 1244,1718 1270,1718 1302,1717 1399,1717 1419,1723 1482,1723 1482,1747 1419,1747 1399,1746 1302,1746 1270,1746 1244,1746 1222,1746 1162,1746 1143,1747 1072,1747 1056,1754 989,1754 968,1747 924,1747 903,1748 840,1748 819,1756 734,1756 693,1748 631,1748 609,1747 580,1747 558,1748 505,1748 483,1756 454,1756 432,1756 349,1756 327,1756 231,1756 231,1719"/>
<Baseline points="231,1756 327,1756 349,1756 432,1756 454,1756 483,1756 505,1748 558,1748 580,1747 609,1747 631,1748 693,1748 734,1756 819,1756 840,1748 903,1748 924,1747 968,1747 989,1754 1056,1754 1072,1747 1143,1747 1162,1746 1222,1746 1244,1746 1270,1746 1302,1746 1399,1746 1419,1747 1482,1747"/>
<TextEquiv><Unicode>(Paris 1876) p. 337 ff. 344. Geſetz vom 18. Juli 1875 Art. 7. Decret vom</Unicode></TextEquiv>
</TextLine>

<TextLine id="line_28">
<Coords points="235,1767 261,1767 282,1766 364,1766 386,1766 466,1766 466,1793 386,1793 364,1802 282,1802 261,1794 235,1794 235,1767"/>
<Baseline points="235,1794 261,1794 282,1802 364,1802 386,1793 466,1793"/>
<TextEquiv><Unicode>6. April 1876.</Unicode></TextEquiv>
</TextLine>

<TextLine id="line_29">
<Coords points="358,1812 534,1812 556,1812 700,1812 714,1811 760,1811 778,1811 895,1811 905,1811 935,1811 946,1820 986,1820 996,1810 1071,1810 1092,1809 1263,1809 1275,1808 1311,1808 1323,1808 1482,1808 1482,1846 1323,1846 1311,1837 1275,1837 1263,1846 1092,1846 1071,1844 996,1844 986,1839 946,1839 935,1839 905,1839 895,1840 778,1840 760,1848 714,1848 700,1841 556,1841 534,1849 358,1849 358,1812"/>
<Baseline points="358,1849 534,1849 556,1841 700,1841 714,1848 760,1848 778,1840 895,1840 905,1839 935,1839 946,1839 986,1839 996,1844 1071,1844 1092,1846 1263,1846 1275,1837 1311,1837 1323,1846 1482,1846"/>
<TextEquiv><Unicode>Ausführlich verbreitet ſich darüber Merlin, Repertoire de iurisprud.</Unicode></TextEquiv>
</TextLine>

<TextLine id="line_30">
<Coords points="235,1859 297,1859 318,1858 372,1858 392,1859 416,1859 436,1857 487,1857 508,1857 678,1857 701,1867 729,1867 751,1857 803,1857 825,1858 900,1858 900,1893 825,1893 803,1886 751,1886 729,1893 701,1893 678,1892 508,1892 487,1885 436,1885 416,1893 392,1893 372,1895 318,1895 297,1888 235,1888 235,1859"/>
<Baseline points="235,1888 297,1888 318,1895 372,1895 392,1893 416,1893 436,1885 487,1885 508,1892 678,1892 701,1893 729,1893 751,1886 803,1886 825,1893 900,1893"/>
<TextEquiv><Unicode>Art. Loi §. IV. (T. XVIII. p. 387 sqq.)</Unicode></TextEquiv>
</TextLine>

<TextLine id="line_31">
<Coords points="357,1904 435,1904 449,1903 475,1903 486,1912 504,1912 513,1903 573,1903 585,1913 614,1913 635,1902 802,1902 823,1902 970,1902 990,1902 1080,1902 1091,1901 1180,1901 1200,1901 1260,1901 1276,1901 1341,1901 1354,1900 1407,1900 1422,1901 1483,1901 1483,1929 1422,1929 1407,1929 1354,1929 1341,1930 1276,1930 1260,1931 1200,1931 1180,1930 1091,1930 1080,1931 990,1931 970,1939 823,1939 802,1939 635,1939 614,1937 585,1937 573,1932 513,1932 504,1931 486,1931 475,1931 449,1931 435,1940 357,1940 357,1904"/>
<Baseline points="357,1940 435,1940 449,1931 475,1931 486,1931 504,1931 513,1932 573,1932 585,1937 614,1937 635,1939 802,1939 823,1939 970,1939 990,1931 1080,1931 1091,1930 1180,1930 1200,1931 1260,1931 1276,1930 1341,1930 1354,1929 1407,1929 1422,1929 1483,1929"/>
<TextEquiv><Unicode>Vrgl. Dalloz, Jurisprud. générale. Tome XXX. Art. Lois Nr. 122.</Unicode></TextEquiv>
</TextLine>

<TextLine id="line_32">
<Coords points="234,1951 319,1951 325,1943 396,1943 416,1950 641,1950 661,1951 706,1951 725,1949 812,1949 831,1959 886,1959 906,1949 1005,1949 1025,1949 1054,1949 1073,1948 1147,1948 1164,1948 1200,1948 1220,1948 1314,1948 1333,1948 1484,1948 1484,1976 1333,1976 1314,1976 1220,1976 1200,1976 1164,1976 1147,1976 1073,1976 1054,1976 1025,1976 1005,1985 906,1985 886,1985 831,1985 812,1978 725,1978 706,1977 661,1977 641,1986 416,1986 396,1978 325,1978 319,1980 234,1980 234,1951"/>
<Baseline points="234,1980 319,1980 325,1978 396,1978 416,1986 641,1986 661,1977 706,1977 725,1978 812,1978 831,1985 886,1985 906,1985 1005,1985 1025,1976 1054,1976 1073,1976 1147,1976 1164,1976 1200,1976 1220,1976 1314,1976 1333,1976 1484,1976"/>
<TextEquiv><Unicode>125. »La promulgation est l’acte par lequel le Chef de l’Etat atteste</Unicode></TextEquiv>
</TextLine>

<TextLine id="line_33">
<Coords points="232,1996 475,1996 495,1996 541,1996 570,1996 610,1996 637,1996 697,1996 727,1997 756,1997 785,1996 817,1996 836,1995 1022,1995 1042,1996 1086,1996 1105,1995 1134,1995 1154,1994 1240,1994 1259,1994 1392,1994 1410,2004 1485,2004 1485,2031 1410,2031 1392,2031 1259,2031 1240,2024 1154,2024 1134,2023 1105,2023 1086,2023 1042,2023 1022,2032 836,2032 817,2024 785,2024 756,2024 727,2024 697,2025 637,2025 610,2024 570,2024 541,2024 495,2024 475,2025 232,2025 232,1996"/>
<Baseline points="232,2025 475,2025 495,2024 541,2024 570,2024 610,2024 637,2025 697,2025 727,2024 756,2024 785,2024 817,2024 836,2032 1022,2032 1042,2023 1086,2023 1105,2023 1134,2023 1154,2024 1240,2024 1259,2031 1392,2031 1410,2031 1485,2031"/>
<TextEquiv><Unicode>l’existence de la loi et la publication est le mode employé pour</Unicode></TextEquiv>
</TextLine>

<TextLine id="line_34">
<Coords points="233,2043 309,2043 327,2043 468,2043 488,2043 519,2043 539,2043 580,2043 600,2044 619,2044 637,2043 669,2043 689,2043 898,2043 924,2042 974,2042 1000,2042 1158,2042 1199,2040 1451,2040 1451,2077 1199,2077 1158,2077 1000,2077 974,2070 924,2070 898,2071 689,2071 669,2071 637,2071 619,2071 600,2071 580,2071 539,2071 519,2071 488,2071 468,2079 327,2079 309,2071 233,2071 233,2043"/>
<Baseline points="233,2071 309,2071 327,2079 468,2079 488,2071 519,2071 539,2071 580,2071 600,2071 619,2071 637,2071 669,2071 689,2071 898,2071 924,2070 974,2070 1000,2077 1158,2077 1199,2077 1451,2077"/>
<TextEquiv><Unicode>faire parvenir la loi à la connaissance des citoyens.« Uebereinſtimmend:</Unicode></TextEquiv>
</TextLine>

<TextLine id="line_35">
<Coords points="232,2089 291,2089 312,2089 511,2089 536,2089 575,2089 604,2089 733,2089 753,2088 965,2088 994,2087 1095,2087 1125,2087 1161,2087 1188,2087 1219,2087 1244,2086 1407,2086 1434,2087 1485,2087 1485,2115 1434,2115 1407,2115 1244,2115 1219,2115 1188,2115 1161,2115 1125,2115 1095,2116 994,2116 965,2124 753,2124 733,2117 604,2117 575,2117 536,2117 511,2117 312,2117 291,2117 232,2117 232,2089"/>
<Baseline points="232,2117 291,2117 312,2117 511,2117 536,2117 575,2117 604,2117 733,2117 753,2124 965,2124 994,2116 1095,2116 1125,2115 1161,2115 1188,2115 1219,2115 1244,2115 1407,2115 1434,2115 1485,2115"/>
<TextEquiv><Unicode>Ph. Vallette et Benat St.-Marsy, Traité de la confection des</Unicode></TextEquiv>
</TextLine>

<TextLine id="line_36">
<Coords points="232,2136 300,2136 321,2135 419,2135 448,2145 476,2145 497,2136 561,2136 600,2135 767,2135 795,2135 897,2135 923,2135 959,2135 985,2134 1065,2134 1083,2133 1165,2133 1186,2133 1229,2133 1231,2143 1284,2143 1304,2133 1358,2133 1385,2132 1485,2132 1485,2169 1385,2169 1358,2161 1304,2161 1284,2169 1231,2169 1229,2161 1186,2161 1165,2169 1083,2169 1065,2162 985,2162 959,2162 923,2162 897,2163 795,2163 767,2168 600,2168 561,2163 497,2163 476,2171 448,2171 419,2172 321,2172 300,2164 232,2164 232,2136"/>
<Baseline points="232,2164 300,2164 321,2172 419,2172 448,2171 476,2171 497,2163 561,2163 600,2168 767,2168 795,2163 897,2163 923,2162 959,2162 985,2162 1065,2162 1083,2169 1165,2169 1186,2161 1229,2161 1231,2169 1284,2169 1304,2161 1358,2161 1385,2169 1485,2169"/>
<TextEquiv><Unicode>Lois (1839) p. 211. Batbie, Traité de droit publ. III. p. 439 (Paris</Unicode></TextEquiv>
</TextLine>

<TextLine id="line_37">
<Coords points="234,2182 327,2182 360,2181 562,2181 584,2181 674,2181 694,2181 730,2181 750,2181 829,2181 849,2180 1069,2180 1085,2180 1107,2180 1128,2189 1171,2189 1189,2180 1232,2180 1264,2180 1298,2180 1317,2179 1484,2179 1484,2212 1317,2212 1298,2208 1264,2208 1232,2208 1189,2208 1171,2208 1128,2208 1107,2207 1085,2207 1069,2209 849,2209 829,2210 750,2210 730,2209 694,2209 674,2210 584,2210 562,2217 360,2217 327,2217 234,2217 234,2182"/>
<Baseline points="234,2217 327,2217 360,2217 562,2217 584,2210 674,2210 694,2209 730,2209 750,2210 829,2210 849,2209 1069,2209 1085,2207 1107,2207 1128,2208 1171,2208 1189,2208 1232,2208 1264,2208 1298,2208 1317,2212 1484,2212"/>
<TextEquiv><Unicode>1862). Ducrocq, Cours de droit administratif I. nr. 20. A. Valette,</Unicode></TextEquiv>
</TextLine>

<TextLine id="line_38">
<Coords points="232,2227 322,2227 343,2226 379,2226 400,2226 476,2226 497,2227 576,2227 609,2227 697,2227 714,2227 794,2227 814,2227 837,2227 859,2227 895,2227 912,2227 955,2227 994,2226 1120,2226 1143,2226 1205,2226 1227,2225 1482,2225 1482,2258 1227,2258 1205,2262 1143,2262 1120,2262 994,2262 955,2255 912,2255 895,2257 859,2257 837,2255 814,2255 794,2255 714,2255 697,2263 609,2263 576,2256 497,2256 476,2255 400,2255 379,2255 343,2255 322,2255 232,2255 232,2227"/>
<Baseline points="232,2255 322,2255 343,2255 379,2255 400,2255 476,2255 497,2256 576,2256 609,2263 697,2263 714,2255 794,2255 814,2255 837,2255 859,2257 895,2257 912,2255 955,2255 994,2262 1120,2262 1143,2262 1205,2262 1227,2258 1482,2258"/>
<TextEquiv><Unicode>Cours de Code civil. Paris 1872. I. S. 19. Aehnlich auch Laferrière,</Unicode></TextEquiv>
</TextLine>

<TextLine id="line_39">
<Coords points="233,2272 322,2272 343,2272 380,2272 401,2272 480,2272 499,2273 583,2273 604,2274 634,2274 654,2273 880,2273 920,2274 957,2274 981,2273 1070,2273 1102,2272 1190,2272 1213,2272 1295,2272 1315,2271 1337,2271 1361,2271 1397,2271 1421,2272 1483,2272 1483,2299 1421,2299 1397,2301 1361,2301 1337,2299 1315,2299 1295,2307 1213,2307 1190,2307 1102,2307 1070,2308 981,2308 957,2308 920,2308 880,2301 654,2301 634,2301 604,2301 583,2308 499,2308 480,2301 401,2301 380,2300 343,2300 322,2301 233,2301 233,2272"/>
<Baseline points="233,2301 322,2301 343,2300 380,2300 401,2301 480,2301 499,2308 583,2308 604,2301 634,2301 654,2301 880,2301 920,2308 957,2308 981,2308 1070,2308 1102,2307 1190,2307 1213,2307 1295,2307 1315,2299 1337,2299 1361,2301 1397,2301 1421,2299 1483,2299"/>
<TextEquiv><Unicode>Cours de droit publ. et administratif. (5. Ausg. Paris 1860) I. S. 114.</Unicode></TextEquiv>
</TextLine>

<TextLine id="line_40">
<Coords points="234,2318 294,2318 314,2318 540,2318 560,2320 605,2320 624,2317 760,2317 780,2319 940,2319 955,2318 991,2318 1005,2318 1035,2318 1056,2317 1105,2317 1127,2318 1155,2318 1168,2326 1274,2326 1287,2317 1322,2317 1336,2318 1485,2318 1485,2346 1336,2346 1322,2346 1287,2346 1274,2354 1168,2354 1155,2347 1127,2347 1105,2351 1056,2351 1035,2347 1005,2347 991,2347 955,2347 940,2348 780,2348 760,2348 624,2348 605,2347 560,2347 540,2355 314,2355 294,2346 234,2346 234,2318"/>
<Baseline points="234,2346 294,2346 314,2355 540,2355 560,2347 605,2347 624,2348 760,2348 780,2348 940,2348 955,2347 991,2347 1005,2347 1035,2347 1056,2351 1105,2351 1127,2347 1155,2347 1168,2354 1274,2354 1287,2346 1322,2346 1336,2346 1485,2346"/>
<TextEquiv><Unicode>»La promulgation est l’édition solennelle de la loi, le moyen de constater</Unicode></TextEquiv>
</TextLine>

<TextLine id="line_41">
<Coords points="231,2373 285,2373 305,2365 450,2365 469,2366 499,2366 519,2366 555,2366 575,2366 631,2366 651,2365 679,2365 698,2366 806,2366 825,2367 845,2367 865,2374 917,2374 937,2364 1152,2364 1152,2394 937,2394 917,2394 865,2394 845,2394 825,2394 806,2402 698,2402 679,2394 651,2394 631,2394 575,2394 555,2394 519,2394 499,2394 469,2394 450,2394 305,2394 285,2394 231,2394 231,2373"/>
<Baseline points="231,2394 285,2394 305,2394 450,2394 469,2394 499,2394 519,2394 555,2394 575,2394 631,2394 651,2394 679,2394 698,2402 806,2402 825,2394 845,2394 865,2394 917,2394 937,2394 1152,2394"/>
<TextEquiv><Unicode>son existence et de lier le peuple à son observation.«</Unicode></TextEquiv>
</TextLine>

</TextRegion>
</Page>
</PcGts>