1600 2580
144 283 1263 332 II. Das Verhältniß der Reichsgeſetze zu den Landesgeſetzen
55 338 1307 389 der einzelnen Staaten beſtimmt ſich im Allgemeinen durch den
57 394 1309 444 Grundſatz, daß das Reich die ſouveräne Geſetzgebungs-Gewalt, die
58 449 1309 501 Einzelſtaaten die Autonomie haben . Daraus ergiebt ſich, daß
58 506 1308 555 die Reichsgeſetze den Landesgeſetzen vorgehen. R.-V. Art. 2. Im
60 563 1288 613 Einzelnen erfordern hier folgende Punkte eine genauere Erörterung:
155 616 1307 666 1. Der Vorrang der Reichsgeſetze vor den Landesgeſetzen be-
56 674 1310 724 ruht darauf, daß ihre Sanktion von der höheren, und zwar
57 729 1311 778 der ſouverainen Gewalt, ausgeht; nicht auf ihrem Inhalte oder
58 784 1311 834 der Art der Feſtſtellung deſſelben. Der Vorrang kömmt daher
57 839 1309 891 nicht blos den eigentlichen, d. h. unter Zuſtimmung des Reichs-
57 896 1312 946 tags erlaſſenen Reichsgeſetzen, ſondern auch allen Reichsverordnungen
59 950 1314 1001 zu, wofern ſie rechtsgültig erlaſſen ſind . Andererſeits ſtehen nicht
59 1006 1312 1054 blos die formellen Landesgeſetze den Reichsgeſetzen nach, ſondern
61 1062 1311 1112 ebenſo die Verordnungen der Einzelſtaaten und die in den Einzel-
60 1118 1310 1168 ſtaaten geltenden Gewohnheitsrechtsſätze. Durch den Erlaß eines
61 1173 1311 1225 Reichsgeſetzes verlieren alle landesrechtlichen Vorſchriften, welche
61 1229 1313 1279 mit dem Reichsgeſetz im Widerſpruch ſtehen, ipso iure ihre Gel-
63 1286 1313 1335 tung; ebenſo treten formell außer Kraft diejenigen, deren mate-
65 1341 1314 1389 rieller Inhalt mit dem neuen Reichsgeſetz übereinſtimmt ; das
68 1395 1314 1445 Reichsgeſetz iſt nicht blos das ſpätere, ſondern auch das ſtärkere
68 1455 383 1502 (höhere) Geſetz .
161 1507 1316 1555 2. Durch den Erlaß eines Reichsgeſetzes ergeben ſich für die
67 1563 1123 1614 Geſetzgebung der Einzelſtaaten folgende Beſchränkungen:
157 1618 1315 1670 a) Landesgeſetze, welche Rechtsſätze, die in einem Reichsgeſetz
68 1674 1315 1725 enthalten ſind, wiederholen oder beſtätigen, ſind unſtatthaft und
1241 194 1304 226 109
266 180 1081 232 §. 61. Reichsgeſetzgebung und Landesgeſetzgebung.
190 1794 1317 1836 Vortreffliche Unterſuchungen darüber enthält die Schrift von Heinze,
68 1840 1317 1883 das Verhältniß des Reichsſtrafrechts zu dem Landesſtrafrecht. Leipzig 1871.
68 1885 1319 1929 Vgl. auch auch Kayſer im Handbuch des Deutſchen Strafrechts von Holtzen-
68 1936 563 1976 dorff Bd. IV. S. 93 ff. (1877).
188 1977 1320 2020 Vgl. Bd. I. §. 10 S. 105 fg. Einen weſentlich verſchiedenen Standpunkt
69 2024 1319 2066 nimmt Seydel ein, welcher Kommentar S. 35. 124 das Reichsgeſetz lediglich als
71 2070 1319 2115 „gleichmäßiges Landesgeſetz aller Bundesſtaaten“ erklärt. Ebenſo Böhlau
71 2123 464 2154 a. a. O. I. S. 289. 309.
191 2161 1321 2206 Abweichender Anſicht Heinze S. 24. Uebereinſtimmend Riedel
72 2208 1320 2253 S. 41. Seydel, Commentar S. 37. v. Mohl S. 168. Hänel, Studien
70 2263 382 2293 I. S. 263 Note 16.
193 2307 743 2344 Riedel S. 40. Seydel S. 37.
195 2352 967 2392 Hierſemenzel, Verf. des Nordd. B. I. S. 7.
