1600 2580
191 176 1186 223 §. 57. Der Weg der Geſetzgebung nach der Reichsverfaſſung.
70 268 1325 326 henden Geſetze und Einrichtungen beſtimmt wird; faſt jedes Geſetz
70 323 1326 385 daher eine Veränderung der Verfaſſung in dieſem Sinne bewirken
71 380 1326 433 würde. Auch der Art. 107 der Preuß. Verf.-Urk., welcher in
72 435 1323 492 ähnlicher Weiſe wie Art. 78 Abſ. 1 der R.-V. von der Abände-
50 490 1326 553 rung der Verfaſſung auf dem Wege der Geſetzgebung ſpricht, iſt
72 545 1326 598 niemals anders ausgelegt worden, als daß das Wort Verfaſſung
73 605 944 661 gleichbedeutend mit Verfaſſungs-Urkunde iſt .
164 659 1324 711 Ebenſo unzweifelhaft iſt es, daß alle in geſetzlichem Wege er-
72 713 1326 770 folgten Veränderungen der Verfaſſungs-Urkunde ebenfalls nur
73 767 1318 827 geändert werden können unter Beobachtung der im Art. 78 Abſ. 1
73 832 469 881 aufgeſtellten Regel .
165 882 1326 935 Dagegen bedarf eine andere Frage noch einer näheren Unter-
72 936 1327 992 ſuchung. Es kann nämlich vorkommen, daß ein Geſetz erlaſſen
74 992 1327 1045 werden ſoll, welches formell den Wortlaut der Verfaſſungs-Urkunde
72 1048 1326 1099 unverändert läßt, materiell aber eine Abänderung ihres Inhaltes
73 1104 1325 1157 bewirkt, welches alſo, wie man zu ſagen pflegt, „materiell ver-
73 1166 477 1214 faſſungswidrig“ iſt .
168 1208 1327 1267 Ein ſolches Geſetz kann ſelbſtverſtändlich nur die Sanction
76 1271 1327 1325 erhalten, wenn ſich im Bundesrath nicht 14 Stimmen gegen die-
74 1325 1327 1379 ſelbe erklären, da ſonſt die Beſtimmung des Art. 78 Abſ. 1 eine
77 1382 1327 1435 völlig wirkungsloſe und illuſoriſche wäre. Es iſt ferner unbedenk-
76 1437 1327 1491 lich anzuerkennen, daß das korrekte Verfahren darin beſteht, daß
77 1493 1327 1547 zunächſt der Wortlaut der Verfaſſung entſprechend verändert und
76 1548 1329 1598 alsdann erſt das beabſichtigte Specialgeſetz erlaſſen wird, damit
76 1595 1328 1658 die Harmonie zwiſchen den in der Verfaſſung formulirten Prin-
76 1660 1328 1714 zipien und den Geſetzgebungs-Akten des Reiches nicht geſtört wird.
78 1715 1328 1770 Auch ſind die politiſchen Nachtheile unverkennbar, welche die Durch-
77 1771 1329 1824 löcherung der Verfaſſungsſätze durch gelegentliche Specialgeſetze im
78 1826 1329 1879 Gefolge hat. Alles dies iſt aber nicht entſcheidend für die Be-
79 1881 1331 1933 antwortung der Rechtsfrage, ob nach allgemeinen Rechtsgrundſätzen
78 1936 1331 1990 oder nach den Anordnnngen der deutſchen Reichsverfaſſung der
79 1985 1330 2044 Erlaß von Spezialgeſetzen, welche dem Wortlaut der Verfaſſung
1281 179 1322 210 37
203 2114 1332 2158 Vgl. v. Rönne, Staatsr. der Preuß. Monarchie I. 2 §. 187. VI.
80 2168 246 2205 S. 617 fg.
200 2209 1292 2250 Dies ſind zur Zeit die oben Bd. I. S. 51. 52 aufgeführten Geſetze.
200 2256 1331 2297 Eine ausführliche, aber verwirrte und unlogiſche Abhandlung über die
80 2303 1331 2344 rechtliche Bedeutung verfaſſungswidriger Geſetze enthält v. Mohl’s Staatsr.
81 2350 712 2390 Völkerr. und Politik. Bd. I. S. 66 ff.
