1600 2610
51 256 1326 306 ſatz am Schluß wörtlich gleichlautend iſt . Dieſer Artikel enthält
51 313 521 358 vier Sätze. Er lautet:
108 370 1325 418 (I.) „Seine Majeſtät der Kaiſer von Oeſterreich erkennt die
192 426 1253 472 Auflöſung des bisherigen deutſchen Bundes an und
88 482 1323 531 (II.) gibt ſeine Zuſtimmung zu einer neuen Geſtaltung Deutſch-
190 539 1323 586 lands ohne Betheiligung des öſterreichiſchen Kaiſerſtaates.
76 596 1323 644 (III.) Ebenſo verſpricht Seine Majeſtät das engere Bundes-
192 653 1324 700 verhältniß anzuerkennen, welches Seine Majeſtät der König
190 710 1323 756 von Preußen nördlich von der Linie des Mains
191 765 641 811 begründen wird , und
76 820 1325 868 (IV.) erklärt ſich damit einverſtanden, daß die ſüdlich von
194 877 1326 924 dieſer Linie gelegenen deutſchen Staaten in einen Verein
193 934 1325 982 zuſammentreten, deſſen nationale Verbindung mit
194 990 1323 1038 dem norddeutſchen Bunde der näheren Verſtändigung
192 1047 915 1094 zwiſchen beiden vorbehalten bleibt“ .
242 1105 1322 1152 Der Prager Friedensvertrag ſetzt hinzu: und
190 1161 1296 1209 der eine internationale unabhängige Exiſtenz haben wird.
145 1211 1321 1263 Begriff und Name des Norddeutſchen Bundes erſcheint in
52 1272 1319 1320 offiziellen Aktenſtücken zum erſten Male im Nikolsburger Präli-
51 1329 330 1375 minar-Vertrag.
145 1386 1323 1432 Sämmtliche mit Preußen im Kriege befindlich geweſene Staaten
52 1443 1321 1489 traten in den mit ihnen feſtgeſtellten Friedensverträgen dieſen Be-
55 1498 765 1545 ſtimmungen bei. (Siehe oben S. 6).
149 1556 1322 1609 Damit war zunächſt nur die negative Vorausſetzung für
1282 170 1324 202 15
342 162 1031 200 §. 2. Die Gründung des nordd. Bundes.
178 1650 1324 1688 Die Provinzial-Correſpondenz vom 5. Sept. 1866 ſagt: „Mit
54 1697 1323 1739 Recht erkennen erleuchtete deutſche Patrioten vom national-deutſchen, wie vom
54 1744 1324 1782 Preußiſchen Standpunkte in dem Artikel des Friedensvertrages, durch welchen
50 1791 1323 1829 eine neue Geſtaltung Deutſchlands ohne Betheiligung des öſterreichiſchen Kaiſer-
52 1838 1325 1876 ſtaates anerkannt iſt, die höchſte Errungenſchaft, den edelſten Siegespreis der
55 1885 1323 1923 Preußiſchen Waffen.“ Vergl. Herm. Schulze, die Friedensbeſtimmungen in
57 1932 1142 1970 ihrem Verhältniß zur Neugeſtaltung Deutſchlands. Breslau 1866.
176 1979 1322 2016 Vgl. Nikolsb. Fr. Art. V. und Prager Frieden Art. VI. Ver-
57 2025 1325 2064 ſprechen Preußens, den Territorialbeſtand Sachſens zu erhalten. „Dagegen
53 2071 1323 2110 verſpricht S. Majeſtät der Kaiſer von Oeſterreich, die von S. Majeſtät dem
50 2119 1323 2158 Könige von Preußen in Norddeutſchland herzuſtellenden neuen Einrichtungen,
51 2167 1012 2205 einſchließlich der Territorial-Veränderungen, anzuerkennen.“
180 2213 1323 2252 Vergl. über die Bedeutung dieſes 4. Satzes Aegidi, die völkerrechtl.
52 2259 1323 2298 Grundlagen einer neuen Geſtaltung Deutſchlands, in der Zeitſchrift für
52 2306 1322 2345 deutſches Staatsrecht. 1867. S. 522 ff. und Römer Verf. des nordd. Bundes
53 2353 477 2392 (Tübingen 1867) S. 68 ff.
