1600 2544
102 290 1325 336 bezirke . Jedem dieſer Bezirke iſt ein Stabsoffizier als „Land-
103 346 1324 392 wehr-Bezirkskommandeur“ vorgeſetzt, welchem zur Unter-
98 400 1326 447 ſtützung in den Büreaugeſchäften ein „Bezirksadjutant“ beigegeben
97 455 1325 502 iſt. Die letzteren ſind Lieutenants des aktiven Dienſtſtandes, die
98 510 1324 556 auf 2—3 Jahre kommandirt werden; die Regelung dieſer Kom-
96 566 1323 611 mando’s liegt den Generalkommando’s ob. Ausnahmsweiſe wird
97 621 1323 668 einzelnen Bezirkskommando’s ein Militairarzt und ein Zahlmeiſter
97 677 1325 722 zur ſtändigen Unterſtützung beigegeben. Das Unterperſonal der
98 728 1324 779 Bezirkskommando’s beſteht aus einem „Bezirksfeldwebel“ für jeden
97 786 1322 832 Landwehr-Kompagniebezirk, ferner Sergeanten, Unteroffizieren und
97 840 1324 889 Gefreiten, und befindet ſich entweder im Stabsquartiere oder in
93 896 1322 942 den Stationsorten der Kompagnie. Die Zutheilung dieſes Per-
91 950 1322 998 ſonals erfolgt in der Regel durch den Brigade-Kommandeur .
92 1005 1322 1049 Dieſe Perſonen ſind Militairperſonen des aktiven Dienſtſtandes und
91 1061 1321 1107 das Unterperſonal iſt auf die geſetzliche Friedenspräſenzziffer des
90 1115 827 1160 ſtehenden Heeres mit einzurechnen .
180 1171 1332 1216 Für die Landwehr-Kompagniebezirke können Landwehr-Kom-
95 1225 1320 1271 pagnieführer aus der Zahl der Hauptleute oder älteren Lieutenants
93 1281 1322 1326 der Provinzial-Landwehr-Infanterie ernannt werden ; ſie dienen
91 1335 1320 1381 innerhalb ihrer Kompagnie-Bezirke zur Unterſtützung der Bezirks-
88 1391 1321 1436 kommandeure; jedenfalls halten ſie die Kontrolverſammlungen in
87 1445 1320 1491 ihren Kompagniebezirken ab; inwieweit ſie außerdem zum Dienſt
88 1501 1315 1546 in ihren Kompagniebezirken heranzuziehen ſind, beſtimmen die Be-
92 1555 458 1600 zirkskommandeure .
1262 214 1322 244 101
531 209 888 245 §. 84. Die Landwehr.
205 1614 1318 1666 Da in jedes Linien-Infanterie-Bataillon jährlich 190 Rekruten einge-
87 1675 1318 1712 ſtellt werden und ebenſoviele ausgebildete Soldaten zur Entlaſſung kommen,
85 1721 1317 1757 ſo macht dies für die fünf Landwehr-Dienſtjahre 950 Mann, wovon 25 %
87 1767 1319 1804 als Abgang zu ſubtrahiren ſind; es bleiben alſo pro Bataillon circa 700 Mann
85 1813 1318 1850 oder pro Regiment à 3 Bataillone 2100 M., womit 2 Landwehrbataillone in
85 1858 1318 1896 der Kriegsſtärke von 1000 Mann formirt werden können. Die „Reſerve-Land-
86 1904 1318 1941 wehrbataillone“, deren Bezirke die großen Städte ſind, entſprechen in der Regel
83 1949 1317 1988 je einem Regimente. Es ſind die Landwehr-Bataillone 33—40, 73, 80, 86,
86 1996 1317 2051 97—99, 108, 127. Ausnahmsweiſe werden in einzelnen Bezirken bereits im
84 2018 855 2079 Frieden Landwehr-Regiments-Stäbe formirt.
203 2088 1136 2125 Die näheren Anordnungen ſiehe im §. 2 der Landw.-Ordn.
201 2134 1313 2172 Nach dem Etat pro 1879/80 beträgt der geſammte Beſtand an Mann-
83 2180 1268 2217 ſchaften aller Landwehrbezirkskommandos (inclus. Bayern) 4622 Mann.
202 2225 1313 2264 Der Militair-Etat für 1879/80 Kap. 24 Tit. 8 bringt für das Preuß.
87 2272 1315 2309 Heer und die in Preuß. Verwaltung übernommenen Kontingente 883 Land-
88 2317 1058 2356 wehr-Kompagnieführer mit je 360 M. Dienſtzulage in Anſatz.
207 2363 660 2401 Landwehr-Ordn. §. 2 Ziff. 3.
