1600 2544
239 248 1469 307 liegt das Studium und die Pflege aller Zweige der Kriegswiſſen-
237 302 1468 362 ſchaften ob, insbeſondere die fortlaufende Kenntnißnahme der Heeres-
238 358 1467 415 Einrichtungen der fremden Staaten , das Eiſenbahn-Bau- und
238 414 1466 472 Transportweſen, Kriegsgeſchichte, Geographie, Statiſtik, Topo-
236 470 1468 528 graphie. Das Landesvermeſſungsweſen und die Herſtellung von
237 525 1468 583 Landkarten und Plänen iſt in enge organiſche Verbindung mit
236 580 1466 633 dem Generalſtab gebracht . Es werden ferner unter der Lei-
236 637 1466 691 tung des Chefs des großen Generalſtabes jährlich Uebungsreiſen be-
235 690 1157 745 hufs Ausbildung von Truppenführern gemacht .
328 749 1466 798 2. Die Kriegs-Akademie in Berlin. Dieſelbe iſt aus
238 801 1465 857 der im Jahre 1816 gegründeten Kriegsſchule hervorgegangen; ihre
234 857 1466 911 jetzige Organiſation beruht auf dem Erlaß vom 15. Aug. 1856
234 913 1466 967 und der Kab.-Ordre vom 21. Nov. 1872 (A.V.Bl. S. 350) .
235 966 1465 1021 Der Chef des Generalſtabes der Armee hat die Oberaufſicht über
236 1021 1466 1076 die wiſſenſchaftliche Thätigkeit der Anſtalt; in disciplinariſchen,
236 1076 1466 1129 ökonomiſchen und polizeilichen Angelegenheiten ſteht ſie direkt unter
236 1134 1466 1186 dem Allg. Kriegs-Departement (des Kriegsminiſteriums). Die
235 1187 1464 1239 Aufnahme wird nur Offizieren gewährt, welche mindeſtens
234 1243 1466 1294 3 Jahre als ſolche gedient haben, ſich um Aufnahme in die An-
233 1298 1467 1351 ſtalt bewerben und die Eintrittsprüfung beſtanden haben . Der
234 1353 1465 1405 Lehrkurſus umfaßt 3 Jahre , die Kommandirung erfolgt aber
242 168 305 200 122
592 169 1120 213 §. 86. Die Militair-Verwaltung.
234 1435 1465 1480 Bronſart v. Schellendorf der Dienſt des Generalſtabes. 2 Thle.
233 1481 479 1520 Berlin 1875 fg.
354 1528 1373 1570 Dieſem Zwecke ſind 3 Abtheilungen des Generalſtabes gewidmet.
353 1574 1466 1618 Dem „Chef der Landesaufnahme“ im großen Generalſtab iſt die Ge-
231 1618 1465 1664 ſammtleitung aller Abtheilungen, welche das Vermeſſungsweſen betreffen, näm-
232 1666 1465 1709 lich der Trigonometriſchen, Topographiſchen, Kartographiſchen Abtheil. mit dem
232 1711 1464 1752 Photogr. Inſtitut und der Druckerei, ſowie die Plankammer mit dem Karten-
231 1758 1465 1801 debit übertragen; die übrigen Abtheilungen ſtehen direkt unter dem „Chef des
234 1803 653 1840 Generalſtabes der Armee.“
351 1850 1465 1894 Vgl. Beſtimmungen über die jährlichen Uebungsreiſen des Generalſtabes
230 1896 1465 1937 vom 19. Juni 1878 A.V.Bl. S. 139 ff. Vgl. Bayeriſches M.V.Bl. 1878
231 1941 352 1971 S. 303.
351 1991 1465 2032 v. Helldorff I. Th. 3. Abth. S. 65 ff. — Eine kritiſch-hiſtor. Darſtel-
229 2033 1464 2077 lung der Kriegsakademie unter Vergleichung der ähnlichen Einrichtungen an-
229 2082 1464 2121 derer Staaten enthält das Werk: L’Académie de guerre de Berlin. Paris
231 2128 444 2159 1877. 331 S.
352 2174 1463 2217 Ueber dieſe Prüfung vgl. die Kab.Ordres vom 3. Dezemb. 1825 und
229 2221 1464 2263 vom 26. Januar 1826 bei v. Helldorff a. a. O. S. 69 ff. Dieſe Beſtimmun-
230 2265 1177 2303 gen ſind aber abgeändert durch die V. vom 11. Nov. 1875.
350 2312 1463 2354 Der Lehrplan und die wiſſenſchaftl. Aufgaben der Kriegs-Akademie
