1600 2580
75 292 1328 343 verbindliche Kraft, wenn ſie nicht ſelbſt einen anderen Anfangs-
76 352 632 396 termin derſelben beſtimmen .
172 405 1329 453 4) Auf Willensacte des Reiches, welche in der Form des
81 460 1332 509 Reichsgeſetzes erklärt werden, die aber keine Rechtsſätze enthalten,
81 515 1334 564 iſt die Vorſchrift über den Anfang ihrer verbindlichen Kraft nicht
83 571 1332 618 anwendbar. Denn zum „Wege der Geſezgebung“ oder zur „Ge-
82 628 1336 677 ſetzes-Form“ gehört dieſe Vorſchrift nicht; ſie ſetzt vielmehr ein
83 683 1335 731 Geſetz im materiellen Sinne voraus. Auch der Natur der Sache
82 738 1336 787 nach läßt ſich dieſelbe auf Willenserklärungen, die nur formell
82 795 1335 842 oder ſcheinbar Geſetze ſind, nicht übertragen. Es gilt dies na-
84 850 1335 898 mentlich von dem wichtigſten hierher gehörenden Falle, dem Reichs-
82 906 1336 952 haushalts-Etat; die verbindliche Kraft deſſelben von dem 14ten Tage
84 960 1338 1009 nach Ausgabe des Stückes des Reichsgeſetzblattes, in welchem er
84 1017 944 1064 publizirt iſt, zu datiren, hätte keinen Sinn .
178 1072 1338 1118 Von dieſem Geſichtspunkte aus iſt auch eine Frage zu ent-
86 1128 1341 1175 ſcheiden, welche bereits wiederholt praktiſche Bedeutung erlangt
86 1183 1339 1230 hat. Wenn nämlich ein Reichsgeſetz die Beſtimmung enthält, daß
89 1238 1341 1286 der Zeitpunkt, mit welchem es in Kraft tritt, durch Kaiſerliche
91 1294 1337 1340 Verordnung beſtimmt werden ſoll, ſo müßte, wenn man den Art. 2
92 1348 1341 1395 der R.-V. auf alle Geſetze in formellen Sinne für anwendbar er-
94 1404 1341 1452 achtet, erſt eine Friſt von 14 Tagen ſeit dem Tage der Verkündi-
94 1459 1342 1507 gung verſtreichen, bevor dieſe Kaiſerliche Verordnung erlaſſen
92 1514 1343 1562 werden kann, da ja die im Geſetz ertheilte Ermächtigung ſelbſt
92 1572 1343 1618 erſt mit dieſem Zeitpunkt in Kraft treten würde. In mehreren
93 1628 1342 1675 Fällen iſt jedoch dieſe Friſt nicht innegehalten worden  und es
1262 183 1326 236 105
370 187 1026 240 §. 60. Die Wirkungen der Reichsgeſetze.
216 1719 1344 1759 Dagegen kann die 14tägige Friſt auf ſolche Geſetze, welche ſich ſelbſt
95 1764 1344 1805 als Declaration eines früheren Reichsgeſetzes bezeichnen, wie z. B. das Geſetz
95 1812 1346 1851 v. 19. Mai 1871 (R.-G.-Bl. S. 101), wohl nicht Anwendung finden, da in
94 1856 1346 1899 dieſen Fällen das Geſetz ſelbſt erklärt, daß es einen neuen Rechtsſatz nicht
94 1903 1346 1946 einführen, ſodernſondern einen bereits beſtehenden nur deutlicher und zweifel-
93 1954 461 1993 loſer ausſprechen wolle.
217 1995 1347 2037 Das Gleiche gilt von Geſetzen, welche den Reichskanzler zum Ankauf
96 2042 1346 2084 von Grundſtücken, zur Gewährung von Unterſtützungen, zur Aufnahme von
96 2089 1344 2133 Anleihen u. ſ. w. ermächtigen, oder die ein Etats-Geſetz nachträglich abändern.
218 2134 1347 2180 Das Geſetz vom 23. Oct. 1867 iſt am 6. Novomber verkündigt. Die
98 2182 1348 2229 gleichzeitig verkündigte Verordnung des Bundespräſidiums iſt vom 2. Nov.
98 2228 1349 2272 datirt und ſetzt den Beginn der Geltung jenes Geſetzes auf den 15. November
100 2273 1349 2320 feſt. (B.-G.-Bl. 1867 S. 53. 54.) — Das Geſ. v. 1. Juni 1870 iſt am 16.
100 2320 1348 2365 Juni verkündigt; die Präſidial-Verordnung iſt ebenfalls vom 1. Juni 1870
101 2366 1349 2409 datirt und in demſelben Stück des Geſetzblattes wie das Geſetz verkündigt.
