1600 2544
186 259 1325 310 Zum Zwecke der Hilfsleiſtung, insbeſondere zur Ausführung
93 316 1323 363 der von den Aerzten angeordneten niederen chirurgiſchen Verrich-
93 364 1322 417 tungen werden Lazareth-Gehilfen ausgebildet, welche aus
93 425 1319 474 den Verpflegungs-Etats der Truppentheile ihre Bezüge erhalten .
180 479 1319 527 Im Falle der Mobilmachung werden für jedes Armeekorps
92 536 1317 584 drei Sanitäts-Detachements formirt, die zu dem Train-
91 591 1320 638 bataillon gehören. Je eins derſelben iſt den beiden Infanterie-
94 647 1320 694 Diviſionen, das dritte der Korps-Artillerie zuzutheilen. Jedes
94 701 1318 750 Detachement iſt ſo eingerichtet, daß es in zwei ſelbſtſtändigen Sek-
92 755 1320 804 tionen verwendbar iſt. Die den Diviſionen zugetheilten Detache-
92 812 1320 859 ments folgen den Truppen unmittelbar in’s Gefecht und ſtehen
91 867 926 913 zur Verfügung des Diviſionskommandeurs .
178 921 694 966 2. Das Lazarethweſen.
175 978 1315 1024 a) Die Friedenslazarethe. Garniſonlazarethe ſind
89 1032 1320 1078 einzurichten in allen Garniſonorten (und in Orten mit bleibendem
88 1089 1318 1133 Kommando), in denen die Truppentheile die Stärke einer Kom-
87 1143 1318 1191 pagnie oder Eskadron und darüber haben, und in Feſtungen. Auch
90 1199 1317 1246 können für einzelne Truppentheile der Garniſon ſogen. Spezial-
88 1254 1317 1300 Lazarethe und in Fällen eines vorübergehend geſteigerten Bedürf-
87 1309 1319 1356 niſſes Hülfslazarethe reſp. Kantonnements-Lazarethe eingerichtet
86 1364 1319 1410 werden. Die einzelnen Friedenslazarethe ſtehen zwar unter einer
87 1418 1319 1463 einheitlichen Verwaltung, die aber einerſeits den Intendanturen
84 1474 1319 1520 und dem Militair-Oekonomie-Departement und andererſeits den
86 1528 1316 1578 Generalärzten und der Militair-Medizinal-Abtheilung (General-
85 1584 1318 1631 Stabsarzt) untergeordnet iſt. Von den Intendanturen reſſortirt
77 1641 1317 1688 die adminiſtrative und ökonomiſche Partie, die Anſtellung des Ver-
82 1696 1315 1744 waltungs-Perſonals, die Anſchaffung und Erhaltung der Gebäude
1262 186 1325 217 117
447 177 974 215 §. 86. Die Militair-Verwaltung.
209 1808 1318 1845 In der Regel ein Mann per Kompagnie oder Eskadron. Sie zerfallen
81 1853 1316 1892 in 3 Klaſſen, a) Unter-Lazareth-Gehilfen, welche zu den Gefreiten, b) Lazareth-
81 1899 1315 1938 Gehilfen, welche zu den Unteroffizieren, und c) Ober-Lazareth-Gehilfen, welche
81 1945 1317 1983 zu den Sergeanten gerechnet werden. Die näheren Beſtimmungen enthält die
86 1990 959 2029 Kab.O. vom 11. Januar 1866 (bei Frölich a. a. O.).
206 2036 1172 2075 Kriegs-Sanitäts-Ordn. v. 10. Januar 1878 §. 7. 34.
203 2083 1317 2122 Reglement f. die Friedens-Lazarethe der Preuß. Armee vom 5. Juli
84 2129 1316 2168 1852 und Kab.Ordre vom 24. Okt. 1872 betreffend die Einführung von Chef-
83 2175 1316 2213 Aerzten ꝛc. (bei v. Helldorff Dienſtvorſchriften. IV. Th. 3. Abth. Berlin
90 2220 1314 2258 1877). In Württemberg eingeführt durch Erlaß vom 28. Nov. 1872. (Württemb.
86 2267 1315 2305 M.V.Bl. S. 393.) In Bayern Regl. für die Friedens-Lazarethe v. 27. Nov.
90 2311 696 2349 1877. (Bayr. M.V.Bl. 1878 S. 134.)
