1600 2527
380 236 1514 287 Auch hinſichtlich derjenigen bürgerlichen Rechtsſtreitigkeiten,
289 291 1516 344 welche zwar den ordentlichen Gerichten zugewieſen ſind, für welche
289 346 1513 394 aber ein beſonderes d. h. von den Vorſchriften der Civilprozeß-
288 401 1518 453 Ordnung abweichendes Verfahren geſtattet iſt (Aufgebotsſachen,
290 456 1518 508 erbſchaftl. Liquidationsverfahren und Streitigkeiten, welche eine
289 511 1521 564 Zwangsenteignung betreffen), iſt den Einzelſtaaten eine beſchränkte
290 566 1520 617 Autonomie zugeſtanden, indem ſie im Wege der Landesgeſetzgebung
290 620 1518 674 die Zuſtändigkeit der ordentlichen Landesgerichte nach anderen als
290 677 1520 727 den durch das Gerichtsverfaſſungsgeſetz vorgeſchriebenen Normen
290 737 656 781 beſtimmen dürfen .
382 786 1521 833 III. Aus den vorſtehenden Erörterungen ergibt ſich, in wie-
292 840 1522 892 weit die Einzelſtaaten befugt ſind, im Wege der Landesgeſetzgebung
293 896 1523 949 die Zuſtändigkeit der ordentlichen Gerichte und damit zugleich den
292 949 1521 1004 Umfang der ordentlichen ſtreitigen Gerichtsbarkeit zu beſtimmen.
294 1006 1522 1058 Gänzlich ausgeſchloſſen iſt aber ein Eingriff in die geſetzlich nor-
293 1060 1524 1114 mirte Zuſtändigkeit der Gerichte für einen oder mehrere einzelne
295 1115 1526 1168 Fälle, ſowohl im Wege der Autonomie als auch im
296 1169 1525 1223 Wege der Verwaltung . „Ausnahmegerichte ſind unſtatt-
293 1225 1523 1279 haft. Niemand darf ſeinem geſetzlichen Richter entzogen werden .“
388 1280 1525 1333 1. Zur Sicherung dieſes Verbotes hat das Reich den Grund-
295 1335 1525 1388 ſatz ſanctionirt, daß die Gerichte über die Zuläſſigkeit des
296 1390 1526 1443 Rechtswegs entſcheiden. Auch dieſes Prinzip hat aber eine weit-
296 1445 1527 1497 reichende Einſchränkung erfahren, indem die Einzelſtaaten ermäch-
296 1500 1525 1553 tigt worden ſind, beſondere Behörden einzuſetzen, um Streitig-
297 1556 1531 1607 keiten zwiſchen den Gerichten und den Verwaltungsbehörden oder
300 1614 1529 1662 Verwaltungsgerichten über die Zuläſſigkeit des Rechtsweges zu ent-
298 1665 1529 1717 ſcheiden. Für die Ausübung dieſer Befugniß ſind den Einzelſtaaten
299 1719 1529 1771 jedoch vom Reich Normativ-Vorſchriften ertheilt worden, durch welche
300 1775 1529 1826 den zur Entſcheidung der Kompetenzconflicte eingeſetzten Behörden
521 156 1270 197 §. 97. Die ordentliche ſtreitige Gerichtsbarkeit.
287 164 331 199 34
425 1869 1088 1908 Einf.Geſ. z. Gerichtsverf.Geſ. §. 3 Abſ. 3.
426 1916 975 1954 Vgl. Motive S. 54 (Hahn S. 64).
426 1958 1536 2000 Gerichtsverf.Geſ. §. 16. Nur die Kriegsgerichte und Standrechte ſind
303 2006 1534 2047 davon ausgenommen; ihre Errichtung ſetzt jedoch die Verhängung
304 2050 1536 2091 des Belagerungszuſtandes voraus. Vgl. Bd. III. 1. S. 45. Hinſichtl.
305 2095 1535 2139 Bayerns vgl. die Verhandlungen der Reichstags-Kommiſſion I. Leſ. S. 142 ff.
305 2141 1532 2184 (Hahn S. 422 ff.) — Eine Anomalie war das in Elſaß-Lothringen durch V.
305 2188 1532 2229 des Generalgouvernem. v. 19. Dez. 1870 eingeführte ſtändige Kriegsgericht;
306 2234 1533 2275 es iſt aufgehoben worden durch Geſetz v. 24. Januar 1881. (Geſ.Bl. f. Elſ.-
306 2285 512 2323 Lothr. S. 1.)
