1600 2610
355 187 1405 225 §. 13. Begriff u. ſtaatsrechtliche Natur der Reichsangehörigkeit.
243 279 1513 327 und Waitz ſelbſt erklärt S. 200: „Die Angehörigen eines Bun-
244 336 1516 384 desſtaates bilden Ein Volk, das eine doppelte ſtaatliche Organiſation
244 391 1514 440 empfangen hat; an der einen nehmen ſie Theil, in welchem Ein-
242 447 1515 496 zelſtaat ſie auch wohnen; denn nicht durch dieſen, ſondern
242 505 1513 554 unabhängig von demſelben, ſind ſie Bürger des
243 562 674 606 Geſammtſtaates.“
337 611 1515 668 Dieſe Anſchauung iſt mit der Theorie vom Bundesſtaat zu
240 675 1514 724 faſt allgemeiner Herrſchaft gelangt und die überwiegende Mehrzahl
240 731 1514 778 aller Schriftſteller über das Recht des Nordd. Bundes und des
241 787 1513 835 Deutſchen Reiches iſt nicht nur darüber vollkommen einverſtanden,
240 842 1512 893 daß es neben dem Staatsbürgerrecht ein davon begrifflich verſchie-
239 898 1514 947 denes Reichsbürgerrecht oder Reichs-Indigenat giebt, ſondern ſie
238 955 1511 1004 begründet auch gerade damit ihre Charakteriſtik des Reiches als
237 1011 671 1059 eines Bundesſtaates .
333 1067 1511 1117 Sowie aber an der Verfaſſung des deutſchen Reichs die bis-
237 1124 1510 1174 herige Theorie vom Weſen des Bundesſtaates überhaupt Schiffbruch
237 1181 1509 1229 leidet, ſo auch insbeſondere in Beziehung auf das Reichs- und
238 1236 1509 1285 Staatsbürgerrecht. Jeder Verſuch, den Inhalt dieſer beiden Bür-
238 1294 1511 1342 gerrechte gegeneinander abzugränzen, erweiſt ſich ſofort und nach
239 1345 1513 1398 allen Richtungen hin als unmöglich; es giebt nicht zwei Sphären
237 1405 1511 1454 hinſichtlich des ſtaatlichen Lebens, von denen die eine durch das
237 1461 1510 1511 Reichsbürgerthum, die andere durch das Landesbürgerthum aus-
235 1519 1510 1567 gefüllt würde. Auf welches Gebiet ſtaatlichen Lebens man auch
235 1575 1510 1622 den Blick richtet, faſt nirgends kann man beſtimmen, wo der Ein-
235 1631 1511 1679 zelne Staatsbürger wo er Reichsbürger iſt; in der Regel iſt er
235 1687 516 1734 beides zugleich.
330 1745 1511 1792 In das entgegengeſetzte Extrem verfällt Seydel. Er leugnet
236 1801 1509 1849 ganz das Vorhandenſein eines Reichsbürgerrechts; in conſequenter
236 1856 1509 1905 Durchführung ſeiner Grundanſchauung, daß das Reich ein Staaten-
234 1913 1508 1962 bund ſei, nimmt er nur das einfache Unterthanenverhältniß dem
235 1971 1508 2019 eigenen Staate gegenüber an. „Indem der Einzelne der Bundes-
237 2028 1506 2075 gewalt gehorcht, gehorcht er ihr als der von ſeinem Staate be-
233 2083 1508 2132 ſtellten Gewalt, er gehorcht ſeiner eigenen Staatsgewalt.“ (S. 43.)
249 190 313 222 132
234 2187 1510 2228 desſtaate jeder Bürger mit Nothwendigkeit ein doppeltes Indigenat, wie
232 2234 1510 2274 ſich ſein ganzes politiſches Leben in einer zweifachen Sphäre, der des
231 2281 1051 2321 Centralſtaates und der des Einzelſtaates, bewegt.“
357 2329 1509 2367 Vgl. z. B. Schulze Einleitung in das d. Staatsr. S. 432. 443. v.
234 2374 1458 2415 Gerber Grundz. S. 240. v. Rönne Verf. des Deutſch. Reichs S. 32.
