1600 2544
179 250 1421 296 zuhebenden Rekruten an die Truppen des Reichsheeres iſt das
177 303 1421 349 militairiſche Bedürfniß beſtimmend ; da über dieſes Be-
180 359 1421 406 dürfniß aber der Kaiſer reſp. die Militairkommandobehörde zu ent-
179 413 1423 461 ſcheiden hat, ſo folgt, daß die aus einem Aushebungsbezirk oder
180 467 1423 514 Staatsgebiet geſtellten Rekruten nach Anordnung des Kaiſers in
178 523 1423 571 jeden beliebigen Truppenkörper des ganzen Reichsheeres eingeſtellt
183 577 1422 625 werden können, ohne daß der Regierung des Einzelſtaates ein
183 632 1420 681 Widerſpruchsrecht zuſteht. An dieſem Rechtsſatz wird auch dadurch
185 686 1421 734 nichts geändert, daß thatſächlich die meiſten Truppenkörper, insbe-
181 741 1422 790 ſondere die Linien-Infanterie-Regimenter, beſtimmte Rekrutirungs-
181 795 1421 845 bezirke haben. Der erwähnte Rechtsſatz kann in doppelter Richtung
181 850 1421 899 wirkſam werden; es können ſowohl in das Kontingent des einzel-
180 905 1420 954 nen Staates die in andern Staaten ausgehobenen Rekruten einge-
182 960 1421 1009 ſtellt als auch die im eigenen Staatsgebiet zur Aushebung ge-
183 1015 1422 1062 langten Rekruten zur Kompletirung anderer Kontingente verwendet
183 1069 1421 1115 werden. Für eine große Zahl von Staaten iſt aber die Anwen-
184 1125 1423 1173 dung dieſes Grundſatzes ausgeſchloſſen oder beſchränkt und zwar
184 1180 552 1225 in folgender Weiſe:
277 1235 1422 1281 a) Verfaſſungsmäßig iſt der Grundſatz gänzlich aus-
186 1290 1421 1336 geſchloſſen für Bayern und zwar durch den Zuſatz, welchen Art.
184 1344 1421 1391 58 der R.V. in dem Vertrage v. 23. Nov. 1870 erhalten hat,
183 1397 1418 1446 wonach Bayern die Laſten ſeines Kriegsweſens ausſchließlich
181 1453 1456 1500 und allein trägt und durch den Ausſchluß des militairiſchen
183 1507 1422 1554 Oberbefehls u. ſ. w. des Kaiſers über die Bayeriſche Armee im
185 1562 1421 1607 Frieden. In das Bayriſche Kontingent können daher weder die in
183 1617 1421 1664 andern Bundesſtaaten ausgehobenen Rekruten eingereiht werden,
185 1672 1423 1719 noch kann der in Bayern geſtellte Erſatz für andere Kontingente in
258 168 1366 207 §. 80. Die Gemeinſchaft d. Laſten u. Ausgaben f. d. bewaffnete Macht.
182 170 225 202 54
190 1781 1424 1821 zur Erfüllung der Militairpflicht in demjenigen Bundesſtaat reſp. Aushebungs-
187 1826 1424 1866 bezirke herangezogen werde, in welchem er ſeinen Wohnſitz hat (Wehr-
191 1872 1423 1911 geſetz §. 17 Milit.Geſ. §. 12. Siehe unten §. 88), ein Recht, das ihn freilich
183 1917 1425 1957 nicht davor ſchützt, nach erfolgter Einreihung in das Heer in einen beliebigen
186 1963 1424 2003 Theil des Reichsgebiets geſchickt zu werden; dieſes Recht des einzelnen Wehr-
184 2009 1423 2049 pflichtigen iſt aber nicht zu verwechſeln mit dem Anſpruch der einzelnen Staaten,
185 2056 1423 2094 die von ihnen geſtellten Rekruten zur Kompletirung ihrer eigenen Kontingente
186 2102 407 2138 zu verwenden.
310 2148 1420 2185 Mil.Geſ. §. 9 Abſ. 4. Durch die Aufnahme dieſer Anordnung in den
186 2192 1420 2232 §. 9 iſt das Verſtändniß ſehr erſchwert worden, da dieſer Geſetzesparagraph
187 2238 1423 2277 ſehr heterogene Dinge zuſammenfaßt. Vgl. die Erläuterungen, welche Seydel
188 2283 893 2321 in Hirth’s Annalen 1875 S. 1454 fg. giebt.
