1600 2527
92 288 1319 342 dieſer Art käme im praktiſchen Reſultat auf eine theilweiſe oder
91 343 1317 394 eventuelle Juſtizverweigerung hinaus und widerſpräche ſowohl dem
90 397 1315 454 allgemeinen Rechtsbewußtſein des Volkes als auch der ausdrück-
92 454 1319 508 lichen Vorſchrift der Reichsverfaſſung . Deſſenungeachtet hat auch
90 508 1319 561 in dieſer Beziehung die Reichsgeſetzgebung eine Ausnahme gedul-
92 563 1318 616 det. Sie hat die landesgeſetzlichen Vorſchriften unberührt gelaſſen,
92 618 1319 673 durch welche die ſtrafrechtliche oder civilrechtliche Verfolgung öffent-
90 675 1320 728 licher Beamten wegen der in Ausübung oder in Veranlaſſung der
93 729 1321 782 Ausübung ihres Amtes vorgenommenen Handlungen — entweder
93 784 1320 837 im Falle des Verlangens einer vorgeſetzten Behörde oder unbe-
95 840 1321 893 bedingt — an die Vorentſcheidung einer beſonderen
95 894 1321 946 Behörde gebunden iſt . Durch dieſe „Vorentſcheidung“ iſt
94 949 1320 1001 feſtzuſtellen, ob der Beamte ſich einer Ueberſchreitung ſeiner Amts-
92 1005 1321 1056 befugniſſe oder der Unterlaſſung einer ihm obliegenden Amtshand-
92 1061 1321 1111 lung ſchuldig gemacht habe. Fällt dieſe Vorentſcheidung im ver-
92 1114 1321 1164 neinenden Sinne aus, ſo iſt die Beſchreitung des Rechtsweges ſo-
93 1170 1322 1222 wohl im civilprozeſſualiſchen als im ſtrafprozeſſualiſchen Verfahren
93 1224 1321 1276 abgeſchnitten; fällt die Vorentſcheidung bejahend aus, ſo hat dies
92 1278 1323 1330 keine weitere Wirkung, als daß eine Vorbedingung für die Eröff-
92 1334 1322 1386 nung des Prozeſſes erfüllt iſt; für das in dieſem Prozeſſe urthei-
92 1390 1322 1439 lende Gericht iſt jene Vorentſcheidung nicht bindend. Um jedoch
94 1445 1323 1496 eine Bürgſchaft zu geben, daß die Vorentſcheidung nicht nach Will-
96 1501 1324 1551 kühr gefällt und zur Verſagung des Rechtsweges mißbraucht werde,
94 1556 1324 1606 hat das Reichsgeſetz die Vorſchrift ertheilt, daß in den Bundes-
96 1611 1325 1660 ſtaaten, in welchen ein oberſter Verwaltungsgerichtshof beſteht, die
94 1665 1324 1716 Vorentſcheidung dieſem, in den anderen Bundesſtaaten dem Reichs-
93 1721 1325 1772 gerichte zuſteht . Die Kompetenz des Reichsgerichtes iſt in die-
91 1775 1326 1825 ſem Falle daher eine ſubſidiäre, nur in Ermangelung eines Ver-
331 207 1072 248 §. 97. Die ordentliche ſtreitige Gerichtsbarkeit.
1271 205 1314 239 37
91 1875 1325 1919 lich eine Folge des Dienſt-Aufſichtsrechts. Die Fortdauer der hierüber beſtehen-
91 1924 1081 1964 den Rechtsvorſchriften iſt anerkannt in der Civilproz.O. §. 50.
215 1975 522 2010 Reichsverf. Art. 77.
217 2014 1328 2057 Einführungsgeſ. z. Gerichtsverf.Geſ. §. 11 Abſ. 2. Vgl. hierzu Hauſer
101 2063 1027 2103 a. a. O. S. 129 ff. u. Löwe, Strafprozeßordn. S. 14 ff.
210 2107 1329 2149 Einf.Geſ. z. Gerichtsverf.Geſ. §. 11 Ziff. 2. Die Vorſchriften des
94 2153 1330 2196 §. 11 cit. beruhen auf einem Kompromiß. In zweiter Leſung hat der Reichs-
94 2199 1330 2241 tag noch auf der Forderung beharrt, daß die civil- und ſtrafrechtl. Verfolgung
97 2244 1331 2287 der Beamten wegen Verletzung der Amtspflichten an keinerlei erſchwerende
100 2290 1331 2333 Vorausſetzungen geknüpft werde. Vgl. Stenogr. Berichte 1876 S. 373 ff. (Hahn
94 2341 249 2378 S. 1447.)
