1600 2527
294 247 1524 295 waltungsgerichtshofes begründete; wenn dieſe Vorausſetzung aber
294 303 1523 348 gegeben iſt, ſo tritt die Kompetenz des Reichsgerichts kraft Ge-
292 357 1523 403 ſetzes ein, ohne daß es einer beſonderen kaiſerl. Verordnung be-
293 413 1525 459 darf, durch welche die Vorentſcheidung dem Reichsgericht zugewieſen
292 469 424 512 wird .
385 523 1522 568 Dieſe Zuſtändigkeit des Reichsgerichts iſt nur in Elſaß-
294 577 1522 623 Lothringen und Mecklenburg begründet, da in dieſen Staaten die
292 632 1524 680 Vorentſcheidung im Falle des Verlangens der vorgeſetzten Behörde
296 687 1524 734 erforderlich iſt , oberſte Verwaltungsgerichtshöfe dagegen nicht
290 741 440 784 beſtehen.
383 796 1522 842 IV. Hinſichtlich der Frage, welche Perſonen der ordent-
291 851 1522 898 lichen ſtreitigen Gerichtsbarkeit unterworfen ſind, muß man zwiſchen
291 906 1521 952 dem prozeſſualiſchen und dem ſtaatsrechtlichen Ge-
291 961 1522 1008 ſichtspunkt unterſcheiden. In der erſteren Beziehung handelt es
295 1017 1521 1063 ſich um den ſogenannten Gerichtsſtand d. h. um die Zuſtän-
291 1072 1520 1117 digkeit eines oder mehrerer beſtimmter Gerichte in einer concreten
295 1128 1523 1172 Prozeßſache, gleichſam um die Lokaliſirung und Vertheilung der
293 1182 1524 1228 Gerichtsbarkeit nach Rückſichten der Zweckmäßigkeit und Billigkeit
292 1236 1521 1281 auf die einzelnen Gerichte. Die Gerichtsbarkeit an ſich muß über
291 1291 1520 1337 Jemanden begründet ſein, ehe die Frage aufgeworfen werden kann,
291 1345 1519 1391 durch welche Gerichtsbehörde ſie verwirklicht wird. Mittelbar kön-
290 1400 1519 1447 nen aber die Vorſchriften der Prozeßordnungen über den Gerichts-
291 1454 1522 1502 ſtand zur Begränzung der Gerichtsbarkeit dienen; denn inſofern
291 1510 1520 1556 nach dieſen Vorſchriften kein einzelnes Gericht im concreten Falle
292 1565 1519 1612 eine Zuſtändigkeit hat, iſt die Gerichtsbarkeit ſelbſt ausgeſchloſſen.
291 1620 1520 1666 Daher kömmt den Regeln über den Gerichtsſtand mittelbar aller-
292 1675 1519 1722 dings eine ſtaatsrechtliche Bedeutung zu; insbeſondere auch eine
291 1730 1520 1776 internationale; denn ſie begränzen zugleich die inländiſche Gerichts-
291 1783 1520 1829 barkeit gegen die Gerichtsbarkeit der anderen Staaten. Dieſes
293 1838 1520 1885 mittelbare Intereſſe des Staatsrechts bietet aber keine ausreichende
292 1893 1521 1941 Rechtfertigung, um an dieſer Stelle näher auf die complicirte
535 165 1282 201 §. 97. Die ordentliche ſtreitige Gerichtsbarkeit.
294 168 337 201 38
415 2002 1519 2053 Aus demſelben Grunde hört aber auch die Zuſtändigkeit des Reichsge-
290 2059 1518 2099 richts ipso jure auf, wenn in dem betreffenden Staate nachträglich ein Ver-
289 2105 823 2143 waltungsgerichtshof errichtet wird.
413 2151 1521 2191 Elſ.Lothr. Geſ. v. 4. Nov. 1878 §. 11. (Geſetzbl. f. Elſ.Lothr. S. 67),
290 2197 1521 2237 Mecklenb. Schwerin’ſche Verordn. v. 5. Mai 1879 (Reg.Bl. S. 101) und Meck-
290 2243 1520 2284 lenb.Strelitz’ſche Verordn. vom gleichen Tage. (Offiz. Anzeiger S. 137). Vgl.
289 2285 828 2327 Löwe Note 3 u. 7 zu §. 11 cit.
