1600 2544
101 228 1336 286 tracht kommenden Kontingente die Anweiſung der einzelnen Garni-
100 289 771 341 ſonen von dem Kaiſer verfügt wird.
193 339 1336 394 b) Mehreren dieſer Staaten iſt ferner zugeſichert worden, daß
108 391 1338 450 ohne beſondere militairiſche oder politiſche Intereſſen Truppen
108 448 1340 500 anderer Kontingente in ihren Gebieten nicht Garniſon erhalten
108 502 1338 558 werden, nämlich Sachſen, Württemberg, Heſſen, Baden und Olden-
108 570 235 615 burg .
198 613 1339 670 c) Anderen Staaten iſt dagegen wieder das Verſprechen ge-
112 668 1342 724 geben worden, das ſie an beſtimmten in ihrem Gebiete gelegenen
111 721 1341 775 Orten eine fremde und zwar Preußiſche Garniſon erhalten werden .
201 777 1338 827 Eine mittelbare Beſchränkung des kaiſerl. Dislokations-
110 831 1342 887 rechts ergiebt ſich außerdem, ſoweit die vorhandenen Kaſernen
112 885 1343 943 zur Unterbringung der Truppen nicht ausreichen, dadurch, daß die
113 939 1342 998 Herſtellung neuer Kaſernen an die Bewilligung der dafür erfor-
112 996 1344 1050 derlichen Mittel im Etatsgeſetz, die Einquartirung aber an die im
114 1049 1343 1108 §. 6 des Quartierleiſtungsgeſetzes gezogenen Schranken gebunden iſt .
205 1105 1346 1160 6) Endlich hat der Kaiſer das Recht, die kriegsbereite
114 1160 1386 1214 Aufſtellung eines jeden Theiles des Reichsheeres anzuordnen
113 1213 1344 1267 und die Reſerve, Landwehr und Seewehr zu den Fahnen einzube-
113 1268 1347 1324 rufen . Zur Sicherung der prompten Ausführung eines ſolchen
116 1323 1345 1379 Befehls ſind alle bereits im Frieden zur ſchleunigen Ueberführung
116 1378 1347 1434 des Heeres auf den Kriegsfuß erforderlichen Vorbereitungen nach
116 1436 937 1487 den Beſtimmungen des Kaiſers zu treffen .
210 146 1217 193 §. 79. Der Oberbefehl über die bewaffnete Macht des Reiches.
1296 148 1335 179 39
238 1533 1350 1575 Milit.-Konventionen mit Sachſen Art. 5 (vorbehaltlich der vorüber-
117 1579 1349 1629 gehenden, inzwiſchen aufgehobenen Beſetzung einzelner befeſtigter Plätze mit
116 1624 1351 1673 Preuß. Truppen). Württemberg Art. 6 (ausgenommen Ulm); Heſſen
117 1672 1351 1717 Art. 6 (ausgenommen Mainz Art. 22); Baden Art. 4 (ausgenommen
119 1715 1352 1765 Raſtatt); Oldenburg Art. 4 Abſ. 2 (mit Ausnahme der Stadt Bir-
118 1774 287 1810 kenfeld).
235 1807 1353 1852 Konvent. mit Schwarzb.-Sondershauſen Art. 2. Lippe-
119 1852 1352 1897 Detmold Art. 2. Schaumburg-Lippe Art. 2. Lübeck Art. 2. 3.
121 1898 1352 1948 Hamburg Art. 2 u. 3. Bremen Art. 3. 4. Waldeck (von 1877) Art. 2.
241 1945 1354 1991 Vgl. unten §. 93 I. Baden iſt überdies in dem Schlußprotok. zur
120 1990 1351 2036 Milit.-Konvent. Ziff. 5 Abſ. 2 die Zuſicherung ertheilt worden, daß nach Orten,
119 2037 1354 2083 in denen die erforderlichen Kaſernen-Einrichtungen nicht vorhanden ſind, nur
121 2084 1250 2131 aus beſonders dringenden Gründen eine Garniſon verlegt werden wird.
241 2133 957 2173 R.V. Art. 63 Abſ. 4. Wehrgeſ. §. 8 Abſ. 1.
243 2175 1354 2219 Militairgeſ. §. 6 Abſ. 1. Die Militair-Konvent. mit Sachſen Art. 9
121 2219 1355 2265 und mit Württemberg Art. 14 betreffen zwar dieſes Recht des Kaiſers, ohne
122 2272 740 2313 daſſelbe aber irgend wie einzuſchränken.
