1600 2544
547 204 1180 245 §. 82. Die Feſtungen und Kriegshäfen.
249 282 1478 339 „eintretenden Falls mit dem König von Württemberg vorher in
250 337 759 385 Vernehmen ſetzen werde“ .
343 395 1473 449 2. Soweit nun das Recht des Reiches zur Anlage neuer oder
249 448 1475 508 zur Erweiterung und Verſtärkung bereits vorhandener Feſtungen
247 502 1474 562 reicht, ſtehen demſelben auch die dazu nothwendigen Mittel zu Ge-
246 556 1473 616 bote, insbeſondere das Recht der Expropriation  und das
248 613 1473 672 Recht der Rayonbeſchränkungen . Ueberdies aber muß als
245 666 1475 727 ſelbſtverſtändliche Folge dieſes Rechtes erachtet werden, daß den
247 722 1473 782 Einzelſtaaten jede Ausübung der Landeshoheit unterſagt iſt, welche
245 776 1473 830 die Vertheidigungsfähigkeit der Feſtungen mittelbar oder unmittel-
246 830 1473 891 bar beeinträchtigen könnte, insbeſondere Veränderungen der Waſſer-
242 886 1473 945 läufe oder die Anlage von Eiſenbahnen, Kanälen u. dgl. in der
244 942 1469 1002 Nähe der Feſtungen, wenngleich außerhalb der Rayongränzen.
244 998 1470 1058 Aus demſelben Grunde iſt es als ſelbſtverſtändlich zu erachten,
241 1053 1468 1112 daß die Einzelſtaaten nicht befugt ſind, ihrerſeits Feſtungen anzu-
241 1108 1470 1165 legen, ſelbſt wenn ſie die Koſten aus eigenen Mitteln beſtreiten
240 1164 1467 1221 wollten, da alle Feſtungen ein einheitliches Vertheidigungsſyſtem
237 1218 1468 1275 bilden. Das Vorhandenſein einer Feſtung kann in großem Maße
237 1273 1466 1329 die Fürſorge für Handel und Verkehr u. dgl. hindern oder er-
239 1327 1466 1385 ſchweren. Andererſeits iſt dem Reiche geſetzlich die Pflicht aufer-
240 1380 1467 1442 legt, daß wofern ſich in den Reichsfeſtungen die für den öffentlichen
241 1439 1465 1496 Verkehr beſtimmten Thore und Thorbrücken im Laufe der Zeit als
239 1495 1466 1549 unzulänglich für dieſen Verkehr erweiſen, auf Antrag der Gemein-
239 1549 1465 1606 den dieſe Thore und Thorbrücken, ſoweit ein fortifikatoriſches
237 1605 1467 1659 Intereſſe nicht entgegenſteht, auf Koſten des Reiches erweitert
238 1661 1464 1716 werden. Die Entſcheidung hierüber wird in letzter Inſtanz durch
238 1715 1463 1769 die vereinigten Ausſchüſſe des Bundesrathes für Handel und Ver-
236 1770 1464 1826 kehr und für das Landheer und die Feſtungen getroffen . Dieſe
238 1825 1464 1880 Beſtimmung findet auf die Bayeriſchen Feſtungen keine Anwendung,
236 1881 1464 1933 denn dieſelben ſind nicht „Reichsfeſtungen“, ſondern „Landesfeſt-
235 1936 413 1981 ungen“ .
251 196 294 233 74
358 2029 1464 2073 Das heißt nicht, wie Thudichum in Holtzend. Jahrb. II S. 99 meint,
235 2073 1463 2120 deſſen Anſichten und Wünſche vernehmen, ſondern deſſen Einwilligung einholen.
234 2120 757 2155 Vgl. oben Bd. II S. 80 Note 3.
359 2167 690 2204 Siehe Bd. I S. 196.
357 2213 631 2251 Vgl. unten §. 95.
356 2259 1460 2302 R.G. v. 30. Mai 1873 Art. IV Abſ. 2 (R.G.Bl. S. 124). Vgl. Bd. I
233 2303 352 2333 S. 267.
355 2350 1459 2405 Die Behauptung v. Rönne’s II, 2 S. 123, daß im Art. IV
