1600 2544
392 192 1395 229 §. 79. Der Oberbefehl über die bewaffnete Macht des Reiches.
273 272 1508 319 Organiſation (Gliederung, Eintheilung u. ſ. w.) zu beſtimmen und
274 328 1507 373 er iſt dabei nur an den Rechtsſatz gebunden, daß die Territorial-
276 382 1507 427 Eintheilung des Bundesgebietes in 17 Armeekorps-Bezirke als
274 435 1506 482 Grundlage für die Organiſation der Landwehr zu dienen habe .
364 492 1508 538 c) Die Kriegsformation des Heeres ſowie die Organiſation
272 547 1508 592 des Landſturmes beſtimmt der Kaiſer, ohne daß er hierbei
269 602 1304 648 irgend welchen geſetzlichen Einſchränkungen unterliegt .
363 658 1507 703 d) Daſſelbe gilt von der Organiſation und Zuſammenſetzung
272 712 1506 757 der Kriegsmarine, abgeſehen von den aus dem Etatsgeſetz
272 765 1188 812 ſich ergebenden Schranken für die Friedenszeit .
364 821 1506 866 5) Der Kaiſer hat das Dislokationsrecht d. h. das
272 875 1506 920 Recht, die Garniſonen der einzelnen Truppenkörper zu beſtimmen
270 931 1507 975 und zwar innerhalb des ganzen Bundesgebietes, ſo daß er den
271 984 1505 1030 Truppentheilen der einzelnen Kontingente auch außerhalb ihres
271 1040 1505 1085 Staatsgebietes Garniſonen anweiſen kann . Ueber die Aus-
269 1094 1507 1141 übung dieſes Rechtes  ſind aber den meiſten Staaten in den
271 1150 1505 1194 Militairkonventionen beſtimmte Zuſicherungen ertheilt worden und
271 1204 782 1248 zwar in dreifacher Richtung:
360 1258 1505 1305 a) Zahlreichen Staaten iſt die Zuſicherung ertheilt worden,
270 1311 1505 1359 daß ihre Kontingente für die Dauer friedlicher Verhältniſſe im
271 1367 1505 1414 eigenen Lande dislozirt bleiben . Indeſſen ſind Truppen mehrerer
271 1421 1504 1468 dieſer Staaten nach Elſaß-Lothringen verlegt worden. Die Dis-
271 1476 1507 1523 lozirung der Sächſiſchen Truppen innerhalb Sachſens und der
274 1532 1507 1578 Württembergiſchen Truppen innerhalb Württembergs ſteht den
271 1587 1503 1633 Kontingentsherren zu, während hinſichtlich der übrigen hier in Be-
275 195 317 225 38
397 1679 891 1715 Milit.-Geſ. §. 5. Siehe §. 84.
395 1723 867 1760 Milit.-Geſ. §. 6. Vgl. §. 85.
390 1769 1042 1805 R.V. Art. 53 Abſ. 1. Vgl. unten §. 87.
390 1815 727 1851 R.V. Art. 63 Abſ. 4.
389 1861 1505 1900 jedoch unbeſchadet der Fortdauer dieſes Rechtes ſelbſt in ſeinem
269 1904 731 1942 verfaſſungsmäßigen Umfange.
390 1950 1505 1991 Konvent. mit Sachſen Art. 5. Wenn im Intereſſe des Bundes-
269 1996 1506 2038 dienſtes der Kaiſer zu einer Dislozirung der Sächſ. Truppen ſich bewogen
268 2042 1503 2084 findet, ſo will er ſich vorher mit dem Könige von Sachſen in Vernehmen ſetzen.
267 2087 1498 2129 Konvent. mit Württemberg Art. 6. Eine Dislozirung der Württemberg.
269 2132 1504 2175 Truppen außerhalb des Staatsgebietes ſoll nur mit Zuſtimmung des
269 2178 1504 2220 Königs v. W. erfolgen, ſofern es ſich nicht um Beſetzung ſüddeutſcher oder
269 2223 1505 2266 weſtdeutſcher Feſtungen handelt. Heſſen Art. 6 (wie Sachſen). Baden
270 2269 1505 2311 Art. 4. Oldenburg Art. 4 Abſ. 2. Thüringen Art. 2. Anhalt
270 2314 378 2344 Art. 2.
