1600 2544
179 258 1316 304 3. Die militairiſche Verfügung über die Feſtungen
88 313 1315 360 und Kriegshäfen ſteht dem Kaiſer zu. Es ergiebt ſich dies ſchon
89 369 1314 415 aus dem allgemeinen Grundſatz, daß alle Truppen, alſo auch die
90 424 1315 470 Beſatzungstruppen, ſeinen Befehlen unbedingte Folge zu leiſten
87 479 1315 524 haben. Das ihm zuſtehende Dislokationsrecht ermächtigt ihn, die
89 534 1313 582 zur Beſatzung zu verwendenden Truppentheile aus allen Kontingen-
86 590 1316 636 ten zu wählen  und der Art und Zahl nach zu beſtimmen. Ferner
91 645 1315 691 erſtreckt ſich die ihm nach allgemeinen Verfaſſungsprinzipien obliegende
91 700 1316 746 Beaufſichtigung (R.V. Art. 4 Ziff. 14), ſowie das ihm ſpeziell
93 755 1315 803 eingeräumte Recht der Inſpektion und das Recht die Abſtellung
91 810 1316 856 der vorgefundenen Mängel anzuordnen (R.V. Art. 63 Abſ. 3) nicht
90 865 1315 910 nur auf die Truppen ſelbſt, ſondern auch auf die geſammte Aus-
87 919 1315 966 rüſtung und alle militairiſchen Anſtalten, folglich auch auf die
89 975 1316 1022 Feſtungen, ihren baulichen Zuſtand, ihre Armirung, Verprovianti-
86 1030 1315 1077 rung u. ſ. w. Wegen der Wichtigkeit der Feſtungen iſt zur Siche-
86 1085 1317 1132 rung dieſer im militairiſchen Oberbefehl enthaltenen Befugniſſe dem
89 1141 1317 1187 Kaiſer das Recht eingeräumt, alle Feſtungskommandanten
90 1196 1317 1241 zu ernennen . Hierdurch iſt aber in Verbindung mit Art. 68 der
90 1251 1317 1297 R.V. noch ein weiteres, ſehr eingreifendes Recht gegeben. Mit
88 1306 1317 1353 der Bekanntmachung der Erklärung des Belagerungszuſtandes geht
87 1361 1316 1407 nämlich die vollziehende Gewalt an den Feſtungskommandanten
88 1415 1316 1463 über, und ebenſo die höhere Militairgerichtsbarkeit über ſämmtliche
90 1470 1241 1517 zur Beſatzung gehörende Militairperſonen aller Kontingente .
182 1526 1317 1574 Die vorſtehend aufgeführten Rechtsſätze haben für Bayern
88 1581 1316 1628 keine Geltung; alle militairiſchen Oberbefehlshaber-Rechte des Kaiſers
387 175 1020 212 §. 82. Die Feſtungen und Kriegshäfen.
1273 177 1313 209 75
87 1674 1317 1714 und VII dieſes Geſetzes die im Art. I aufgezählten Feſtungen, unter denen
88 1719 1317 1759 ſich auch Ingolſtadt befindet, als Reichsfeſtungen bezeichnet werden,
88 1766 1316 1804 beruht auf einem Irrthum. Art. VII enthält gar keine Bezugnahme auf Art. I,
87 1811 1316 1849 und Art. IV enthält eine Beſtimmung lediglich über diejenigen im Art. I
91 1857 1316 1896 genannten Feſtungen, welche Reichsfeſtungen ſind, ſagt aber nicht, daß
94 1902 1093 1941 alle im Art. I aufgeführten Feſtungen dieſe Eigenſchaft haben.
209 1948 1315 1987 Soweit durch Milit.-Konventionen die Ausübung des Dislokationsrechtes
89 1995 1316 2033 eingeſchränkt worden iſt, ſind grade die Feſtungen davon ausgenommen worden.
91 2040 504 2077 Siehe oben S. 39 Note 1.
207 2086 1317 2125 R.V. Art. 64 Abſ. 2. Nur über die Ernennung der Kommandanten
87 2132 1317 2172 der in Württemberg gelegenen feſten Plätze hat der Kaiſer ſich vorher mit
88 2178 1316 2215 dem König von W. in Vernehmen zu ſetzen. Mil.-Konv. Art. 7. Ueber Ulm
90 2225 386 2263 ſiehe unten Nro. 5.
206 2270 1311 2309 Geſ. über den Belagerungszuſtand vom 4. Juni 1851 §§. 1; 2 Abſ. 3;
92 2316 458 2353 4; 7. Vgl. oben S. 44.
