1600 2527
276 261 1508 316 Landgerichts ſteht der Präſident, der zugleich den Vorſitz in einer
276 316 1507 370 Kammer übernimmt; den Vorſitz in den übrigen Kammern führen
274 371 1507 420 Directoren. Bei der Bildung der einzelnen Kammern kömmt nun
274 425 1506 478 Dreierlei in Betracht: die Beſtimmung des Vorſitzenden, die Be-
273 478 1506 533 ſtimmung der Mitglieder und, falls mehrere Kammern derſelben
274 535 1506 588 Art gebildet werden, die Vertheilung der Geſchäfte unter dieſelben.
365 589 1506 645 α) Der Vorſitz in den einzelnen Kammern wird für das ganze
273 642 1507 699 Geſchäftsjahr im Voraus beſtimmt; der Präſident iſt befugt,
272 698 1505 754 die Kammer zu wählen, welcher er vorſitzen will; die Vertheilung
272 752 1504 809 des Vorſitzes in den übrigen Kammern erfolgt durch den Präſi-
271 806 1505 859 denten und die Directoren nach Stimmenmehrheit, indem die Stimme
271 860 1502 918 des Präſidenten im Falle der Stimmengleichheit den Ausſchlag
271 915 1502 972 giebt . Iſt der ordentliche Vorſitzende einer Kammer verhindert,
269 970 1503 1026 den Vorſitz zu führen, ſo vertritt ihn dasjenige Mitglied der
270 1025 1502 1081 Kammer, welches dem Dienſtalter nach und bei gleichem Dienſt-
269 1080 1500 1137 alter der Geburt nach das älteſte iſt . Daher iſt es ausge-
268 1133 1501 1190 ſchloſſen, daß der Präſident oder Director im Laufe des Geſchäfts-
265 1189 1501 1242 jahres in einer andern Kammer als der ihm zugetheilten den Vor-
268 1243 1500 1291 ſitz in einzelnen Sachen übernimmt oder mit einem andern Vor-
266 1297 870 1348 ſitzenden die Kammer wechſelt .
356 1354 1496 1405 β) Vor Beginn des Geſchäftsjahres werden auf die Dauer
266 1406 1496 1463 deſſelben die ſtändigen Mitglieder der einzelnen Kammern, ſo-
266 1462 1497 1517 wie für den Fall ihrer Verhinderung die regelmäßigen Ver-
265 1517 1498 1571 treter beſtimmt. Jeder Richter kann zum Mitgliede mehrerer
264 1571 1497 1626 Kammern beſtimmt werden . Da jede Willkühr in der Zuſammen-
265 1625 1498 1682 ſetzung der Beſchluß- und Spruchcollegien für den einzelnen Fall
264 1681 1495 1736 ausgeſchloſſen ſein ſoll, ſo ſind dieſe Anordnungen ſo zu verſtehen,
264 1735 1497 1786 daß für jedes einzelne ſtändige Mitglied ein beſtimmter Vertreter
275 180 319 213 88
721 184 1073 222 §. 101. Die Gerichte.
383 1837 1496 1883 Gerichtsverf.Geſ. §. 61. Wenn die Directoren, nachdem der Präſident
258 1880 1495 1928 ſeine Wahl getroffen, über die Zutheilung der übrigen Kammern ſich unter
258 1926 1376 1973 einander verſtändigen, kann demnach der Präſident nicht widerſprechen.
382 1975 1497 2021 a. a. O. §. 65 Abſ. 1. Vom Vorſitz ausgeſchloſſen iſt daher ein zur
262 2018 1496 2066 Vertretung des ſtändigen Vorſitzenden der Kammer zugewieſener Ergänzungs-
257 2063 1495 2108 richter, auch wenn derſelbe dem älteſten ordentlichen Mitgliede der Kammer
256 2109 1491 2157 im Dienſtalter vorgeht. Urth. des Reichsgerichts v. 2. März 1880.
258 2153 788 2194 Entſch. in Strafſachen I. S. 238.
380 2201 1493 2250 Auch iſt es für ausgeſchloſſen zu erachten, daß Jemand den Vorſitz in
255 2245 1317 2292 mehreren Kammern führt. Vgl. Hauck, Gerichtsv.Geſ. S. 99 ff.
380 2292 737 2332 a. a. O. §. 62 Abſ. 1.
