1600 2544
82 269 1305 319 in Bayern nach der Mil.-Strafger.-O. vom 6. Novemb 1872 .
84 324 1305 374 Eine Regelung der Gerichtsbarkeit über Militairperſonen durch
82 380 1202 430 Reichsgeſetz iſt in dem Milit.-Geſ. §. 39 in Ausſicht geſtellt.
280 435 1029 480 VII. Das Militair-Kirchenweſen.
168 489 1308 540 Die Heeresorganiſation hat mit der Kirchenverfaſſung und der
82 544 1306 596 Ausübung der gottesdienſtlichen Handlungen einen nur loſen Zu-
79 601 1306 651 ſammenhang und von der im Art. 61 der R.V. vorgeſehenen Her-
80 656 1308 707 ſtellung eines einheitlichen Militairrechts durch Einführung der
82 710 1307 762 Preuß. Geſetzgebung iſt die Militair-Kirchenordnung ausdrücklich
83 764 1307 817 ausgeſchloſſen worden. Den Landesgeſetzen iſt es überlaſſen, die
83 821 1307 871 kirchlichen Verhältniſſe der Militairperſonen zu regeln. In meh-
81 877 1308 922 reren Staaten ſind in den Garniſonen beſondere Militairgemeinden
80 930 1307 981 gebildet. Die Wahrnehmung der Seelſorge und der anderen Ob-
77 986 1308 1037 liegenheiten des geiſtlichen Amtes für die Militairgemeinde iſt theils
78 1043 1308 1091 den Civilgeiſtlichen des Ortes übertragen, theils werden beſondere
79 1096 1308 1147 Militairgeiſtliche ernannt. Für das Reichsſtaatsrecht ſind dieſe
78 1152 1308 1204 Einrichtungen inſofern von Belang, als die Koſten des Militair-
79 1208 1310 1257 Kirchenweſens aus der Reichskaſſe beſtritten und im Reichsetat
79 1263 1308 1312 feſtgeſetzt werden und die Militairgeiſtlichen die rechtliche Eigen-
78 1321 666 1367 ſchaft von Reichsbeamten haben.
166 1373 1308 1421 In Preußen ſind die dienſtlichen Verhältniſſe der Militair-
79 1429 1308 1476 Geiſtlichkeit geregelt durch die Militair-Kirchenordnung
81 1483 1191 1532 vom 12. Februar 1832. Preuß. Geſ.-Sammlung S. 69 .
170 1538 1307 1586 VIII. Wiſſenſchaftliche Inſtitute, Bildungs- und
79 1597 603 1642 Erziehungs-Anſtalten.
171 1650 1308 1695 1. Der Generalſtab der Armee iſt zwar nicht aus-
75 1706 1309 1754 ſchließlich wiſſenſchaftlichen Zwecken gewidmet, er dient vielmehr
75 1760 1310 1808 in erſter Reihe zur Unterſtützung der Oberbefehlshaber in allen
78 1816 1310 1862 auf Taktik und Strategie bezüglichen Verhältniſſen und er hat im
78 1871 1308 1918 Frieden die Mobilmachung, die Dislokationen, die Telegraphen-
76 1927 1310 1973 und Eiſenbahn-Angelegenheiten u. ſ. w. zu bearbeiten; allein er
77 1982 1310 2028 iſt zugleich ein wiſſenſchaftliches Inſtitut erſten Ranges . Ihm
1242 189 1303 220 121
426 188 953 227 §. 86. Die Militair-Verwaltung.
197 2055 1309 2095 Bayr. M.V.Bl. 1872 S. 453. Sie beruht auf dem Geſetz v. 29. April 1869.
198 2103 1310 2142 Eingeführt mit den erforderlichen Ergänzungen und Modifikationen in
79 2148 1310 2188 Hannover durch Verordn. v. 24. Juni 1867 (A.V.Bl. S. 67), für den Bezirk
79 2196 1310 2233 des XI. Armeekorps durch V. v. 12. Oktob. 1867 (A.V.Bl. S. 123), für den
79 2241 1252 2280 Bezirk des IX. Armeekorps durch V. v. 25. Nov. 1868 (A.V.Bl. S. 233).
198 2287 1309 2324 Ueber die „Organiſation des Preuß. Generalſtabes“ giebt ein Aufſatz
82 2333 1310 2372 im Militair-Wochenblatt 1875 S. 1746 detaillirte Auskunft. Vgl. ferner
