1600 2527
122 235 1350 280 Präſentationsrecht für Anſtellungen bei den Gerichten, das ſich als
122 290 1351 334 ein Reſt der ehemaligen Privatgerichtsbarkeit vielfach, namentlich
119 344 1351 390 zu Gunſten der Standesherren, erhalten hatte. Demnach iſt die
119 399 1350 444 Anzahl der Subjekte, welchen die ordentliche ſtreitige Gerichtsbar-
121 454 1351 499 keit zuſteht, durch die im Art. 1 der Reichsverf. gegebene Auf-
121 509 1352 554 zählung der Staaten, zu denen noch das Reich ſelbſt nebſt dem
122 564 1351 610 Reichsland Elſaß-Lothringen hinzukommen, abſchließend begränzt .
121 619 1351 665 Dagegen iſt es den Deutſchen Staaten unbenommen, unter ein-
122 674 1347 720 ander Verträge zu ſchließen, durch welche ein Staat die Gerichts-
122 728 1350 774 barkeit ganz oder zum Theil einem anderen Bundesſtaat oder auch
125 783 1352 828 dem Reich zur Ausübung überträgt. Es können unter den Staaten
125 837 1353 885 nach Analogie der Militärkonventionen  oder der Vereinbarungen
124 893 1351 940 über die Poſtverwaltung  auch Gerichtskonventionen ge-
121 948 1352 994 ſchloſſen werden. Insbeſondere können auch zwei oder mehrere
122 1004 1352 1050 Deutſche Staaten ſich zur gemeinſchaftlichen Ausübung der
122 1060 1351 1105 Gerichtsbarkeit vereinigen und zu dieſem Zwecke gemeinſchaftliche
122 1115 1352 1161 Gerichte beſtellen; es iſt dies in zahlreichen Fällen theils wegen
120 1171 1352 1216 der geographiſchen Lage theils wegen der Kleinheit der einzelnen
121 1225 1350 1270 Staatsgebiete geſchehen . Demgemäß giebt es zwei Arten von
122 1279 1354 1325 Gerichtskonventionen; durch die einen wird die Ausübung der
121 1335 1349 1380 Gerichtsbarkeit in gewiſſem Umfange einem anderen Staate über-
120 1390 1348 1434 tragen, durch die anderen werden Gerichtsgemeinſchaften vereinbart.
213 1444 1351 1489 Gerichtskonventionen der erſteren Art ſind lediglich zu Gunſten
125 1499 1350 1545 Preußens abgeſchloſſen worden. Die Gerichtsbarkeit im Fürſten-
124 1555 1350 1601 thum Waldeck  und den fürſtl. lippiſchen Enclaven Lipperode
122 1610 1351 1655 und Stift Cappel  wird im vollen Umfange von den Preußi-
120 1661 1349 1712 ſchen Gerichten gehandhabt; es ſind ferner unterſtellt das Fürſten-
119 1714 1348 1767 thum Birkenfeld dem Preuß. Landgericht zu Saarbrücken und
1308 153 1352 187 45
366 152 1110 189 §. 97. Die ordentliche ſtreitige Gerichtsbarkeit.
236 1867 1348 1904 Auch die Anſprüche des Hauſes Schönburg auf Ausübung eigener
118 1914 1349 1950 Gerichtsbarkeit wurden nicht anerkannt. Vgl. die Protokolle der Reichstags-
118 1960 1350 1997 kommiſſion I. Leſ. S. 130 ff. (Hahn S. 414 ff.) Stenogr. Berichte des
117 2006 882 2042 Reichst. 1876/77 S. 207 ff. (Hahn S. 1166 ff.)
236 2051 673 2088 Siehe Bd. III. 1. S. 26 ff.
238 2099 486 2135 Vgl. Bd. II. S. 289 ff.
237 2145 1155 2182 Vgl. Motive zum Gerichtsverf.Geſ. S. 31. (Hahn S. 47).
235 2191 1348 2227 Auf Grund des Vertrages v. 24. Nov. 1877 u. des Waldeck’ſchen Ge-
119 2237 929 2276 ſetzes v. 1. September 1879 (Regierungsbl. S. 79).
241 2282 1326 2320 Vertrag zwiſchen Preußen u. Lippe vom 4. Januar 1879 Art. 7 ff.
