1600 2527
249 280 1477 333 hoben worden . Hieraus folgt, daß in dem §. 7 der Ausdruck
250 336 1475 392 „Austräge“ nicht in ſeiner eigentlichen und wörtlichen Bedeutung,
245 388 1474 445 ſondern in der ſeit Anfang dieſes Jahrhunderts üblich gewordenen
244 445 1475 502 zu verſtehen iſt, und es ergeben ſich hieraus folgende Rechtsſätze:
336 501 1474 551 α) In bürgerlichen Rechtsſtreitigkeiten ſind die Standes-
243 555 1474 611 herren von der ordentlichen Gerichtsbarkeit nicht befreit und ihre
243 610 1472 666 Austräge ſtehen unter den allgemeinen Regeln von Schiedsverträgen
244 665 1507 721 und dem ſchiedsrichterlichen Verfahren. (Civilproz.O. §§. 851 ff.)
391 721 1472 772 β) In peinlichen Sachen ſind die Standesherren von der
241 774 1470 829 ordentlichen Gerichtsbarkeit befreit und mit dem Recht auf Aus-
244 830 1471 884 träge (Pairsgerichte) in demjenigen Umfange ausgeſtattet, in
241 883 1469 940 welchem ihnen dieſes Privilegium bei Einführung des Gerichts-
239 938 1467 995 verfaſſungsgeſetzes „landesgeſetzlich gewährt war“. Ein ſolches
242 992 1468 1050 Vorrecht kann durch Landesgeſetz nicht mehr neu eingeführt oder
238 1049 593 1093 ausgedehnt werden.
330 1105 1466 1159 γ) Inſoweit hienach die Standesherren der ordentlichen ſtrei-
237 1156 1469 1214 tigen Gerichtsbarkeit unterworfen ſind, kömmt ihnen keinerlei
236 1213 1466 1269 privilegirter Gerichtsſtand, weder in bürgerlichen Rechtsſtrei-
238 1266 887 1319 tigkeiten noch in Strafſachen, zu .
394 1324 1463 1378 V. So wenig die Einzelſtaaten befugt ſind, Befreiungen von
236 1376 1462 1434 der ordentlichen ſtreitigen Gerichtsbarkeit zu gewähren, ebenſowenig
234 1430 1464 1488 iſt es ihnen geſtattet, die letztere oder deren Ausübung zu verleihen
233 1486 1463 1542 oder unter irgend einem Rechtstitel zu übertragen. „Die Ge-
231 1542 1464 1597 richte ſind Staatsgerichte .“ Der Ausdruck „Staats-
234 1598 1463 1653 gerichte“ ſteht hier nicht im Gegenſatz zu Reichsgerichten, über die
233 1652 1462 1708 das Gerichtsverfaſſungsgeſetz ſelbſt ja Beſtimmungen trifft, ſondern
230 1706 1460 1762 im Gegenſatz zu Privatgerichten. Hierdurch ſind alle in
231 1759 1457 1817 Deutſchland noch vorhanden geweſenen Reſte einer patrimonialen,
233 1819 1458 1871 communalen oder kirchlichen Gerichtsbarkeit  definitiv und voll-
228 1869 1456 1924 ſtändig beſeitigt und auch für die Zukunft iſt es den Staaten unter-
227 1926 1457 1983 ſagt, Rechte dieſer Art zu ertheilen . Daſſelbe gilt von dem
249 196 293 231 44
491 200 1236 241 §. 97. Die ordentliche ſtreitige Gerichtsbarkeit.
352 2049 1276 2094 Vgl. Protok. der Kommiſſion S. 441. (Hahn I. S. 651.)
349 2095 1240 2140 Vgl. Motive z. Gerichtsverf.Geſ. S. 57. (Hahn S. 66.)
349 2140 712 2178 Gerichtsverf.Geſ. §. 15.
347 2185 1456 2233 Eine Ueberſicht über die durch das Gerichtsverfaſſungsgeſetz beſeitigten
224 2231 1435 2278 Reſte der Privatgerichtsbarkeit geben die Motive S. 47 ff. (Hahn S. 58 ff.)
345 2276 1454 2324 Der reichsgeſetzlich ſanctionirte Grundſatz bezieht ſich aber nur auf die
222 2323 811 2363 ordentliche ſtreitige Gerichtsbarkeit.
