1600 2527
125 259 1355 306 niß zwiſchen Rheder oder Schiffer und Schiffsmannſchaft beziehen,
123 313 1292 361 kann die Entſcheidung durch den Vorſitzenden allein erfolgen .
214 369 1357 414 In zweiter Inſtanz entſcheiden über die Rechtsmittel der
125 423 1356 471 Berufung und Beſchwerde die Civilſenate der Oberlandesge-
124 479 1358 525 richte in der Beſetzung von fünf rechtsgelehrten Mitgliedern mit
126 533 659 579 Einſchluß des Vorſitzenden .
215 589 1357 634 In dritter Inſtanz erkennt auf das Rechtsmittel der Revi-
126 644 1357 690 ſion , beziehentl. der Beſchwerde, ein Civilſenat des Reichs-
127 699 1354 745 gerichts  in der Beſetzung von ſieben rechtsgelehrten Mitglie-
128 753 843 799 dern mit Einſchluß des Vorſitzenden .
219 809 554 852 2. Strafſachen.
220 864 1358 910 Die Straffälle ſind in Beziehung auf die Gerichtszuſtändigkeit
128 918 1356 963 in drei Klaſſen zu theilen, zu denen noch als eine beſondere Aus-
128 974 1355 1020 nahmsklaſſe die zur ausſchließlichen Zuſtändigkeit des Reichsgerichts
127 1029 1356 1075 gehörenden Fälle des Hochverraths und des Landesverraths gegen
127 1084 1360 1129 Kaiſer und Reich hinzutreten . Die Eintheilung in dieſe drei
126 1138 1356 1185 Klaſſen beruht in der Hauptſache auf der dem materiellen Straf-
126 1194 1359 1240 recht zu Grunde liegenden Eintheilung der ſtrafbaren Handlungen
126 1249 1359 1295 in Uebertretungen, Vergehen und Verbrechen ; ſie fällt aber mit
127 1303 1358 1352 dieſer Eintheilung keineswegs vollkommen zuſammen, vielmehr iſt
127 1358 1357 1403 die Zuſtändigkeit der Gerichte mittlerer und unterſter Ordnung er-
128 1412 1358 1458 heblich erweitert . Ihr entſprechen als Spruchbehörden erſter
130 1467 1355 1512 Inſtanz die Schöffengerichte, die Strafkammern und die Schwur-
132 1523 268 1568 gerichte.
221 1580 1354 1624 1. Die Schöffengerichte ſind Collegien, welche aus
130 1634 1355 1680 einem gelehrten Richter (Amtsrichter) und zwei Schöffen be-
1314 181 1357 215 79
562 177 912 213 §. 101. Die Gerichte.
249 1744 1248 1782 Gerichtsverf.Geſ. §. 109. Motive S. 139 a. E. (Hahn S. 129.)
244 1790 967 1827 Gerichtsverf.Geſ. §. 123 Ziff. 1. u. 4. §. 124.
243 1835 1095 1872 Ueber die Vorausſetzungen deſſelben ſiehe oben S. 55.
247 1881 1356 1919 In Bayern des oberſten Landesgerichtshofes nach den oben S. 51
127 1926 697 1964 entwickelten Kompetenzbeſtimmungen.
249 1972 716 2009 Gerichtsverf.Geſ. §. 135. 140.
253 2018 1082 2056 Gerichtsverf.Geſ. §. 136 Ziff. 1. Siehe oben S. 60.
251 2064 644 2103 Reichs-Strafgeſetzb. §. 1.
246 2111 1359 2151 Vgl. die ausführlichen Erörterungen hierüber in den Motiven z. Ge-
128 2157 1357 2196 richtsverf.Geſ. S. 65 ff. (Hahn S. 72) und über das poſitive Recht des Reichs
129 2203 1358 2242 Löwe zu §. 1 der Strafprozeß-Ordnung; Schwarze in v. Holtzendorff’s Hand-
131 2249 1357 2289 buch des Strafprozeßrechts II. S. 555 ff. und die Ueberſicht in Binding’s
133 2294 378 2331 Grundriß §. 26.
