1600 2527
538 166 1227 206 §. 100. Die Verpflichtung zur Rechtshülfe.
269 248 1499 295 von längerer Dauer in demjenigen Staate vollſtreckt werden
268 302 1498 352 müſſen, deſſen Gerichte ſie verhängt haben, ſondern nur daß der
270 357 1495 408 Staat, in deſſen Gebiet der Verurtheilte ſich aufhält, nicht ver-
266 413 1497 462 pflichtet iſt, ſich der Strafvollſtreckung zu unterziehen. Es iſt
264 468 1495 520 dieſem Staate demnach reichsgeſetzlich unverwehrt, freiwillig dies
265 523 1496 573 auf ſich zu nehmen, und folglich können die Einzelſtaaten auch
264 579 1495 629 unter einander Staatsverträge ſchließen, durch welche ſie hinſicht-
263 633 1494 683 lich der Strafvollſtreckung weitergehende Verpflichtungen als die
263 689 1496 738 im §. 163 cit. ihnen reichsgeſetzlich auferlegten gegen einander
265 742 529 788 übernehmen .
354 797 1496 847 5. Das Gerichtsverfaſſungsgeſetz hat noch nach einer andern
266 852 1494 904 Richtung die gleichmäßige Handhabung der Rechtspflege geſichert,
262 907 1494 959 indem es dem von der Rechtshülfe handelnden (13ten) Titel die
263 961 1490 1009 Beſtimmung hinzugefügt hat: „Die in einem Bundesſtaate be-
262 1016 1490 1069 ſtehenden Vorſchriften über die Mittheilung von Akten einer öffent-
262 1071 1492 1125 lichen Behörde an ein Gericht dieſes Bundesſtaates kommen auch
261 1128 1494 1176 dann zur Anwendung, wenn das erſuchende Gericht einem anderen
263 1182 1495 1234 Bundesſtaate angehört“ . Es bezieht ſich dieſe Vorſchrift nicht
261 1237 1494 1289 eigentlich auf die Rechtshülfe, da ſie nicht die Verpflichtung der
262 1291 1489 1344 Gerichte zur Vornahme einer richterlichen Handlung begründet,
259 1346 1490 1399 ſondern die Pflicht „öffentlicher Behörden“ zur Vorlegung ihrer
262 1402 1489 1454 Akten bei Gericht betrifft. Sie normirt auch keineswegs die Vor-
259 1458 1489 1507 ausſetzungen und den Umfang dieſer Pflicht; ſie überläßt es viel-
259 1513 1491 1564 mehr vollkommen den Regierungen der Staaten Anordnungen über
258 1569 1489 1619 die Mittheilung von Akten an die Gerichte zu treffen; ſie ſtellt
256 1624 1488 1673 lediglich die Regel auf, daß dieſe Anordnungen dieſelben für die
260 1678 1488 1729 Gerichte der anderen Bundesſtaaten wie für die eigenen Gerichte
257 1733 1487 1785 ſein müſſen . Jedoch iſt ein Bundesſtaat niemals verpflichtet,
257 1788 1487 1838 die Akten ſeiner Behörden unmittelbar dem Gericht eines andern
258 1843 1486 1895 Bundesſtaates vorzulegen, ſondern ſtets nur durch Vermittlung
256 1897 1486 1948 eines inländiſchen Amtsgerichts, an welches das Erſuchen um Mit-
255 1952 666 1997 theilung zu richten iſt.
270 166 312 199 72
376 2063 1484 2107 Vgl. Protok. der Reichstags-Kommiſſion I. Leſung. S. 9 (Hahn S. 323).
377 2109 759 2148 Gerichtsverf.Geſ. §. 169.
375 2154 1483 2197 §. 169 Beruht auf dem im Art. 3 Abſ. 1 der R.V. ſanctionirten Grund-
253 2200 1485 2246 princip. Vgl. Bd. I. S. 176 ff. Die Vorſchrift iſt von der Reichstagskom-
254 2246 1484 2292 miſſion in das Geſetz aufgenommen worden. Vgl. Protok. I. Leſung S. 17 ff.
253 2291 501 2328 (Hahn S. 327.)
