1600 2527
120 218 1354 266 kennt, wird von ihm ein Recht in concreto  ſanctionirt, wie im
123 274 1356 322 Geſetz ein Rechtsſatz in abstracto; und ebenſo wie das Geſetz nicht
119 328 1356 377 blos die Feſtſtellung und Formulirung eines Rechtsſatzes, ſondern
120 383 1355 432 die Ausſtattung deſſelben mit verbindlicher Kraft iſt d. h. den
122 438 1353 485 Befehl enthält ihn zu befolgen, ſo iſt auch das Urteil nicht blos
122 493 1356 542 Feſtſtellung des concreten Rechts, ſondern zugleich Befehl
120 548 1356 596 an den Verklagten, den Rechtsanſpruch zu erfüllen, unter der
121 603 1355 652 Drohung, daß im Falle des Zuwiderhandelns auf Verlangen des
122 659 1355 706 Klägers die Befolgung dieſes Befehls durch die Staatsgewalt und
122 713 1356 761 durch die phyſiſchen Machtmittel des Staates erzwungen werden
124 768 1356 815 würde . Nur in dem letzteren Beſtandtheil des Urtheils, in der
124 821 1354 871 Vollſtreckbarkeitserklärung des Anſpruchs, liegt die ſpezifiſch ſtaats-
117 875 551 922 rechtliche Funktion .
129 931 1354 979 Dem ſcheint zwar der äußere Vorgang und der Wortlaut des
119 986 1355 1034 Urtheils zu widerſprechen; es wiederholt ſich hier aber nur eine
120 1041 1354 1091 Erſcheinung, die auf dem Gebiete des Staatsrechts uns mehrfach
122 1098 1356 1148 entgegentritt, daß nämlich der eigentlich maßgebende, den juriſti-
119 1151 1358 1202 ſchen Vorgang enthaltende Akt zurücktritt gegenüber denjenigen
120 1207 1355 1253 Vorbereitungshandlungen, die aus thatſächlichen Gründen die über-
120 1262 1358 1311 wiegende praktiſche Bedeutung haben. Bei der Geſetzgebung liegt
119 1316 1355 1366 der Schwerpunkt thatſächlich in der definitiven Feſtſtellung des
121 1370 1357 1420 Geſetzentwurfs (Findung der Rechtsregel), die Sanktion dagegen
367 136 1113 174 §. 97. Die ordentliche ſtreitige Gerichtsbarkeit.
1310 138 1354 173 25
242 1480 1357 1522 Ueber den Unterſchied zwiſchen dem „ſubjectiven Recht“ und dem „Recht
120 1525 1356 1569 in concreto“ d. h. der objectiven Feſtſtellung des ſubjektiven Rechts vgl. Bähr,
120 1572 1355 1612 Rechtsſtaat S. 6 Anm. 1 Bülow, Arch. f. civil. Prax. Bd. 62 S. 93 Anm. 72.
120 1617 675 1655 A. S. Schultze a. a. O. S. 148.
239 1664 1356 1706 Vgl. hierüber die eindringenden Unterſuchungen von Degenkolb
116 1710 1355 1751 §§. 14 ff. Er ſagt S. 100 vom älteren Deutſchen Prozeß: „Der Urteilsim-
117 1756 754 1795 perativ iſt der Imperativ des Geſetzes.“
237 1802 1356 1844 Unter der „Vollſtreckung“ iſt in dieſem Sinn nicht blos die Erzwing-
116 1847 1357 1889 ung von Handlungen, die Wegnahme von Werthobjekten u. dgl. zu verſtehen,
115 1893 1357 1934 ſondern ganz allgemein die Bereitſtellung der ſtaatlichen Macht zur Sicher-
116 1939 1357 1979 ſtellung des ſubjektiven Rechts. Hierin liegt die ſtaatsrechtliche Bedeu-
116 1986 1357 2025 tung der „Rechtskraft“, die mit der prozeſſualiſchen Bedeutung nicht
115 2030 1356 2071 zuſammenfällt. Die Macht des Staats ſteht hinter dem Urtheil und dieſer
115 2077 1356 2118 Umſtand genügt in der Regel, um den Verurtheilten zur Befolgung des Ur-
115 2123 1356 2164 theilsbefehls zu veranlaſſen, ohne daß es eigentlicher Exekutionsmaßregeln oder
117 2169 1355 2209 gar der Entfaltung phyſiſcher Macht bedarf; die Ausſicht auf dieſelben wirkt
117 2214 1353 2256 bereits als Zwang. Dies gilt auch von den ſog. Feſtſtellungsurtheilen
117 2260 406 2297 (Civilproz.O. 231).
