1600 2527
340 149 1091 190 §. 97. Die ordentliche ſtreitige Gerichtsbarkeit.
98 226 1336 283 ſachen ; was nicht unter dieſe beiden Kategorien fällt, iſt von
99 291 428 337 ihr ausgeſchloſſen.
192 336 1335 390 a) In der Reichsgeſetzgebung wird der Begriff der bürger-
100 392 1335 445 lichen Rechtsſtreitigkeit nirgends definirt; vielmehr wird
103 445 1337 499 in den Motiven zum Gerichtsverf.-Geſ. S. 32  ausdrücklich be-
102 503 1338 553 merkt, „daß dieſer Begriff keine oder doch nur eine durchaus un-
104 557 1339 611 genügende Definition leide und daß es unausführbar ſei, ihn ge-
104 612 1339 663 meinſam für alle deutſchen Staaten zu präziſiren, daß dieſer Be-
106 667 1340 721 griff aber ungeachtet ſeiner Verſchiedenheit in den verſchiedenen
108 723 1340 772 Gebieten des deutſchen Reichs überall geſetzlich — ſei es im ge-
107 776 1341 829 ſchriebenen oder ungeſchriebenen Rechte — fixirt ſei und daß dem-
108 830 1342 884 nach für die Beſtimmung einer Sache als bürgerliche Rechtsſtrei-
109 884 1342 938 tigkeit in erſter Linie die Reichsgeſetze, in weiterer Linie aber das
108 940 1109 992 Landesrecht des einzelnen Staates maßgebend ſei .“
200 993 1345 1046 Den Gegenſatz zur bürgerlichen Rechtsſtreitigkeit bildet in der
109 1049 1346 1105 hier in Rede ſtehenden Beziehung die Streitigkeit des öffentlichen
109 1104 1346 1160 Rechts, d. h. die Streitigkeit über ein Rechtsverhältniß, welches gar
109 1160 1343 1214 nicht oder nicht ausſchließlich zur Rechtsſphäre der Individuen ge-
109 1214 1346 1270 hört, ſondern als ein Theil der öffentlichen Rechtsordnung, als
111 1269 1346 1323 Ausfluß der ſtaatlichen Hoheitsrechte oder der Regierungs- und
112 1324 1348 1379 Verwaltungsthätigkeit anzuſehen und aus dieſem Grunde der
114 1379 1347 1436 Privatdispoſition der berechtigten oder verpflichteten Individuen
116 1434 1346 1491 ganz oder theilweiſe entrückt iſt . Die Abgränzung des Privat-
114 1488 1347 1544 rechts von dem öffentlichen Rechte iſt die Grundlage für den Gegen-
116 1543 1346 1600 ſatz der bürgerlichen und der nicht bürgerlichen Rechtsſtreitigkeiten.
117 1597 1349 1653 Dieſe Abgränzung iſt nicht a priori zu finden, ſondern ſie iſt be-
116 1653 1349 1709 dingt von dem in dem poſitiven Recht feſtgeſtellten Umfange und
115 1707 1350 1758 der Art der Geltendmachung der ſtaatlichen Hoheitsrechte auf den
114 1760 1352 1818 verſchiedenen Zweigen der ſtaatlichen Thätigkeit. Für einen Theil
116 1818 1350 1872 dieſer Thätigkeit hat das Reich durch ſeine Geſetze die Normen
1291 147 1335 179 29
240 1907 602 1943 Gerichtsverf.Geſ. §. 13.
238 1951 639 1992 Hahn Materialien S. 47.
235 1990 1349 2036 Auch die Kommiſſion des Reichstages lehnte es ab, in das Gerichtsverf.
117 2035 1354 2084 Geſ. eine Beſtimmung aufzunehmen, durch welche der Begriff der bürgerlichen
117 2080 1354 2132 Rechtsſtreitigkeit definirt würde. Vgl. Protok. I. Leſ. S. 469 ff. (Hahn S. 672 ff.)
237 2128 1354 2175 Vgl. das Urth. des Reichsgerichts v. 15. Febr. 1881. Entſcheidungen
119 2173 1353 2220 in Civilſachen Bd. 3 S. 410 ff. Eine eingehende und beachtenswerthe Unter-
121 2219 1352 2265 ſuchung über den Begriff der bürgerlichen Rechtsſtreitigkeiten giebt Hauſer
123 2270 558 2310 Gerichtsverfaſſung S. 51 ff.
