1600 2580
79 293 1332 344 gemäß ebenſo wenig einem beſtimmten Rechtsbegriff, wie das Wort
79 348 1332 401 Vorrecht. Es wird verwendet zur Bezeichnung theils von Regeln
78 404 1330 457 des ius singulare, z. B. Privilegien der Minderjährigen, Kirchen,
79 459 1331 511 Weiber, Soldaten, bevorzugten Gläubiger u. ſ. w., theils von
78 516 1330 568 vertragsmäßig eingeräumten Begünſtigungen, z. B. Zoll- oder
78 571 1329 625 Schifffahrtsprivilegien, welche durch internationale Handelsverträge
76 626 1329 680 feſtgeſetzt ſind, theils von Vorrechten oder Befreiungen, welche
75 682 1328 735 durch Akte der Staatsgewalt, ſeien es nun Akte der Verwaltung
75 738 1327 789 oder der Geſetzgebung, begründet worden ſind. Es iſt mithin un-
73 788 1326 846 richtig, das Wort Privilegium, ſo wie es in dem modernen Sprach-
75 847 1326 901 gebrauch verwendet wird, mit lex specialis oder lex in privos ho-
74 903 1327 956 mines lata zu identifiziren und die ſogenannte Privilegienhoheit
74 958 1323 1011 als einen Beſtandtheil der „geſetzgebenden Gewalt“ zu erklären.
73 1015 1327 1067 Vielmehr iſt die Ertheilung eines ſogenannten Privilegiums in der
74 1071 1324 1123 Mehrzahl der Fälle ein Akt der Staatsverwaltung innerhalb
72 1127 1323 1180 des durch die Geſetze abgegränzten Gebietes, auf welchem die Hand-
72 1182 1058 1233 lungsfreiheit der Regierung ihren Spielraum hat .
164 1237 1323 1289 Aber es iſt andererſeits ebenſo unrichtig, das Privilegium als
71 1292 1322 1346 begrifflichen Gegenſatz des Geſetzes hinzuſtellen und zu behaup-
71 1349 1322 1398 ten, die Ertheilung eines Privilegiums ſei immer eine Verwal-
70 1404 1323 1456 tungshandlung . Beides iſt vielmehr möglich; ein Privilegium
70 1459 1321 1510 kann bald durch Rechtsgeſchäft (Verwaltungsact), bald durch Ge-
68 1514 1321 1567 ſetzgebungsact (lex specialis) begründet ſein . In allen Fällen, in
69 1570 1322 1621 welchen beſtehende Rechtsgrundſätze aufgehoben oder ſuspendirt
68 1625 1319 1678 werden ſollen, ohne daß der Regierung eine allgemeine Ermäch-
67 1682 1318 1732 tigung hierzu durch einen Rechtsſatz ertheilt worden iſt, bedarf es
68 1738 1317 1788 einer lex specialis. Insbeſondere iſt es aber auch möglich, daß
66 1792 1320 1842 für einen einzelnen, concreten Fall ein Rechtsſatz angeordnet oder
67 1847 1318 1899 eine ſonſt geltende allgemeine Rechtsregel abgeändert wird, ohne
66 1903 1317 1954 daß zugleich eine ſubjective Berechtigung oder Begünſtigung be-
66 1960 1316 2010 gründet wird. Eine ſolche Anordnung iſt ein privilegium im ech-
260 203 285 238 3
260 202 1148 246 §. 56. Der Begriff und die Erforderniſſe des Geſetzes.
139 2091 166 2127 1*
186 2091 1318 2134 Vgl. beſonders die Abhandlung v. Gerber’s in der Tübinger Zeit-
63 2137 1313 2181 ſchrift f. Staatswiſſenſch. 1871 S. 430 fg. (Auch in ſeinen geſammelten Juriſt.
63 2183 482 2221 Abhandlungen S. 470 fg.)
187 2230 1309 2272 So Schulze, Preuß. Staatsr. II. S. 206 fg., der ſich auf v. Gerber
63 2276 1012 2318 — wie ich glaube, mit Unrecht — für ſeine Anſicht beruft.
183 2323 691 2360 v. Wächter a. a. O. Note 13.
