1600 2527
534 179 1217 216 §. 100. Die Verpflichtung zur Rechtshülfe.
266 261 1490 308 Ladungen, indem es ſich zum Zweck der Behändigung ſeiner Ver-
265 316 1490 364 fügungen an den Adreſſaten der Poſt oder eines im Bezirk des
265 370 1490 421 Zuſtellungsortes beſtellten Gerichtsvollziehers bedient; die Hülfe
265 426 1491 472 eines andern Gerichts iſt hiezu nicht erforderlich . Dies iſt
263 481 1491 527 der Sinn des §. 161 des Gerichtsverf.Geſ. „Die Herbeifüh-
261 550 369 584 ruugHerbeifüh-
262 592 1492 639 ſtellungen erforderlichen Handlungen erfolgt nach Vorſchrift der
262 647 1491 694 Prozeßordnungen ohne Rückſicht darauf, ob die Handlungen in dem
262 703 1491 747 Bundesſtaate, welchem das Prozeßgericht angehört, oder in einem
260 757 1017 801 andern Bundesſtaate vorzunehmen ſind.“
354 812 1491 859 Dagegen kann ein Gericht außerhalb ſeines Amtsbezirks nicht
259 867 1491 916 thätig werden, insbeſondere keinen Augenſchein einnehmen, keine
260 923 1489 970 Durchſuchungen vornehmen, keine Zeugen oder Sachverſtändigen
260 978 1488 1026 abhören, keine Termine abhalten u. ſ. w. Wenn daher in einem
260 1034 1487 1081 Verfahren in Folge der Vorſchriften der Prozeßgeſetze eine rich-
256 1089 1487 1136 terliche Handlung erforderlich wird, welche in einem andern
259 1143 1488 1191 Gerichtsbezirk als in dem des Prozeßgerichts vorzunehmen iſt, ſo
258 1199 1486 1245 muß das Gericht dieſes andern Bezirks um Vornahme der Hand-
256 1255 670 1301 lung erſucht werden .
348 1308 1448 1355 Von dieſem Prinzip giebt es jedoch eine zwiefache Ausnahme;
256 1364 1487 1410 wenn nämlich das Amtsgericht des Ortes ſeine Zuſtimmung zur
266 182 310 217 68
381 1484 1488 1522 Vgl. Motive zum Gerichtsverf.Geſ. S. 189 ff. 194. (Hahn 168. 171.)
257 1530 1488 1568 Die Verwendung eines Gerichtsvollziehers iſt dadurch erleichtert, daß Gerichte,
254 1577 1488 1614 Staatsanwaltſchaften und Gerichtsſchreiber wegen Ertheilung eines Auftrages
256 1622 1487 1660 an einen Gerichtsvollzieher die Mitwirkung des Gerichtsſchreibers des Amts-
254 1668 1488 1706 gerichts in Anſpruch nehmen dürfen, in deſſen Bezirk der Auftrag ausgeführt
255 1714 1485 1752 werden ſoll. Es handelt ſich hierbei um keine Rechtshülfe; die Vermittlung
253 1760 1483 1798 des Gerichtsſchreibers ſoll nur dem Uebelſtande abhelfen, daß das Gericht die
253 1805 1483 1844 Namen der Gerichtsvollzieher in anderen Gerichtsbezirken häufig nicht kennt.
253 1851 1486 1888 Der vom Gerichtsſchreiber beauftragte Gerichtsvollzieher gilt als unmittel-
254 1896 1485 1935 bar von der requirirenden Behörde beauftragt. Gerichtsverf.Geſ. §. 162.
254 1945 856 1981 Endemann Civilproz.O. I. S. 155.
378 1990 1486 2028 Der Ausdruck „Rechtshülfe“ wird auch von dem Falle angewendet,
253 2036 1486 2074 daß ein im Inſtanzenzug vorgeſetzees Gericht (z. B. ein Landgericht oder
255 2082 1486 2120 Oberlandesgericht) ein Amtsgericht ſeines eigenen Bezirks um Vornahme einer
253 2127 1486 2165 richterlichen Handlung erſucht und die Vorſchriften des Gerichtsverfaſſungs-
254 2173 1483 2211 geſetzes umfaſſen auch dieſen Fall; vgl. Löwe Note 6 zu Titel 13 des G.V.G.’s
252 2219 1484 2256 für das Reichsſtaatsrecht iſt aber die gegenſeitige Verpflichtung der
252 2264 1487 2303 Staaten einander durch ihre Gerichtsbehörden Rechtshülfe zu leiſten, vor-
251 2311 610 2349 wiegend von Intereſſe.
