1600 2544
462 202 1258 242 §. 81. Die Militairhoheitsrechte der Einzelſtaaten.
247 284 1477 335 R.V. gewiſſe Rechte hinſichtlich „aller ihren Gebieten angehörenden
252 339 1477 388 Truppentheile“ eingeräumt. Vorausſetzung dieſer Rechte iſt dem-
249 394 1474 444 nach nicht die Zugehörigkeit der Truppen zum Kontingent d. h.
250 449 1476 499 die Dienſtgewalt, ſondern die Zugehörigkeit zum Gebiet d. h. die
249 504 1474 555 Landeshoheit. Dieſe Rechte kommen daher auch denjenigen Landes-
243 559 1474 610 herren und Senaten zu, welche gar keine eigenen Kontingente haben,
242 614 1472 665 und jeder Landesherr hat dieſe Rechte hinſichtlich derjenigen Trup-
244 669 1471 720 pentheile, welche in ſeinem Gebiete dauernd oder vorübergehend
243 724 1472 774 ſich befinden, wenngleich ſie einem fremden Kontingente angehören.
244 780 1473 829 Die unter dieſe Kategorie gehörenden Rechte ſind durchweg Ehren-
244 834 1472 884 rechte, die weder hinſichtlich des militairiſchen Befehls noch hin-
244 888 1475 939 ſichtlich der Verwaltung der Truppen-Abtheilungen von erheblicher
241 943 1114 991 praktiſcher Bedeutung ſind. Es ſind folgende:
335 1000 1474 1049 1. Den Bundesfürſten und den Mitgliedern ihrer Familien
242 1054 1473 1104 ſind diejenigen militairiſchen Ehrenbezeugungen zu erweiſen, welche
241 1109 1473 1158 nach den beſtehenden Dienſtvorſchriften dem Landesherrn und ſeinen
242 1163 714 1211 Angehörigen zukommen .
333 1221 1472 1267 2. Die Landesherren ſtehen in dem Verhältniß eines kom-
240 1275 1470 1323 mandirenden Generals zu allen in ihren Gebieten garniſo-
241 1330 1471 1378 nirenden oder vorübergehend dorthin kommandirten Truppen und
240 1383 1466 1435 üben als ſolche neben den Ehrenrechten die entſprechende
241 1440 1469 1489 Disciplinarſtrafgewalt aus ; ſie ſind befugt, in dieſer
242 1495 1470 1544 Beziehung ihre Befehle direkt an die betreffenden Abtheilungs-
243 1550 1472 1598 Kommandeure zu erlaſſen . In demſelben Umfange ſteht ihnen
240 1606 1470 1654 die Dispoſition über die Truppen zu Zwecken des inneren Dienſtes,
240 1660 1468 1708 z. B. zur Stellung von Ehrenpoſten, Wachen u. dgl., zu und die
240 1714 1469 1763 Truppen-Kommandeure haben in dieſer Beziehung ihren Anord-
241 1771 731 1817 nungen Folge zu leiſten .
248 204 290 235 70
362 1849 1470 1887 Vgl. Milit.-Konvent. mit Württemberg Art. 5. Heſſen Art. 7
242 1893 1470 1934 Abſ. 2. Baden Art. 5 Abſ. 1. Mecklenburg Art. 9. Oldenburg
241 1940 1471 1979 Art. 5 Abſ. 1. Vgl. ferner Lübeck §. 4. Hamburg §. 4. Bremen §. 9.
240 1986 1471 2026 Die Befugniß, Regimentsinhaberſtellen zu verleihen, iſt anerkannt für den Groß-
239 2034 1470 2072 herzog von Heſſen in der Milit.-Konv. Art. 3 Abſ. 2; vgl. auch das Schluß-
240 2079 954 2117 protokoll Art. 2 zur Badiſchen Mil.-Konv.
364 2125 1082 2163 Aber keine anderen Rechte des Oberbefehls.
364 2170 1468 2210 Milit.-Konv. mit Heſſen Art. 7 Abſ. 2. Baden und Oldenburg
241 2216 1470 2256 Art. 5 Abſ. 2. Thüringen und Anhalt Art. 8. Waldeck, Schwarz-
241 2261 1065 2299 burg und Lippe Art. 7. Schaumburg Art. 6.
366 2307 1469 2346 Dieſe Befugniß iſt in den Militair-Konventionen auch den Senaten
242 2353 986 2392 von Lübeck, Hamburg und Bremen eingeräumt.
