1600 2610
24 251 1291 298 Reich für alle Zeit ein Bundesſtaat ſein und bleiben müſſe. Die
22 308 1288 354 Verfaſſung geſtattet ebenſo wohl die Fortentwicklung in decentrali-
20 363 1291 413 ſirender, föderaliſtiſcher Richtung als die Conſolidirung zum Ein-
19 419 237 465 heitsſtaat .
113 477 1292 525 Aus dem Weſen des Bundesſtaates ergibt ſich jedoch in einer
21 532 1290 581 andern Richtung eine Garantie der Exiſtenz der Einzelſtaaten und
21 590 1292 638 zwar aus der prinzipiellen Gleichberechtigung aller Mitglieder .
23 646 1292 695 Nach den oben S. 112 fg. entwickelten Grundſätzen muß es als
22 703 1291 752 unzuläſſig erachtet werden, daß einzelnen Staaten ohne ihre Zu-
21 759 1292 808 ſtimmung durch Reichsgeſetz Hoheitsrechte entzogen werden, welche den
21 814 1293 865 übrigen Staaten verbleiben. Daraus folgt, daß um ſo weniger
24 872 1293 920 einzelne Staaten ohne ihre Zuſtimmung ganz aufgehoben, etwa mit
25 927 1290 976 andern vereinigt oder zu Reichsland erklärt, werden können .
28 985 1286 1032 Wenn die Frage daher etwa ſo geſtellt wird, ob die Exiſtenz des
23 1041 1290 1089 zum Bunde gehörenden Staates X. durch die Reichsverfaſſung ge-
22 1097 1292 1145 währleiſtet wird, ſo iſt dies in dem Sinne zu bejahen, daß dieſer
22 1153 1290 1202 Staat als einzelner vor der Unterdrückung durch die Reichs-
22 1210 1292 1258 gewalt allerdings geſchützt iſt; nicht aber in dem Sinne, daß der
21 1266 1290 1314 Staat X. nicht gleichzeitig mit allen übrigen Bundes-
22 1322 1291 1370 gliedern ſeine ſtaatliche Individualität verlieren und im Reichs-
21 1379 1290 1427 ſtaat aufgehen könnte . Hiergegen haben die Staaten keinen andern
22 1435 1291 1484 Schutz als den, daß 14 Stimmen im Bundesrath genügen, um
21 1491 1292 1540 jede Kompetenz-Erweiterung des Reiches zu verhindern, und dieſer
23 1547 1289 1599 Schutz dürfte ſich für ſehr lange Zeit als völlig genügend er-
23 1605 147 1649 weiſen.
115 1662 1291 1712 Völlig zweifellos iſt es ferner, daß die Reichsverfaſſung jeden
21 1718 1287 1768 Bundesſtaat vor gewaltſamen und widerrechtlichen Angriffen ſichert.
1220 164 1286 195 125
338 158 969 196 §. 12. Die Exiſtenz der Einzelſtaaten.
141 1831 1289 1873 Abweichender Anſicht ſcheint v. Gerber zu ſein, indem er Grundz.
28 1875 1291 1920 S. 245 Note 2 eine Erweiterung der Kompetenz nur für zuläſſig erklärt,
25 1923 1290 1968 „ſofern es ſich nicht um eine grundſätzliche Aenderung der Bundesanlage (?)
18 1970 1287 2015 und Verſchiebung der Gewaltverhältniſſe (?), ſondern nur um eine Entwicklung
23 2017 995 2062 der ſchon in der Bundesverf. liegenden Prinzipien handelt.“
143 2065 988 2110 Vgl Laband in Hirth’s Annalen 1874 S. 1515.
144 2113 1287 2157 G. Meyer Erörterungen S. 65 hat daher Unrecht, wenn er ſagt,
20 2160 1288 2204 daß derjenige, der den Vertragscharakter der Bundesverfaſſung gänzlich leugnet,
21 2208 1290 2251 conſequenter Weiſe der Reichsgewalt das Recht zuſprechen müßte, die Exiſtenz
20 2254 1290 2298 der einzelnen Staaten ſelbſt gegen deren Willen — durch Abänderungen des
20 2301 428 2344 Artikels 1 — aufzuheben.
147 2349 857 2393 Dieſen Unterſchied überſieht Riedel S. 8.
