1600 2610
27 272 1296 324 übertragene Gebiet bei Belfort noch um eine Anzahl von Dör-
29 335 295 382 fern vermehrt.
125 384 1300 436 Auch dieſem Vertrage ſind durch ein in Berlin am 15. Mai
33 440 1298 493 1871 unterzeichnetes Protokoll die Bevollmächtigten der drei ſüd-
31 497 1218 550 deutſchen Staaten Namens ihrer Souveraine beigetretreten .
123 552 1300 604 Die Ratifikationen des Friedensvertrages ſind, nachdem die
32 608 1299 665 Franzöſiſche National-Verſammlung am 18. Mai denſelben geneh-
32 665 1302 721 migt hatte, am 20. Mai 1871 zu Frankfurt a/M. ausgetauſcht
33 730 221 775 worden .
125 777 1301 831 Eine nachträgliche Abänderung hat der Umfang des an das
36 833 1302 889 Deutſche Reich abgetretenen Gebietes erfahren durch den Zuſatz-
34 889 1303 945 vertrag von Berlin vom 12. Oktober 1871 Art. 10 , in welchem
37 946 1160 1002 ein Paar Gemeinden an Frankreich zurückgegeben wurden.
130 1001 1303 1053 II. Staatsrechtlich beruht die Zugehörigkeit von Elſaß
35 1057 1304 1114 und Lothringen zum Deutſchen Reiche auf dem Reichsgeſetz
36 1114 1304 1169 vom 9. Juni 1871 , deſſen erſter Paragraph beſtimmt, daß
36 1172 1304 1228 die von Frankreich abgetretenen Gebiete in der — in den vor-
38 1228 1309 1285 ſtehend aufgeführten Verträgen — feſtgeſtellten Begrenzung mit
39 1284 1305 1338 dem Deutſchen Reiche für immer vereinigt werden.
39 1339 1308 1398 § 3 deſſelben Geſetzes überträgt die Ausübung der Staatsgewalt
37 1397 1310 1452 in Elſaß und Lothringen dem Kaiſer, der jedoch bis zum Eintritt
39 1452 1307 1507 der Wirkſamkeit der Reichsverfaſſung bei Ausübung der Geſetz-
45 1508 1308 1566 gebung an die Zuſtimmung des Bundesraths und bei der Auf-
43 1565 1310 1622 nahme von Anleihen, durch welche irgend eine Belaſtung des
46 1621 1311 1678 Reichs herbeigeführt wird, auch an die Zuſtimmung des Reichs-
41 1686 470 1736 tages gebunden wurde.
135 1735 1313 1787 Die Verfaſſung des Deutſchen Reiches ſollte in
44 1791 1311 1847 Elſaß und Lothringen am 1. Januar 1873 in Wirkſamkeit treten;
43 1846 1314 1903 durch Reichsgeſetz vom 20. Juni 1872  iſt dieſer Termin auf
43 1909 759 1957 den 1. Januar 1874 verlegt worden.
1252 178 1295 211 53
285 178 1037 221 §. 6. Die Erwerbung von Elſaß-Lothringen.
171 2022 608 2059 R.-G.-Bl. 1871 S. 238 fg.
168 2069 554 2103 R.-G.-Bl. 1871 S. 240.
170 2109 1316 2153 R.-G.-Bl. 1871 S. 367. 368. Vgl. auch die von der Grenzregulirungs-
45 2155 1315 2205 Kommiſſion vereinbarten Conventionen vom 24/27 und 28/31. Auguſt 1872
47 2209 880 2253 im Geſetzbl. f. Elſaß-Lothringen 1873 S. 283. 287.
170 2259 558 2292 R.-G.-Bl. 1871 S. 212.
172 2307 557 2340 R.-G..Bl. 1872 S. 208.
