1600 2580
289 235 1535 284 vorgeht, iſt ſelbſtverſtändlich. Von Wichtigkeit wird dies nament-
287 289 1536 344 lich in Betreff derjenigen Reichsgeſetze, welche vor Einführung der
288 345 1535 399 Reichsverfaſſung mit Abänderungen und Ergänzungen in Elſaß-
287 401 992 449 Lothringen eingeführt worden ſind .
378 456 1538 512 IV. Der Geſetzgeber kann mit dem Befehl, die im Geſetz
286 512 1539 568 enthaltenen Normen zu beobachten, zugleich eine Anordnung ver-
283 568 1537 622 binden, von welchem Zeitpunkte an dieſer Befehl gelten ſoll. Es
283 622 1535 678 kann auch die Beſtimmung des Anfangstermins vorbehalten bleiben,
280 678 1534 735 ſei es einem beſonderen Geſetz , ſei es einer Verordnung des
282 734 1534 789 Kaiſers  oder Bundesrathes . Iſt aber in dem Reichsgeſetz
280 790 1533 845 der Anfangstermin ſeiner Geltung weder beſtimmt noch die Be-
279 845 1529 900 ſtimmung deſſelben vorbehalten, ſo beginnt die verbindliche Kraft
278 900 1530 954 des Geſetzes mit dem vierzehnten Tage nach dem Ablauf des-
275 957 1531 1012 jenigen Tages, an welchem das betreffende Stück des Reichsgeſetz-
276 1012 1530 1062 blattes in Berlin ausgegeben worden iſt. R.-V. Art. 2 a. E.
277 1068 1530 1123 Aus dieſer Verfaſſungsbeſtimmung ergeben ſich zunächſt zwei Fol-
276 1124 1530 1179 gen, nämlich, daß auf jedem Stück des Reichsgeſetzblattes der Tag
278 1172 1530 1231 angegeben ſein muß, an welchem die Ausgabe deſſelben in Berlin
276 1235 1528 1290 erfolgt iſt , und ferner, daß jedes Geſetz, deſſen Geltungs-
273 1290 1528 1344 termin ſich nach Art. 2 der R.-V. beſtimmt, mag es noch ſo um-
273 1344 1528 1401 fangreich ſein, in Einem Stück des Reichsgeſetzblattes vollſtändig
272 1399 723 1446 abgedruckt werden muß.
293 147 358 178 100
591 144 1243 187 §. 60. Die Wirkungen der Reichsgeſetze.
396 1522 676 1558 Vgl. unten §. 62.
394 1567 1519 1614 Das Geſetz v. 21. Juli 1870 (B.-G.-Bl. S. 498) liefert ein Beiſpiel
269 1614 1517 1672 für ein Geſ., welches lediglich die Beſtimmung des Geltungstermins einer ge-
270 1661 787 1700 ſetzl. Vorſchrift zum Inhalt hat.
395 1708 1522 1753 Beiſpiele: Geſ. v. 23. Okt. 1867 (B.-G.-Bl. S. 53). Geſ. vom
267 1755 1522 1799 4. Juli 1868 §. 39 (B.-G.-Bl. S. 383). Geſ. v. 8. Juli 1868 §. 70 (S. 402).
267 1800 1520 1844 Geſ. v. 12. Juni 1869 §. 27 (B.-G.-Bl. S. 208). Geſ. v. 1. Juni 1870 §. 1
266 1847 1523 1892 Abſ. 2 (B.-G.-Bl. S. 312). — Das Geſ. v. 15. Juli 1871 beſtimmt zwar
266 1893 1525 1938 den Anfangstermin ſeiner Geltung, ermächtigt aber den Kaiſer, die Vorſchrift
264 1939 1521 1984 in §. 1 ſchon vor dem geſetzlichen Termin durch Verordnung in Wirkſamkeit
264 1986 1191 2029 zu ſetzen. (R.-G.-Bl. S. 325. Die Kaiſerl. V. S. 326.)
392 2033 1518 2078 Das Münzgeſ. v. 9. Juli 1873 Art. 1 Abſ. 2 erfordert eine mit Zu-
262 2080 1521 2123 ſtimmung des Bundesrathes erlaſſene Kaiſerl. V., welche mindeſtens drei Mo-
261 2126 1198 2169 nate vor dem Eintritt des Zeitpunktes zu verkündigen iſt.
390 2172 1518 2216 Es iſt dies ausdrücklich vorgeſchrieben in der Verordnung v. 26. Juli
264 2219 1521 2262 1867 §. 2 (B.-G.-Bl. S. 24). Die Verantwortlichkeit des Reichs-
262 2265 1518 2309 kanzlers für den Inhalt des Reichsgeſetzblattes erſtreckt ſich
262 2311 773 2349 auch auf dieſen Vermerk.
