1600 2527
212 265 1353 310 6. Die Bundesſtaaten ſind verpflichtet, die gerichtliche Rechts-
121 320 1353 364 hülfe einander unentgeldlich zu leiſten. Nur die baaren
123 375 1353 420 Auslagen, welche durch eine Ablieferung oder Strafvollſtreckung
122 429 1351 475 entſtehen, ſind der erſuchten Behörde von der erſuchenden zu er-
122 485 1351 530 ſtatten, wenn dieſe Behörden verſchiedenen Staaten angehören; in
122 539 1352 585 allen anderen Fällen können weder Gebühren noch baare Auslagen
119 595 1351 640 liquidirt werden. Auch bei der Strafvollſtreckung darf für die
120 650 1350 696 allgemeinen Koſten der Gefängnißverwaltung u. dgl. Aufwendungen
121 705 1352 750 Nichts in Anrechnung gebracht werden, weil dieſe Koſten nicht
120 759 1351 806 baare Auslagen ſind, welche durch die Strafvollſtreckung in dem
122 815 1351 860 einzelnen concreten Falle entſtehen . Dieſer Grundſatz gilt aber
124 869 1351 914 nur für das Verhältniß der Staaten zu einander, nicht für die
122 924 1350 971 Verpflichtung der Parteien zur Tragung der Koſten des Ver-
120 980 1349 1026 fahrens. Wenn eine zahlungspflichtige Partei vorhanden iſt, was
120 1034 1350 1081 bei bürgerlichen Rechtsſtreitigkeiten regelmäßig, bei Strafſachen
119 1090 1351 1136 dann der Fall iſt, wenn der Angeklagte rechtskräftig verurtheilt
119 1145 1351 1192 worden iſt, ſo ſind von derſelben die Koſten der Rechtshülfe zu
119 1200 1349 1246 erſetzen und die erſuchende Behörde iſt verpflichtet, die Koſten ein-
118 1255 1350 1304 zuziehen und den eingezogenen Betrag der erſuchten Behörde zu
117 1309 362 1355 überſenden .
121 1393 1349 1439 II. Rechtshülfe in Sachen der ſtreitigen Gerichts-
121 1447 1350 1495 barkeit, welche zur Zuſtändigkeit der beſonderen
502 1504 961 1549 Gerichte gehören.
214 1579 1349 1624 1. Die Pflicht der Gerichte des Bundesgebietes, ſich gegen-
122 1633 1348 1680 ſeitig Rechtshülfe zu leiſten, iſt auch hinſichtlich derjenigen bürger-
400 173 1084 221 §. 100. Die Verpflichtung zur Rechtshülfe.
1312 187 1355 221 73
240 1725 1348 1764 Gerichtsverf.Geſ. §. 165 Abſ. 1 u. 2. Es iſt noch beſonders in Rück-
117 1771 1349 1810 ſicht auf die Länder mit franzöſ. Einregiſtrirungs-Syſtem hervorgehoben, daß
119 1816 1350 1855 „Stempel-Einregiſtrirungsgebühren oder andere öffentliche Abgaben, welchen
117 1862 1349 1901 die von der erſuchenden Behörde überſendeten Schriftſtücke nach dem Rechte
116 1908 1231 1946 der erſuchten Behörde unterliegen, außer Anſatz bleiben.“ eod. Abſ. 4.
237 1954 1349 1994 Gerichtsverf.Geſ. §. 165 Abſ. 3. Soweit die Einziehung der Koſten
116 2000 1350 2039 nicht gelingt, trägt die erſuchte Behörde den Ausfall; ebenſo ſind die Koſten
116 2046 1350 2086 der Rechtshülfe in Strafſachen für ſie verloren, wenn der Angeſchuldigte wäh-
116 2094 1350 2131 rend des Verfahrens ſtirbt, wenn das Verfahren eingeſtellt wird oder wenn
117 2139 1350 2197 es zur Freiſprechung führt u. ſ. w., weil es in allen dieſen Fällen an einer
116 2185 550 2222 erſatzpflichtigen Partei fehlt.
236 2231 1348 2270 Vgl. Endemann, Die Rechtshülfe im Norddeutſchen Bunde. In
117 2277 1347 2315 der Zeitſchrift f. Geſetzgebung u. Rechtspflege in Preußen Bd. 3 S. 398 ff.
117 2321 542 2359 (Auch beſonders erſchienen.)
