1600 2544
360 262 1500 308 Von dem hier vorausgeſetzten Falle iſt nun aber ein anderer
268 316 1500 365 wohl zu unterſcheiden; nämlich der, daß die Konvention nicht die
267 371 1499 418 in der Reichsverfaſſung oder den Reichsgeſetzen aufgeſtellten Rechts-
268 426 1501 475 ſätze abändert, ſondern nur die Ausübung der durch dieſe Rechts-
269 480 1502 529 ſätze dem Kaiſer übertragenen Oberbefehlshaber-Befugniſſe betrifft.
271 535 1503 583 Nur dieſer letztere Fall iſt in den bisher abgeſchloſſenen Konven-
270 590 1502 638 tionen gegeben; ſie enthalten nur Zuſicherungen über die Art und
273 646 1505 693 Weiſe, in welcher die dem Kaiſer verfaſſungsmäßig eingeräum-
271 700 1507 748 ten Befugniſſe ausgeübt werden ſollen . Dieſe Konventionen
273 754 1506 802 reichen an das Niveau der Geſetzgebung, insbeſondere der Ver-
274 808 1507 859 faſſung, gar nicht hinan; ſie laſſen die verfaſſungsmäßig oder reichs-
275 863 1508 913 geſetzlich ſanctionirten Rechtsſätze völlig unberührt; ſie äußern ihre
276 918 1510 967 Wirkungen ausſchließlich auf dem Gebiet der Verwaltung, in specie
278 971 1510 1021 des militairiſchen Oberbefehls, welches der freien Entſchließung
277 1027 1510 1076 des Kaiſers unterſtellt iſt . Aus dieſem Grunde bedurften auch
277 1081 1510 1132 dieſe Konventionen nur der Genehmigung des Kaiſers, nicht der-
276 1136 1513 1189 jenigen des Bundesrathes und Reichstages, und ebenſowenig einer
278 1190 1513 1241 ordnungsmäßigen Verkündigung im Reichsgeſetzblatt. Es genügt
280 1242 1511 1295 eine Mittheilung der Konventionen an Bundesrath und Reichs-
279 1298 1506 1352 tag behufs Conſtatirung, daß die Konventionen nicht in das
281 1357 928 1403 Gebiet der Geſetzgebung eingreifen.
374 1406 1516 1458 4. Auf die Konventionen mit Sachſen, Württemberg und
282 1462 1516 1516 Bayern beziehen ſich die vorſtehenden Ausführungen nicht, jede
282 1515 1515 1569 derſelben hat vielmehr einen eigenthümlichen juriſtiſchen Charakter.
372 1572 1514 1625 a) Die Konvention mit dem Königreich Sachſen iſt am
284 1626 1515 1680 7. Februar 1867 abgeſchloſſen worden, alſo vor Einführung der
284 1681 1517 1732 Verf. des Nordd. Bundes. Im Eingange der Uebereinkunft wird
283 1736 1521 1787 bemerkt, daß dieſelbe geſchloſſen werde, „um die Beſtimmungen
285 1789 1522 1841 der Verfaſſung des Nordd. Bundes über das Bundeskriegsweſen
286 1844 1523 1894 den beſonderen Verhältniſſen des Königreichs Sachſen anzupaſſen“,
285 1899 1523 1950 und ſie wird bezeichnet als eine „auf der Grundlage des Friedens-
287 1953 1525 2006 vertrages vom 21. Oktober getroffene beſondere Verabredung,
344 179 1459 219 §. 78. Die Einheitlichkeit des Militairrechts und der Heeres-Einrichtungen.
267 186 310 218 30
414 2090 1526 2134 Ausgenommen ſind hiervon die einigen kleineren Staaten zeitweiſe be-
289 2137 1526 2181 willigten Nachläſſe von den Militair-Ausgaben. Dieſelben hatten
289 2182 1527 2227 nur für die Uebergangszeit praktiſche Bedeutung und können hier unerörtert
290 2237 403 2267 bleiben.
414 2278 942 2318 Vgl. Hänel Studien I S. 246.
