1600 2494
176 227 1452 279 veranschaulichen; unten ist der Schacht zusammengezogen und an zwei
175 263 1452 319 gegenüberliegenden Seiten oberhalb der vorhandenen beiden Auszieh-
176 308 1453 363 öffnungen durch Treppenroste, aus starken eingemauerten Eisenbalken
176 348 1453 404 gebildet, begrenzt, welche der Luft freien Zutritt bis in das Innere des
177 390 1454 444 Ofens gewähren. Ein Abrutschdach führt die Erze nach den beiden
178 435 1455 487 unter den Treppenrosten angebrachten Ziehöffnungen hin, von wo sie
178 476 1457 529 durch eine Lutte in die tiefer stehenden Wagen hinabstürzen. Dieser
177 519 1457 571 etwas schwerfällige Unterbau ist durch locale Verhältnisse (Anordnung
178 570 976 614 der Oefen am Abhange des Berges) bedingt.
261 607 1457 664 Die Abmessungen der in verschiedenen Zeiten und an verschiede-
179 653 1457 706 nen Orten erbauten Oefen dieses Systems sind nicht immer dieselben.
179 699 1458 746 Bei den neueren Oefen zu Eisenerz ist der Schacht vierseitig prisma-
179 739 1458 793 tisch geformt; die Breite misst 2.85 m, die Länge 4.50 m und bei anderen
180 783 1459 832 6.50 m; die Höhe 4—5 m. Die grösseren Oefen haben einen Raum-
181 820 1459 875 inhalt von 85 cbm und liefern täglich 15—20 Tonnen geröstetes Erz;
180 855 1461 928 röstet man nur gröbere Stücke, so steigt die Leistung auf 30—40 Tonnen.
180 904 1444 954 Rechnet man, dass die Spatheisensteine beim Rösten durchschnittlich
181 946 1463 1002 25 Proc. ihres Gewichtes verlieren, so würde jene Gesammtleistung einer
181 985 1464 1042 täglichen Leistung von ca. 300 kg klarem beziehentlich 450—550 kg
182 1027 1463 1087 grobem Roherz per cbm, durchschnittlich etwa 450 kg per cbm ent-
183 1083 340 1123 sprechen.
268 1114 1466 1171 Der Brennstoffverbrauch beträgt ca. 50 kg Holzkohlenklein per
195 1163 481 1204 1000 kg Roherz.
270 1210 1465 1261 Für schwefelkiesreichere Spathe, wie sie u. a. in Mariazell ver-
185 1250 1468 1307 hüttet werden, ist durch Wagner noch eine geänderte Form dieses
187 1292 1467 1341 Ofens eingeführt worden. Der Ofen ist durch eine in seiner ganzen
187 1335 1466 1390 Länge sich erstreckende Scheidewand in zwei Hälften, richtiger in zwei
188 1377 1468 1433 mit dem Rücken aneinander stossende Oefen getheilt worden, deren
188 1422 1467 1474 Breite verhältnissmässig gering ist (0.95 m), während sie eine Längen-
189 1464 1467 1508 ausdehnung von fast 20 m erhalten haben. Sowohl die äusseren Um-
188 1503 1468 1549 fassungswände als die in der Mitte befindliche Scheidewand sind von
190 1545 1503 1592 Kanälen durchzogen, welche durch zahlreiche auf den Wandflächen ver-
190 1585 1472 1652 theilte Oeffnungen Luft in den Ofen führen, so dass bei der geringen
191 1632 1472 1681 Breite des letzteren die ganze Erzsäule daran durchdrungen wird.
192 1669 1474 1725 Obschon der Brennstoffverbrauch infolge der reichlicheren Luftzuführung
194 1715 1473 1771 ungünstiger ausfällt (ca. 70 kg per 1000 kg Erz), ist die Oxydations-
194 1761 585 1802 wirkung eine stärkere.
279 1851 1478 1920 Es möge hier zugleich der zum Rösten klarer, dicht liegender
197 1894 1459 1950 Erze bestimmten, schon oben kurz erwähnten kärntnischen Gasröstöfen
196 1936 1481 2010 gedacht werden, welche man nach ihrem Erfinder Fillafer’sche
197 1990 1446 2038 Röstöfen zu benennen pflegt. Sie wurden zuerst auf dem Eisenwerke
284 153 1349 189 Die Erze nebst Zuschlägen und ihre Vorbereitung für die Verhüttung.
175 153 236 185 208
333 2085 1482 2132 Die Zahlenangaben sind der unter Literatur erwähnten Abhandlung von
200 2096 1472 2174 E. Gruner entnommen, welche ausführliche Mittheilungen über sämmtliche in Steier-
201 2160 1156 2200 mark und Kärnten angewendete Röstöfen für Eisenerze enthält.
336 2187 1485 2242 Abbildung dieses Ofens findet der Leser u. a. in Kerl’s Grundriss der
202 2226 1484 2280 Eisenhüttenkunde, S. 72, Leipzig 1875; Percy-Wedding, Handbuch der Eisen-
203 2258 1469 2308 hüttenkunde, Abth. II, S. 450. Da der Ofen aus localen Verhältnissen hervorgegangen
205 2300 1212 2347 war, ist von einer Wiedergabe der Abbildung Abstand genommen.
