1600 2494
593 158 938 193 Der Koks; Darstellung.
127 241 1422 287 günstigt, sondern auch die Verbrennung der Kohle nach Möglichkeit
127 281 1422 329 beschränkt ist. Der Process verläuft infolge hiervon rasch, der Ofen
125 324 1421 377 ist auch zum Verkoken magerer Kohlen geeignet und das Ausbringen
128 364 1426 415 ist ein günstiges. Diesen unleugbaren Vortheilen aber stehen nicht
129 406 1425 457 allzu leicht wiegende Nachtheile gegenüber. Hierher gehört vor allen
129 446 1426 494 Dingen die hohe Summe der Anlagekosten, welche nach einer Berech-
122 487 1424 539 nung von Gillon, bezogen auf die Leistung an erzeugten Koks, 5/3
130 528 1427 583 bis doppelt so gross ist als bei allen liegenden Oefen.  Ferner ist die
131 571 1427 627 Ausführung der Reparaturen schwierig, und besonders nachtheilig hier-
131 613 1429 667 bei ist der Umstand, dass der ganze Ofen kalt gelegt werden muss,
132 655 1366 709 wenn auch nur an einigen Kammern Reparaturen nothwendig sind.
212 697 1429 744 In neuerer Zeit sind verschiedene Aenderungen der ursprünglichen
132 738 1432 795 Form des Appolt’schen Koksofens eingeführt worden. C. Goedecke
133 781 1433 837 legt statt zwei Reihen Kammern deren vier nebeneinander an und fügt
134 822 1430 871 zwischen denselben statt der Bindesteine des Appolt’schen Ofens senk-
134 864 1433 920 rechte Mauerzungen ein, welche ebenso wie diese die Standfestigkeit
136 906 1433 961 der Kammern erhöhen, dabei aber senkrechte Kanäle bilden, in denen
137 949 1434 1005 die Gase gezwungen sind, sich auf- und abwärts zu bewegen, ehe sie
136 993 1435 1045 in die gemeinschaftlichen Essenzüge gelangen. Je vier Kammern ent-
138 1032 1435 1088 lassen ihre Gase in einen gemeinsamen Kanal; die Austrittsspalten für
138 1075 1436 1129 die Gase sind bei einigen Oefen dieser Art in der ganzen Höhe der
167 1119 1436 1163 Kammern vertheilt. Eine andere wesentliche Verbesserung bei diesem
139 1160 1438 1214 Ofen gegenüber der älteren Construction besteht in der Anwendung
139 1203 1438 1251 eiserner Säulen und Balken zum Tragen des ganzen Oberbaues anstatt
140 1243 1441 1296 der gemauerten Pfeiler; dadurch wird der ganze Raum unterhalb der
139 1287 1439 1345 Retorten luftiger, leichter zugänglich, und die Entleerung der Kammern
142 1340 723 1381 weniger beschwerlich als früher.
222 1373 1440 1422 Auch C. Palm suchte eine günstigere Erhitzung der Kammern
144 1413 1440 1468 des Appolt’schen Ofens zu bewirken, indem er zwischen den Kam-
143 1455 1440 1510 mern Zungen einbaute, welche, abweichend von dem Goedecke’schen
170 1496 1443 1552 Ofen, in wagerechter Lage übereinander angeordnet sind, und so die
145 1538 1443 1596 Gase allmählich ansteigend hin- und herführen, bis sie aus dem obersten
178 1590 944 1632 Horizontalkanale in den Essenzug eintreten.
584 1672 984 1716 b) Wagerechte Oefen.
227 1719 1445 1774 Dieselben sind durch eine weit grössere Zahl verschiedener „Systeme“
151 1761 1445 1814 als die senkrechten vertreten. Ihre Anlagekosten sind geringer, die
150 1802 1446 1861 Reparaturen leichter ausführbar, die Bedienung einfacher; aber aller-
181 1845 1447 1904 dings ist die erforderliche Grundfläche für eine gegebene Gesammt-
151 1885 1449 1946 leistung reichlich doppelt so gross als bei jenen. Die Länge dieser
153 1928 1448 1992 Oefen pflegt 7—9 m zu betragen; eine Ueberschreitung dieses Maasses
153 1970 1449 2035 würde nicht nur die Bedienung, sondern auch die Erzielung einer gleich-
154 2014 1450 2074 mässigen Erhitzung erschweren. Die Höhe beträgt gewöhnlich 1—1.5 m
174 2055 1452 2116 bis unter das Gewölbe, welche den Ofen oben abschliesst, oder 0.9—1 m
154 2101 1451 2155 bis zu den Austrittsöffnungen für die Gase, welche sich regelmässig an
1379 157 1418 188 67
1220 2339 1253 2364 5*
284 2199 1285 2244 Anlagekosten eines Ofens mit 18 Kammern 30000—40000 Mark.
285 2228 1454 2284 Abbildungen dieses Ofens: Dürre, die Anlage und der Betrieb der Eisen-
157 2268 1250 2317 hütten, Bd. 1, S. 261 ff.; vergl. auch Patentschrift Nr. 9853 und 7825.
285 2316 600 2343 D. R. P. Nr. 10934.
