1600 2494
268 240 1463 296 Möglicherweise spielt auch Stickstoffsilicium, welches nach Wöhler
184 282 1464 341 und Deville bei Einwirkung beider Körper auf einander in hoher
183 320 1465 390 Temperatur entsteht, durch Glühen im Wasserdampfe aber zerlegt wird ,
185 372 1446 421 mitunter eine Rolle. Nachgewiesen ist dessen Anwesenheit bei irgend
184 418 869 462 einem Eisenhüttenprocesse noch nicht.
214 511 1442 552 Einflüsse des Siliciumgehaltes auf die Eigenschaften des Eisens.
269 575 1505 630 Dass ein Siliciumgehalt des Eisens den Sättigungsgrad desselben
185 620 1468 673 im flüssigen Zustande für Kohlenstoff abmindert und beim Erstarren
186 655 1468 715 den im flüssigen Zustande aufgenommenen Kohlenstoff ganz oder theil-
186 697 1468 756 weise zur Ausscheidung als Graphit veranlasst, wurde bereits mehrfach
186 740 1469 800 hervorgehoben und möge hier nur der Vollständigkeit halber nochmals
187 799 481 830 erwähnt werden.
270 822 1459 879 Im Uebrigen sind die Einflüsse, welche durch den Siliciumgehalt
186 871 1471 934 auf die physikalischen Eigenschaften des Eisens geübt werden, denen
187 915 1460 967 des Kohlenstoffes ähnlich, aber bei gleichen Mengen beider Körper weit
189 964 467 1006 weniger kräftig.
271 998 1472 1050 Die Festigkeit des Eisens wird durch einen Siliciumgehalt bis zu
188 1035 1472 1089 einer noch nicht genau ermittelten Grenze desselben erhöht; aber die
189 1082 1472 1134 Zähigkeit wird nach Müller durch einen Siliciumgehalt bis zu 0.7 Proc.
189 1124 1472 1176 weniger als durch einen Kohlenstoffgehalt, welcher die gleiche Festig-
190 1165 1473 1216 keitssteigerung hervorruft, verringert.  Dass dieser Einfluss nur in
190 1206 1474 1259 solchen Fällen sich geltend machen kann, wo nicht neben dem Silicium
191 1247 1476 1304 auch Kohlenstoff in solchen Mengen zugegen ist, dass Graphitbildung
193 1297 774 1336 eintritt, versteht sich von selbst.
276 1326 1475 1387 Ein Eisen mit 7.4 Proc. Silicium, von Mrázek, wie oben erwähnt,
192 1369 1477 1437 dargestellt, war in der Kälte brüchig, vollständig undehnbar; in Roth-
192 1416 1466 1472 gluth aber liess es sich mit Vorsicht, in Weissgluth mit Leichtigkeit
193 1457 1478 1507 schmieden, ein Beweis dafür, dass die Schmiedbarkeit weit weniger
194 1505 1413 1554 durch einen Siliciumgehalt als durch einen Kohlenstoffgehalt leidet.
279 1548 1478 1598 Ebenso ist der Einfluss des Siliciums auf die Härte des Eisens
195 1591 1479 1642 ein sehr geringer. Müller fand, dass ein Stahl mit 1.5 Proc. Silicium
194 1623 1479 1689 und 0.2 Proc. Kohle weniger hart war, als selbst ein ungehärteter Stahl
194 1672 1479 1726 mit 0.4 Proc. Kohle ohne Silicium; Mrázek bestimmte die Härte des
195 1714 1481 1764 mehrfach erwähnten Siliciumeisens mit 7.4 Proc. Silicium zu 5.5 der
195 1759 1480 1825 mineralogischen Härtescala (zwischen Apatit und Feldspath), diejenige
195 1808 1480 1848 eines Siliciumeisens mit 1.4 Proc. Silicium bei 0.17 Proc. Kohle zu 4.5—5.
199 1838 1481 1892 Beim Ablöschen des glühenden Siliciumeisens in kaltem Wasser, ent-
195 1883 1482 1939 sprechend dem Verfahren zum Härten des Kohlenstahles, ist keine
195 1923 1482 1984 erhebliche Steigerung der Härte bemerkbar, die Härtungsfähigkeit des
195 1964 1483 2028 Stahles wird also durch den Siliciumgehalt nicht gesteigert. Die Ur-
196 2011 1483 2066 sachen, welche die Härtungsfähigkeit des Kohlenstahles bedingen, fallen
196 2066 460 2108 eben hier weg.
280 2089 1485 2161 Die Schmelztemperatur des Eisens wird durch einen Siliciumgehalt
197 2138 1465 2196 erniedrigt; aber auch in dieser Beziehung zeigt sich eine erheblich
280 166 1368 203 Das metallurgisch-chemische Verhalten des Eisens und seiner Begleiter.
183 169 247 199 244
327 2234 1485 2284 Liebig’s Jahresberichte über die Fortschritte der reinen pharmaceutischen
198 2282 778 2315 und technischen Chemie 1859, S. 154.
328 2315 857 2350 Glaser’s Annalen, Bd. X, S. 210.
