1600 2494
273 140 1366 176 Das metallurgisch-chemische Verhalten des Eisens und seiner Begleiter.
256 218 1451 259 Durch Zusammenschmelzen der Metalle oder durch Schmelzen von
171 259 1452 309 Aluminiumchlorid mit Eisen, Kalk und Kohle lassen sich Legirungen
170 294 1453 363 mit beliebigem Aluminiumgehalte darstellen, welche jedoch eine tech-
171 344 1437 395 nische Anwendung nicht gefunden haben. Deville, sowie Calvert
171 383 1452 434 und Johnson, welche solche Legirungen darstellten, beschreiben sie
170 433 834 474 als ausserordentlich hart und spröde.
254 471 1423 517 Calcium und Magnesium legiren sich schwierig oder gar nicht
170 508 1452 550 mit dem Eisen. Da ausserdem eine Reduction derselben aus ihren
170 558 1397 603 Oxyden durch Kohle nicht möglich ist, so lässt sich annehmen, dass,
170 588 1454 642 wo diese Metalle im Eisen gefunden wurden, sie nicht Bestandtheile des
168 635 1455 686 Eisens sondern der dem Eisen beigemengten Schlacke bildeten.  Ebenso
170 680 1455 742 wie Calcium und Magnesium verhalten sich Barium und Strontium.
253 723 1437 772 Kalium und Natrium dagegen sind durch Kohle reducirbar und
169 756 1455 812 legiren sich — wie wenigstens hinsichtlich des Kaliums mit Bestimmt-
170 804 1454 850 heit durch Gay-Lussac nachgewiesen worden ist — mit dem Eisen.
173 840 1456 894 Es ist daher nicht unwahrscheinlich, dass sehr kleine Mengen beider
171 885 1456 934 Metalle bei der Eisendarstellung im Hochofen reducirt und mit dem
170 924 1455 976 Eisen legirt werden können.  Einen merkbaren Einfluss auf die Be-
170 970 1456 1024 schaffenheit des Eisens aber besitzen diese kleinen Mengen der genannten
172 1018 411 1051 Metalle nicht.
472 1100 1169 1145 15. Eisen und Zinn, Blei, Zink.
256 1151 1457 1215 Mit Zinn lässt sich Eisen ohne Schwierigkeit legiren und wird
171 1201 1542 1254 dadurch hart, spröde, rothbrüchig. Der in einzelnen seltenen Fällen
170 1237 1471 1299 in den Eisenerzen auftretende Zinngehalt ist jedoch zu unbedeutend.
174 1291 1208 1339 um einen Einfluss in dieser Beziehung üben zu können.
255 1332 1454 1380 Blei findet sich als eingesprengter Bleiglanz nicht selten in Eisen-
171 1374 1441 1425 erzen und wird mit dem Eisen reducirt. Dass jedoch das Blei sich
173 1410 1459 1467 schwierig mit dem Eisen legire, wurde schon oben hervorgehoben. Die
173 1456 1460 1509 Folge davon ist, dass das reducirte Blei sich vermöge seines grösseren
172 1499 1460 1541 specifischen Gewichtes von dem Eisen sondert und getrennt von dem-
172 1527 1462 1591 selben gewonnen werden kann, ein Verfahren, welches thatsächlich auf
173 1583 1412 1633 verschiedenen Eisenwerken in Anwendung ist. Gewöhnlich enthält das
173 1613 1461 1676 Blei Silber, welches sich ebenfalls schwierig mit dem Eisen, sehr leicht
173 1655 1460 1720 dagegen mit dem Blei legirt und später von diesem geschieden wird.
172 1702 1462 1752 Auf verschiedenen oberschlesischen Eisenwerken bildet der Erlös für
173 1737 1462 1800 das solcherart gewonnene silberhaltige Blei einen nicht unwichtigen Theil
174 1796 784 1837 des Gesammtertrages des Werkes.
263 1830 1462 1886 Zink bildet ebenfalls einen nicht seltenen Begleiter der Eisenerze
176 1873 1464 1929 und wird beim Verhütten derselben reducirt. Die geringe Legirbar-
177 1909 1465 1972 keit zwischen Eisen und Zink einerseits und die Flüchtigkeit des Zinks
181 1954 1464 2014 in hohen Temperaturen andrerseits bewirken nun aber, dass das redu-
176 2005 1466 2048 cirte Zink in solchen Fällen mit dem Gasstrome davon geführt wird,
178 2026 1465 2097 um dann später bei der Berührung mit oxydirenden Gasen — freiem Sauer-
171 143 233 172 266
303 2131 1465 2190 Fresenius fand im Müsener Spiegeleisen 0.045 Proc. Magnesium und
174 2164 1466 2232 0.091 Proc. Calcium, ausserdem aber Kieselsäure und Sauerstoff. Percy-Wedding,
175 2211 1436 2253 Eisenhüttenkunde, Abth. 2, S. 762; Kerl, Grundriss der Eisenhüttenkunde, S. 42.
304 2229 1468 2291 Fresenius fand in dem erwähnten Spiegeleisen 0.063 Proc. Kalium und
177 2281 427 2313 Spuren Natrium.
