1600 2494
185 231 1468 278 anzunehmen, den Verlauf dieses oder jenes Processes in oft sehr stören-
184 277 601 311 der Weise beeinflussen.
267 310 1417 361 Besonders ist dieses der Fall, wenn die Gasausscheidung innerhalb
182 355 1463 408 geschmolzenen Eisens stattfindet. Nicht allein ist mitunter ein lebhaftes
183 396 1463 463 Aufwallen des flüssigen Metalls, bei welchem Theilchen desselben um-
183 439 1455 487 hergeschleudert werden und Verletzungen der Arbeiter hervorrufen
182 476 1463 546 können, die Folge davon ; setzt sich das Entweichen der Gase bis zum
183 519 1464 584 beginnenden Erstarren des Eisens fort, so können die zuletzt gebildeten
183 564 1465 618 Gasblasen nicht mehr aus dem bereits halbstarren Metalle austreten, sie
183 608 1419 659 werden in demselben zurückgehalten und sind später auf der Bruch-
183 641 1466 715 fläche des Eisenstückes als Löcher von rundlicher, birnenförmiger oder
184 687 1519 755 wurmförmiger Gestalt, theils mikroskopisch klein, theils bis zu Wall-
183 736 1467 799 nussgrösse oder darüber erkennbar. Es kommt vor, dass ein ganzes
184 771 1431 818 Eisenstück von solchen Gasblasen durchsetzt ist. Die Verwendbarkeit
187 822 1379 863 des Eisens aber wird durch dieselben oft erheblich beeinträchtigt.
267 862 1465 915 Dass flüssiges Eisen fähig sei, Gase zu lösen und unter geänderten
184 898 1468 961 Verhältnissen ganz oder theilweise wieder zu entlassen, lehrt häufig
185 946 1497 1003 schon der Augenschein. In nicht seltenen Fällen ist die ganze Ober-
186 982 1468 1055 fläche geschmolzenen Eisens mit einer Schicht brennender Gase bedeckt,
186 1036 1542 1099 welche offenbar aus dem Eisen entwichen waren, und sich sofort ent-
185 1072 1435 1127 zündeten; das Aeussere dieser Flammendecke aber weist gewöhnlich
185 1114 1467 1169 auf die Anwesenheit reichlicher Mengen von Wasserstoffgas in dem
186 1152 1468 1221 Gasgemenge hin. In anderen Fällen findet ein förmliches Spratzen des
186 1195 1540 1257 Metalls statt, wobei Theile desselben durch die heftig entweichenden
188 1245 927 1289 Gase oft weit umhergeschleudert werden.
274 1281 1469 1340 Verschiedene Umstände können das Entweichen von vorher gelöst
190 1338 746 1378 gewesenen Gasen herbeiführen.
271 1381 1486 1452 War das Metall in einer stärker gepressten Gasatmosphäre ge-
187 1430 1469 1492 schmolzen, wie es z. B. im Eisenhochofen der Fall ist, und es tritt nun
188 1471 1436 1521 aus dem Schmelzofen aus, so verringert sich mit dem Gasdrucke auch
191 1512 1405 1559 das Lösungsvermögen für Gase, und ein Theil derselben entweicht.
271 1555 1524 1613 Vielfach giebt auch die Bewegung des fliessenden Metalls Ver-
187 1584 1014 1653 anlassung zum Entlassen von gelösten Gasen.
272 1647 1471 1714 Hauptsächlich aber ist es der Uebergang aus dem flüssigen in den
188 1684 1425 1745 festen Zustand, welcher eine reichliche Ausscheidung der gelösten Gase
281 151 1378 187 Das metallurgisch-chemische Verhalten des Eisens und seiner Begleiter.
183 153 246 184 268
317 1784 1453 1830 Beim Einwerfen kalter Eisenstücke in geschmolzenes Metall entstehen oft
187 1811 1471 1867 gefährliche Explosionen, offenbar infolge des plötzlichen Entweichens eines von dem
186 1858 610 1893 kalten Eisen gelösten Gases.
317 1891 1473 1939 Nicht zu verwechseln sind diese durch Gasblasen gebildeten Löcher mit
188 1926 1474 1975 denjenigen Hohlräumen, welche infolge der Schwindung, d. h. der allmählichen, von
187 1953 1445 2015 aussen nach innen fortschreitenden Volumenverkleinerung eines gegossenen Metall-
188 1982 1450 2049 blocks beim Erkalten sich an derjenigen Stelle zu bilden pflegen, wo das letzte flüssige
187 2029 1474 2073 Metall sich befand. Jene Gasblasen haben glatte oder doch unregelmässig gestaltete
187 2063 1335 2109 Wandflächen, die Wände der Schwindungshohlräume dagegen pflegen mit krystalli-
187 2084 1472 2149 nischen Bildungen bedeckt zu sein. Vergl. hierüber: A. Ledebur, Das Roheisen,
186 2133 1474 2185 2. Aufl., S. 35; A. Ledebur, Verarbeitung der Metalle auf mechanischem Wege, S. 99.
274 2166 1402 2227 Man vergegenwärtige sich, dass auch andere Flüssigkeiten, z. B. Wasser,
187 2192 1475 2242 um so reichlichere Mengen von Gasen zu lösen vermögen, einem je höheren Drucke
189 2229 1503 2274 sie ausgesetzt sind; und dass sie ebenfalls die gelösten Gase wieder entlassen, wenn
188 2260 1339 2301 der Druck aufhört (Beispiel: das Oeffnen einer mit kohlensaurem Wasser gefüllten
187 2292 312 2328 Flasche).
