1600 2574
268 211 1507 246 Werden nun auch in diesem Strahlenkegel durch den Schirm S S in der früheren
195 252 1505 285 Weise die mittleren Strahlen abgehalten, so werden sich bei C auch nur zwei Strah-
196 294 1506 326 lenbüschel kreuzen können, welche bei 3 und 4 die Retina erleuchten. Die beiden
195 336 1514 372 vorgeführten Fälle unterscheiden sich darin voneinander, dass in dem ersteren
197 376 1506 412 die Bilder auf der Retina entsprechend den Oeffnungen vor dem Auge liegen, wäh-
195 417 1508 451 rend sie in dem zweiten gekreuzt sich finden, so dass das auf der Retina untere Bild
195 458 1507 493 von den Strahlen herrührt, die durch die obere Oeffnung des Schirmes fielen und
195 498 1507 534 umgekehrt. — Liegt aber endlich der Leuchtpunkt A in einer solchen Entfernung,
197 538 1507 574 dass der Kreuzungspunkt seiner das Auge treffenden Strahlen auf die Retina fällt,
196 579 1505 617 so kann begreiflich durch Einschiebung eines Schirmes, der einen Theil dieser Strah-
195 622 1507 661 len abhält, keine andere Folge erzeugt werden als die, dass das Bild auf der Retina
194 664 586 689 lichtschwächer erscheint.
284 705 1506 751 Die Weite des deutlichen Sehens sowohl, als die Lage der Gren-
195 756 1507 799 zen zum Auge erweisst sich nun verschieden, je nach mannigfachen
193 804 1506 848 Umständen. Namentlich aber ist a) das Auge niemals gleichzeitig für
195 853 1506 886 die in der horizontalen und vertikalen Ebene verlaufenden Strahlen
196 902 1504 946 eingestellt. Diese von Ad. Fick  festgestellte Thatsache findet ihre
194 952 1505 998 Begründung darin, dass die in der vertikalen Ebene liegenden Krüm-
193 1002 1505 1044 mungshalbmesser der brechenden Flächen andere sind als die in der
193 1053 1506 1099 horizontalen Ebene vorkommenden. Nach Ad. Fick sind die Augen ge-
193 1104 1503 1148 wöhnlich für die Strahlen der horizontalen Ebene eingestellt. —
192 1154 1502 1197 b) Wenn das Auge für die Strahlen eingestellt ist, welche auf den
192 1203 1504 1247 mittleren Theil der Cornea fallen, so vereinigen sich auf der Retina
193 1252 1503 1301 die Randstrahlen der Cornea nicht, Moser . Diese Erscheinung fin-
193 1304 1500 1351 det ihren Grund in der sphärischen Aberration. — c) Der Nähepunkt
192 1355 1502 1401 rückt nach H. Meyer  an das Auge um einige Millimeter heran,
192 1407 1503 1452 wenn man dasselbe von aussen nach innen richtet. Auf die möglichen
193 1456 1503 1502 Gründe dieser Erscheinung werden wir alsbald eingehen. d) Die Ent-
192 1505 1502 1551 fernung der Grenzpunkte der deutlichen Sehweite der beiden Augen
193 1554 1502 1600 ein und desselben Individuums ist sehr häufig eine verschiedene, in
193 1603 1502 1649 der Art, dass von den beiden Augen das eine fernsichtiger ist als
193 1652 1502 1694 das andere. — e) Die Ausdehnung der deutlichen Sehweite sowohl,
193 1699 1503 1739 als die Entfernung ihres Nähepunktes von der Cornea wechselt bei
192 1747 1502 1786 demselben Individuum mit dem Alter, namentlich entfernt sich mit
193 1796 1502 1842 dem steigenden Alter der Nähepunkt vom Auge; mit andern Worten
192 1846 1502 1889 das alternde Auge wird fernsichtig. — f) Durch eine Reihe von Arznei-
191 1896 1501 1943 mitteln, welche örtlich auf das Auge angewendet werden, lässt
190 1945 1501 1991 sich der Raum des deutlichen Sehens einengen, indem durch Einträu-
192 1992 1501 2040 feln von flüssigem Belladonna- und Hyoszyamusauszug der Nähe-
191 2041 1500 2088 punkt sich vom Auge entfernt; man schreibt diesen Erfolg einer Läh-
191 2089 1500 2136 mung des muskulösen Einrichtungsapparates zu. — g) Die Augen der
193 2136 1499 2186 einen Individuen sind entweder durch Erziehung oder durch ange-
592 127 1108 159 Lage des Nähe- und Fernpunktes.
198 125 262 156 210
258 2254 1498 2290 Henle u. Pfeufer. Neue Folge II. Bd. — Siehe hierüber auch Müller in Poggendorfs An-
258 2287 418 2311 nalen 86 Bd.
256 2319 548 2348 Dove’s Repertor. l. c.
254 2353 730 2387 Henle u. Pfeufer V. Bd. 388 (1846).
