1600 2607
197 213 1526 249 viel zurückhält, als nach gewissen wenig begründeten Annahmen nöthig ist, um mit
198 257 1210 295 dem Eiweiss die bezeichnete hypothetische Verbindung zu bilden.
289 318 1525 363 Der Gehalt der Blutflüssigkeit an Eiweiss freiem und an Natron ge-
198 367 1059 411 bundenem schwankt zwischen 7,9 bis 9,8 pCt.
270 440 1525 477 Das Eiweiss wird aus der Blutflüssigkeit entweder durch Gerinnung in der Hitze
200 485 1524 519 oder mittelst des Polarisationsapparates quantitativ bestimmt. — Bedient man sich
198 528 1525 566 der ersteren Methode, so muss das Blut, bevor es erhitzt wird, durch Essigsäure
198 572 1524 615 genau neutralisirt werden (Scherer). Das Coagulum wird filtrirt, gewaschen und
198 615 1523 652 bei 120° C. getrocknet; darauf wird ein Antheil gepulvert mit Aether ausgezogen,
197 658 1524 696 um seinen Fettgehalt zu ermitteln, und endlich verbrannt, wodurch der Aschenrück-
197 702 1523 742 stand gegeben wird. Die Anwendung dieser Vorsichtsmassregeln schützt aber doch
198 747 1522 785 noch nicht vor Fehlern, weil das Eiweiss bei seiner Gerinnung, ausser Na Cl,
196 792 1523 827 2 NaO PO5 und Fetten, auch noch andere, von dem Gerinnsel nicht mehr zu sondernde
201 836 1523 871 Stoffe einschliesst, wie z. B. die Hüllen der Lymphkörperchen, organische Salze,
198 880 1524 915 Farbstoffe u. s. w. Die Gerinnungsmethode würde aber als ganz unsicher zu ver-
196 926 1525 960 lassen sein, wenn sich die Angabe von Lieberkühn bestätigte, wonach nicht
199 970 1523 1003 allein Albumin, sondern auch Caseïn aus neutralen oder sauren Salzlösungen durch
197 1015 1521 1049 Kochen gefällt wird. — A. Becquerel bedient sich zur Analyse des Eiweisses in
199 1057 1523 1092 der Blutflüssigkeit des Biotschen Polarisationsapparates. Gegen diesen ausserordent-
194 1101 1523 1136 lich einfachen Weg hat Lehmann den Einwand erhoben, dass er wegen des im
196 1145 1524 1177 Blute vorhandenen Zuckers unanwendbar sei; es wäre sehr zu wünschen, dass die-
198 1189 1550 1225 ser, in der That bestehende, aber technisch gewiss leicht zu hebende Uebelstand be-
199 1233 1524 1271 seitigt, und dann genauer geprüft würde, wie sich die verschiedenen in der Blut-
199 1276 1522 1313 flüssigkeit enthaltenen Eiweissstoffe gegen polarisirtes Licht verhalten, da diese Be-
198 1323 896 1358 stimmung die höchste Genauigkeit verspricht.
286 1395 1523 1439 3. Anderweite Eiweissstoffe der Blutflüssigkeit . In
203 1450 1524 1493 der Flüssigkeit, aus der man noch so vorsichtig und vollkommen nach
199 1504 1525 1547 den angegebenen Verfahren Faserstoff und Eiweiss herausgeschlagen, blei-
197 1557 1524 1597 ben Stoffe zurück, die nach den Resultaten der Elementaranalyse und
195 1609 1524 1654 ihren Reactionen zu der Gruppe der eiweissartigen gehören. Ueber die
195 1661 1524 1704 besondere Natur derselben hat man sehr verschiedene Meinungen aufge-
199 1713 1523 1755 stellt, bald hält man sie für Natronalbuminat, bald für Käsestoff, bald
195 1766 1523 1806 für Proteïnbioxyd und endlich erklärt man sie auch für ein Gemenge
195 1816 1523 1863 der genannten und noch anderer eiweissartiger Stoffe. Bei dem sich
195 1868 1521 1915 stets klarer herausstellenden Mangel an unterscheidenden Kennzeichen
195 1921 1524 1966 zwischen den einzelnen Gliedern der Eiweissgruppe und den wenigen
193 1974 1523 2019 genauen Untersuchungen über die fraglichen Körper scheint eine Ent-
193 2028 1522 2070 scheidung zwischen den Tagesmeinungen sehr gewagt. — Nach eigenen
193 2078 1521 2121 Untersuchungen kann ich versichern, dass zu allen Zeiten ein Stoff in
194 2129 1522 2172 der Blutflüssigkeit vorkommt, von der prozentischen Zusammensetzung
193 2180 1520 2226 wie sie Bd. 1. p. 38. C. angegeben wurde. Der in diesem Stoffe enthal-
194 125 217 160 4
548 126 1163 161 Andere Eiweissstoffe der Blutflüssigkeit.
244 2308 757 2337 Roser, Liebig Annalen. Bd. 73 p. 334.
245 2334 858 2364 Poggendorf, Annalen. 86. Bd. p. 117 u. 298.
246 2362 677 2390 Physiolog. Chemie. II. Bd. p. 215.
246 2388 1519 2415 Mulder, Versuch einer allg. phys. Chemie. Braunschweig 1851 p. 1107. — Moleschott,
244 2415 1519 2443 Physiologie des Stoffwechsels. Erlangen 1851. p. 240. — Panum, Archiv für patholog. Anatom.
241 2442 591 2466 v. Virchow. III. Bd. 251.
