1600 2607
246 193 1490 239 1. Anatomische Eigenschaften . Um ihre Aufhellung hat sich
153 248 1491 291 Henle besondere Verdienste erworben. Die geschichteten Pflasterhäute
150 302 1493 344 enthalten cylindrische, kugelige und plattenförmige Zellen. Die zuerst
154 355 1491 398 genannte Formation, welche meist mit länglichen Kernen versehen ist,
155 407 1491 447 sitzt unmittelbar auf der Cutis auf (Kölliker). Ueber dieser finden sich
152 461 1491 506 mehrere Lagen von kleinen Kugelzellen, die immer einen relativ grossen
154 515 1492 556 Kern einschliessen, welcher nahebei den ganzen Binnenraum der Zellen
155 570 1494 611 ausfüllt; in den noch weiter nach aussen gelegenen Schichten trifft
158 621 1492 664 man dann grössere Zellen, deren Form die Mitte hält zwischen der Ku-
156 674 1492 721 gel und Platte, und endlich sind die äussersten Lagen aus Plättchen ge-
157 728 1491 771 bildet; der geringe Binnenraum in diesen platten Zellen ist durch einen
158 781 1491 825 Kern ausgefüllt, welcher an Grösse den der kugeligen kaumü bertrifft. —
156 834 1490 871 Zwischen den Zellen der tieferen Schichten findet sich noch etwas Flüs-
162 888 1216 934 sigkeit ergossen, die zwischen den oberflächlicheren fehlt.
243 943 1491 987 Die Gesammtzahl der Zellen, welche in einem senkrecht gegen die
153 996 1491 1042 Cutis geführten Schnitte übereinander liegen (oder die Dicke der Epider-
155 1049 1490 1093 mis), und ebenso die Verhältnisszahl zwischen cylindrischen und kugeli-
155 1103 1490 1148 gen einerseits und plattenförmigen andererseits ist veränderlich mit
157 1156 1490 1197 den Hautstellen, deren Bedeckung sie bilden. Diese mit dem Standort
154 1209 1490 1250 veränderlichen Verhältnisse prägen sich schon im fötalen Leben aus (Al-
155 1262 1489 1306 bin, Krause), so dass sie als eine Folge der eingeborenen Bildungs-
153 1316 1488 1375 mechanismen angesehen werden müssen. Die Messungen von Krause,
153 1373 1488 1418 Kölliker und Wendt stellen heraus, dass die Dicke der gesammten
156 1428 1492 1471 Oberhaut am mächtigsten in der Fusssohle und den Handtellern, am ge-
147 1482 1489 1527 ringsten an dem Kinn, den Lippen, der Stirn, den Wangen, den Augen-
153 1532 1488 1576 lidern und dem äussern Gehörgang ist. In einzelnen Fällen übertrifft
155 1587 1489 1631 die Zahl der übereinander geschichteten Cylinder und Kugelzellen (rete
152 1639 1487 1684 Malpighi) diejenige der plattenförmigen (Hornschicht); für gewöhnlich
151 1692 653 1738 gilt jedoch das umgekehrte.
243 1746 1487 1791 Die Grösse der einzelnen Zellen ist unabhängig vom Lebensalter,
151 1801 1487 1845 diejenigen des Neugeborenen sind eben so gross wie die des Erwachsenen.
152 1855 329 1897 Harting.
240 1906 1488 1951 2. Chemische Zusammensetzung. Die vorliegenden Untersuchun-
152 1959 1488 2003 gen beziehen sich vorzugsweise auf die Hornschicht; die aus ihnen ge-
155 2006 1488 2057 wonnenen Resultate genügen nicht, um eine Vorstellung über die quali-
152 2063 1487 2109 tative, geschweige denn über die quantitative Zusammensetzung zu gewinnen.
222 2121 1488 2161 a. Hornschicht. Kaltes Wasser zieht aus derselben eine salzhaltige, sauer rea-
149 2163 1486 2203 girende Flüssigkeit aus, welche nach ältern Analysen aus Verbindungen von Ammo-
149 2202 1485 2248 niak, Natron, Kali, Eisenoxyd mit Essigsäure, Milchsäure, Phosphorsäure und
151 2249 1486 2289 Chlor bestehen sollen (Berzelius). Kochendes Wasser löst unter Schwefelwasser-
426 107 1207 142 Anatomischer und chemischer Bau der Epithelien.
147 92 214 140 166
213 2354 1487 2403 Krause, Haut in Wagner’s Handwörterbuch. II. Bd. — Harting, Recherches mikrome-
208 2381 1486 2431 triques. Utrecht 1845. p. 47. — Kölliker, Mikroskop. Anatomie. II. Bd. 1. Abth. p. 45. —
208 2408 1025 2440 Henle, Jahresbericht über allgem. Anatomie für 1850. p. 20.
211 2434 1264 2469 Mulder, Versuch einer allgemeinen physiolog. Chemie, Braunschweig. p. 548.
