1600 2574
208 201 1518 244 die nicht vollkommen undurchsichtige Sclerotica dringt u. s. w. — Da
208 251 1517 295 diese Strahlen weder in der bestimmten Beziehung zu den Stäbchen
208 302 1514 343 noch zu dem Linsensysteme stehen, wie die vorhin erwähnten, so
206 351 1515 395 werden sie auch unregelmässig gespiegelt aus dem Auge austreten;
205 402 1517 445 in der That geschieht dieses, so dass man unter günstigen Bedin-
206 450 1514 493 gungen, welche Brücke zuerst ermittelte, die Pupille in rothem
207 499 612 530 Schein leuchten sieht.
295 550 1515 591 3. Spiegelung auf der hintern und vordern Fläche der Cornea
205 600 1511 639 und Linse . — Drei dieser Flächen, beide Cornea- und die vordere
205 649 1514 694 Linsenfläche stellen Convexspiegel dar; jeder Gegenstand der ausser-
204 700 1514 737 halb ihrer Brennweite sich findet, liefert somit ein verkleinertes auf-
203 749 1513 794 rechtes Spiegelbild. Die hintere Linsenfläche, als Concavspiegel,
204 798 1511 839 entwirft dagegen vom Gegenstand ein verkehrtes Spiegelbild. — Das
203 846 1512 889 Auftreten dieser Spiegelung kann an jedem Auge durch ein vorgehal-
204 894 1445 937 tenes Kerzenlicht sichtbar gemacht werden. Purkinje’s Versuch.
294 947 1447 998 Polarisirende Wirkungen der brechenden Mittel .
274 1011 1509 1044 Die durchsichtigen Augenmittel und namentlich Cornea und Linse sind so viel-
204 1052 1510 1087 fach geschichtet, dass sie einem Plattensatz spiegelnder Fläche zu vergleichen sind.
202 1094 1509 1128 Mit diesem theilen sie die Aehnlichkeit, dass sie das Licht wie ein solcher polarisi-
201 1136 419 1161 ren. Erlach.
272 1175 1510 1211 Diese nachweislich polarisirende Eigenschaft der todten Linse (und der
203 1218 1510 1252 Cornea?) drückt sich im Leben nach Haidinger auch dadurch aus, dass von der
201 1260 1507 1296 Polarisationsebene eines passend vor das Auge gehaltenen Nichols farbige Büschel
200 1303 388 1328 ausstrahlen.
288 1352 1444 1395 Empfindende Werkzeuge des Auges. Retina, Sehnerv.
291 1411 1507 1456 1. Lichtempfindung. Erregungsmittel derselben. Den erregten
198 1460 1507 1503 Zustand der Retina empfinden wir als weisses oder gefärbtes Licht;
199 1508 1507 1553 der physiologische Ruhezustand derselben erweckt uns dagegen die
199 1557 1507 1600 Vorstellung der Dunkelheit. Die empfindungserregenden Zustände der
197 1605 1505 1650 Retina werden ausgelöst unter dem Einfluss der Aetherschwingungen,
197 1653 1123 1685 mechanischer Eindrücke und elektrischer Ströme.
268 1709 1504 1742 Da die Wellen des Aethers vorzugsweise die Retina erregen, und da zudem nur
198 1750 1505 1784 die durch sie erregten Empfindungen als ein Element in den zusammengesetzten Akt
198 1790 1504 1827 des Sehens eingehen, so hat man dieselben geradezu Licht und Farben genannt.
196 1831 1502 1867 Die Ueberlegung, dass auch mechanische und elektrische Einwirkungen auf das
196 1872 1501 1908 Auge die Empfindung des Lichtes erzeugen, gibt uns das Recht jenen populären Aus-
197 1913 1502 1947 druck für physiologisch fehlerhaft zu erklären, und die Behauptung festzuhalten,
197 1951 1501 1987 dass Licht und Farbe nichts anderes seien als Erregungszustände der Retina und des
196 1988 360 2016 Sehnerven.
283 2040 1499 2084 A. Aetherschwingungen . Die Berührungen des Licht-
210 116 274 147 222
582 114 1139 148 Empfindende Werkzeuge des Auges.
259 2146 1498 2179 Purkinje commentatio de examine physiologico organi visus. Vratislav. 1823. — H. Meyer,
260 2178 1217 2205 über den Sanson’schen Versuch. Henle u. Pfeufer Zeitschrift V. Bd.
257 2210 1497 2243 K. v. Erlach, Mikroskopische Beobachtungen über organ. Elementartheile u. s. w. Müllers
259 2243 1497 2275 Archiv 1847. — du Bois-Reymond, Fortschritte der Physik III. Bd. 138. — Haidinger,
258 2275 1496 2305 Poggendorf Annalen 53., 55. u. 58. Bd. u. Fortschritte der Physik II. Bd. 183, III. Bd. 149-155.
256 2306 1496 2341 Helmholtz, der Augenspiegel p. 39. — Helmholtz, über die Theorie der zusammenge-
259 2339 1495 2373 setzten Farben. Müllers Archiv 1852. — E. Brücke, über das Verhalten der optischen
