1600 2607
175 201 1486 243 nach dem Mittagsessen am höchsten und sinkt von da bis wieder zum
174 244 603 297 Mittagsessen (Winter).
264 306 1487 346 Die Grenzen, innerhalb der nach den bis dahin unternommenen Beob-
174 358 1487 407 achtungen die tägliche Phosphorsäuremenge schwankt, liegen zwischen
173 408 1487 460 3,0 und 6,4 Gr. (Breed, Winter) und nach Duncklenberg zwi-
173 465 1488 506 schen 2,1 und 3,1 Gr., welcher nachweist, dass die Methode von Lie-
171 516 1487 563 big, deren sich die soeben erwähnten Beobachter bedienten, zu hohe
172 570 409 611 Werthe giebt.
261 623 1489 665 Die Salzverbindungen der Phosphorsäure im Harn sind veränderlich
173 673 1487 721 mit der Nahrung und der gesteigerten Anstrengung. — Bence Jones
172 725 1487 775 giebt an, dass je nach dem Gehalt der Speisen an phosphorsauren Al-
173 778 1487 826 kalien oder Erden bald die eine und bald die andere Salzverbindung in
172 831 1487 880 dem Harn überwiege; Mosler will nach gesteigerten Anstrengungen vor-
173 887 1487 930 zugsweise den Gehalt des Harns an phosphorsauren Erden haben wach-
172 939 1487 985 sen sehen. — Auch die Verhältnisse zwischen phosphorsaurer Magnesia
172 990 1315 1036 und phosphorsaurer Kalkerde, sind wechselvoll (Kletzinsky).
262 1042 1487 1089 Oxalsäure. Während sie bei fleischfressenden Thieren gänzlich
170 1093 1487 1138 fehlen soll, ist sie ein häufiger Bestandtheil des Menschenharns, na-
169 1146 1487 1191 mentlich nach einer solchen Pflanzennahrung, die Oxalsäure oder ihre
169 1199 1487 1240 Verbindungen enthält; ihr Auftreten wird auch durch Genuss kohlen-
171 1251 1464 1296 säurehaltiger Getränke begünstigt (Wilson, Donnè, Lehmann) .
257 1304 1486 1351 Kohlensäure. Aus frischem Harn kann durch die Luftpumpe
168 1355 1485 1402 Kohlensäure entwickelt werden (Marchand) . Der Gehalt des Harns
167 1410 1487 1449 an freier Kohlensäure wird vermehrt durch den Genuss kohlensäurehal-
168 1466 1487 1511 tiger Getränke (Lehmann) . Ausser dieser diffundirten CO2 enthält der
167 1518 1485 1560 Harn noch solche, die an Alkalien gebunden ist; die dieser Form ver-
168 1570 1484 1612 mehrt sich nach Genuss von pflanzensauren und kohlensauren Alkalien
166 1622 367 1662 (Wöhler).
255 1675 1485 1713 Alkalien und Erden, insbesondere Kali, Natron, Kalk und Mag-
166 1723 1484 1761 nesia des Harns sind einzeln für sich und von den Säuren nur noch
165 1780 1426 1822 wenige male getrennt bestimmt worden, und in diesen wenigen Fällen
164 1829 1484 1876 hat man ihr Vorkommen nicht untersucht, mit Rücksicht auf andere Va-
166 1878 1484 1925 riationen physiologischer Erscheinungen. — Dennoch scheinen auch die
167 1934 1484 1975 Harnanalysen, in denen keine gesonderten Bestimmungen der Basen unter-
165 1977 1484 2024 nommen sind, schliessen zu lassen, dass das Chlor und die Schwefel-
165 2035 1481 2078 säure des Harns immer mit Kali oder Natron gesättigt sind, so dass also
165 2084 1484 2128 in demselben Maasse, wie diese Säure, auch jene Basen zu- oder ab-
165 2133 1483 2182 nehmen müssen. Rücksichtlich der Sättigung der übrigen Säuren lässt
166 2182 1482 2232 sich jedoch keine solche Regel aufstellen, da die Harn-, Hippur-, Oxal-
427 114 1248 152 Niere; Harn, Oxal-, Kohlensäure, Alkalien, Erden.
174 112 241 145 266
231 2306 548 2330 C. Schmidt, 1. c. 388.
230 2331 612 2355 Physiolog. Chemie. I. Bd. 47.
230 2357 746 2380 Journal für prakt. Chemie. 44. Bd. 250.
230 2383 386 2403 1. c. II. 409.
235 2409 1366 2440 Becquerel, Der Urin. Leipzig. 1842, 52. — Kletzinsky, Heller’s Archiv. 1852.
