1600 2574
299 213 762 257 Nervus acusticus .
299 264 1516 318 Seine röhrigen Bestandtheile sind schmal, leicht zerstörbar; in
209 310 1516 368 dem nervus vestibuli finden sich Ganglienkugeln mit Fortsätzen, die
208 363 1515 411 in Nervenröhren übergehen, eingestreut, und zwar sowohl im Verlaufe
208 411 1517 464 desselben, als in der Endigung auf Ampullen und Säckchen. In der
207 463 1515 517 Ausbreitung des n. cochleae auf dem knöchernen Spiralblatt der Scheide
207 512 1516 571 finden sich bipolare, in der Nervenscheide eingelagerte Ganglienkörper
207 562 1516 618 Seine Wurzeln stammen nach verschiedenen Angaben aus sehr ver-
206 611 1514 669 schiedenen Theilen des kleinen Gehirns und verlängerten Marks. Man
204 661 1513 717 hat sich, so viel abweichende Meinungen auch bestehen, mindestens
204 711 1514 767 darüber geeinigt, dass er seine Wurzeln von den Querfasern, die über
204 761 1513 812 die Pyramide streichen (fibrac arcuatae), dann aus dem Boden der
202 813 1513 867 vierten Hirnhöhle (striae medullares) und endlich aus dem corpus res-
201 861 1512 911 tiforme bezieht. Diese Fasern kreuzen sich nachweisslich zum Theil
201 910 1511 959 in der Mittellinie des Hirnes. Im weitern Verlauf ist er mit der Flocke
202 961 405 992 verbunden.
291 1012 1511 1063 Seine Zerstörung bedingt vollkommene Taubheit; durch den Akt
200 1059 1138 1112 der Verletzung wird kein Schmerz hervorgerufen.
271 1113 1509 1157 Zur Bestimmung seiner Wurzelursprünge hat man sich des häufig vorkommenden
199 1153 1508 1197 Schwindens des Nerven noch nicht bedient. — Ausser den oben angegeben Wurzeläs-
198 1196 1509 1241 ten nennt man speciell noch den äussersten Markübergang der Brücke, den grauen
197 1235 1509 1281 Ueberzug über den Boden des vierten Ventrikels vom calamus scriptor. bis zum
197 1277 1505 1328 aqduct. Sylvii, das velum posterius, die inneren Querfasern der pons, den grauen
196 1320 1506 1369 Kern des kleinen Gehirns u. s. w. — Ueber die verschiedene Bedeutung des nerv. ves-
197 1363 844 1404 tibuli und cochleae siehe das Gehörorgan.
284 1423 830 1468 Nerv. oculomotorius .
284 1472 1506 1520 Nach übereinstimmenden Angaben lassen sich seine Wurzelfäden
195 1519 1505 1577 durch die Grosshirnstiele bis nahe unter den Boden des aquaeductus
195 1571 1505 1625 Sylvii verfolgen, und treten in die dort vorhandene graue Substanz; ob sie
194 1621 1505 1674 sich an diesem Ort, wo sie der Mittellinie sehr nahe liegen, kreuzen, be-
193 1669 1504 1723 darf noch weiterer Bestätigung. Die Röhren ändern ihren Durchmesser,
193 1721 1504 1766 wenn sie aus der grauen in die weisse Substanz treten, nach Art der
191 1769 1503 1815 motorischen Rückenmarksnerven. Beim Menschen führt der Nerven-
193 1819 1504 1873 stamm 15000 und zwar nur breite Röhren. Seine Verletzung inner-
191 1866 1503 1920 halb der Schädelhöhle soll nach einzelnen Angaben schmerzlos, nach
192 1917 1503 1975 anderen schmerzhaft sein; innerhalb seines Verlaufs durch die Augen-
190 1965 1502 2015 höhle ist der oculomotorius offenbar empfindlich. Je nachdem man dem
191 2017 1502 2064 einen oder andern Befund mehr Zutrauen schenkt, lässt man den Ner-
191 2067 1501 2114 venstamm schon von seinem Ursprung an mit sensiblen Fasern ver-
190 2112 1500 2161 sehen sein, oder erläutert seine Empfindlichkeit aus der bekannten
189 2158 1205 2212 Anastomose, welche er mit dem n. trigeminus eingeht.
615 130 1112 164 N. acusticus; N. oculomotorius.
214 122 275 155 156
256 2242 1500 2286 Zu den angeführten Werken noch Pappenheim u. Corti in Köllikers mikroskopischer
257 2276 1498 2315 Anatomie II, 1. 519. — Czermak ibidem. — Corti recherches sur l’organe de l’ouie etc.
256 2307 886 2345 Zeitschrift für wissenschaftl. Zoologie 1851. 134.
254 2341 1496 2382 Stilling, Bau des Hirnknotens. Jena 1846. — Rosenthal de numero atque mensura micros-
256 2374 679 2403 copica fibrillarum. Breslau 1845.
