1600 2607
133 179 1456 241 Gewicht eines Harns = 1020, so würde sein prozentischer Rückstand
131 239 344 279 = 4,0 sein.
196 300 1441 345 Seltenere Harnbestandtheile. — Ausser den erwähnten erscheinen nun
132 341 1314 389 noch zahllose andere Stoffe im Harn; wir zählen mit Auswahl folgende auf:
196 387 1032 430 1. Uebergang löslicher Blutbestandtheile in den Harn.
194 432 1443 477 Eiweiss . Man beobachtet, auch ohne dass Blutungen in der Niere statt fin-
131 467 1441 526 den, bei Abwesenheit von Blutkörperchen, im Harn häufig Eiweiss; dieses ereignet
130 516 1438 572 sich nachweislich nach Unterbindung der Nierenvene oder der Hohlader (H. Meyer),
131 562 1441 612 nach ergiebigen Aderlässen und Ersetzung des gelassenen Blutes durch Wasser, so
145 608 1440 654 dass die in den Gefässen kreisende Blutflüssigkeit sehr stark verdünnt wird
130 642 1441 697 (Kierulf), nach Kochsalzhunger (Wundt). In einzelnen Fällen ausserdem nach
149 694 1440 740 Unterdrückung der Milchsekretion, nach Exzessen im Essen, nach lebhaftem Herz-
128 733 1439 792 schlag, nach Krankheiten des Herzens, die die Spannung des Bluts im Gefässsystem
128 778 1440 832 anhaltend erhöhen (?), bei besondern Veränderungen der Nierenstruktur (Bright’sche
162 826 422 867 Krankheit) u. s. w.
191 871 1441 916 Fette . Menschen und Thiere (namentlich Katzen), welche anhaltend mit
128 903 1277 962 fettreicher Nahrung gefüttert werden, entleeren fetthaltigen Harn (Lang).
191 959 1454 1003 Zucker . Nach Injektion von Trauben-, Milch-, Rohrzucker in das Blut oder
187 1002 1440 1047 bei übermässiger Bildung des Traubenzuckers im Körper (diabetes) erscheint dieser
136 1042 1438 1095 immer im Harn (Bernard, Baumert, Uhle, Limpert, Lehmann). Diese
150 1088 1440 1141 Zuckerabsonderung hält mehrere Stunden lang an; bei Einsprützung gleicher Mengen
128 1128 1440 1180 von Trauben- und Rohrzucker soll der erstere früher aus dem Harn verschwinden
128 1172 1439 1226 und bei Säuglingen gar nicht in den Harn übergehen (Limpert). In keinem Falle
127 1215 1438 1267 wird die ganze Menge des in das Blut gesprützten Zuckers wieder durch den Harn
126 1260 1438 1314 entleert (Limpert). — Eine oberflächliche Verletzung der medulla oblongata oberhalb
141 1307 1437 1357 des grauen Keils und seitlich von der hintern Längsspalte erzeugt bei Kaninchen
127 1347 1439 1401 einen zuckerhaltigen Harn (Bernard, Schrader). Wenn das Thier nach dieser
127 1384 1439 1445 Operation längere Zeit am Leben bleibt, so verschwindet nach 24 Stunden der Zucker
126 1435 1440 1496 wieder (Uhle). Aehnliches hat man behauptet von Hirnerschütterung, Vergiftung
120 1478 1439 1536 mit Curara (Bernard). Nach Genuss von zuckerreicher Nahrung und nach der
126 1530 1438 1580 Durchschneidung der n. vagi (Bernard), nach Aetherisation (Reynoso) soll Zucker
127 1567 1435 1628 im Harn erscheinen, was Schrader und Uhle bestreiten. — Nach einer Injektion
140 1616 1437 1672 von Chloroform, Aether und Ammoniak in der Pfortader wird der Harn zuckerhaltig
126 1647 1434 1716 (Harley). — Bei alten Leuten soll sich häufig Zucker im Harn finden (Reynoso)
125 1696 1087 1746 und bei Wöchnerinnen nach Unterdrückung der Milchsekretion.
182 1747 1435 1793 Kieselsäure fanden Berzelius und Duncklenberg im Harn. Vielleicht
126 1781 894 1831 stellt sie einen gewöhnlichen Harnbestandtheil dar.
187 1832 1433 1880 Eisensalze sind zuweilen nach vermehrtem Genuss derselben gefunden wor-
202 1877 1128 1921 den; häufig aber fehlten sie auch dann (Wöhler, Aldrige) .
187 1917 1432 1965 Leucin, Tyrosin fanden Frerichs und Staedeler im Harn der Hunde
124 1951 1432 2015 und Menschen, z. B. bei gelber Lebererweichung, in welcher jene Stoffe reichlich in
139 2000 609 2043 der Leber u. s. w. vorkommen.
187 2048 1433 2103 Allantoin. Wenn einem erwachsenen Hunde so viel Oel in die Lunge einge-
492 110 1075 145 Niere; Harn, seltenere Bestandtheile.
1377 118 1444 158 271
180 2199 1429 2240 Frerichs, Die Bright’sche Nierenkrankheit. Braunschweig 1851. 180 u. 276. — H. Meyer,
185 2218 872 2259 Zeitschrift für physiologische Heilkunde. 1844. p. 114.
184 2248 844 2284 Lang, De adipe in urina et renibus. Dorpat 1852.
182 2268 1430 2313 Uhle, Experimenta de saccharo in urinam etc. Leipzig 1852. — Bernard, Compt. rend. XXII.
197 2297 1430 2336 534. XXVIII. 393. XXXI. 574. — Baumert, Journal für prakt. Chemie. 54. Bd. 557. — Schra-
182 2325 1431 2362 der, Pharmazeut. Centralblatt. 1852. 241. — Reynoso, Compt. rend. XXXIII. 410. — Lim-
183 2349 1430 2392 pert, Symbolae ad physiologiam sacchari. Marburg 1854. — Baumert, Journal für prakt.
145 2375 1185 2415 Chemie. 54. Bd. p. 357. — Harley, Gazette medic. de Par. 1853. Aout. 506.
200 2396 930 2437 Scherer, Jahresber. für physiolog. Chemie. 1844. p. 125.
