1600 2692
52 292 1295 356 in den unbeſtrittenen Beſitz des Ranges uͤber alle chriſt-
53 354 1301 414 liche Europaͤiſche Maͤchte b), ſelbſt Frankreich c) und Ruß-
57 413 1294 474 land d) nicht ausgeſchloſſen. Der tuͤrkiſche Kaiſer aber be-
59 472 1295 539 gehrt voͤllige Gleichheit mit ihm, die auch auf Vertraͤge be-
61 532 1296 599 ruhet e), obwohl die uͤbrigen Maͤchte dem tuͤrkiſchen nicht
58 591 1297 658 ſo wie dem roͤmiſchen Kaiſer den Rang einraͤumen f).
543 1777 769 1834 §. 130.
257 1844 1110 1907 Rang der uͤbrigen gekroͤnten Haͤupter.
198 1911 1308 1973 III) Unter den uͤbrigen gekroͤnten Haͤuptern ſind 1)
64 1970 1308 2032 einige welche beſtimmt den Rang naͤchſt nach dem roͤmiſchen
68 2030 1310 2092 Kaiſer vor den uͤbrigen Maͤchten fordern. Dahin gehoͤren
68 2087 1312 2154 der roͤmiſche Koͤnig a), die bisherigen Koͤnige von Frank-
69 2152 1311 2211 reich b), der Koͤnig von Spanien c), und in den neueren
70 2203 1356 2274 Zeiten Rußland d). Doch ſind dieſe nicht nur unter ein-
70 2266 1314 2330 ander, ſondern auch mit den mehreſten der uͤbrigen im Streit.
69 2327 1315 2393 2) Andere begehren zwar nicht die Praͤcedenz, aber ſie wol-
69 2384 1315 2455 len ſie auch keinem der uͤbrigen fortwaͤhrend einraͤumen,
1209 196 1291 239 157
316 183 1027 244 Gleichheit Wuͤrden und Rang.
1168 2446 1316 2502 ſondern
193 683 1298 731 Rousset memoire ſur le rang etc. cap. 1. Auch Joſeph II. that
186 733 1297 793 dieß als ihn Pabſt Pius VI. 1782 zu Wien beſuchte; nur einen
186 801 1300 850 hoͤheren Thron als den ſeinigen wollte er ihm nicht bauen laſſen.
188 849 1298 910 Polit. Journ. 1782. April S. 383. Guͤnther a. a. O. S. 222.
197 913 1301 966 Humler von dem allerhoͤchſten Range, Titel und Wuͤrde
191 973 924 1019 der roͤmiſchen Kaiſer. Frankfurt 1770. 8.
195 1022 1300 1075 S. jedoch die ſonderbare Aneedote welche Guͤnther a. a. O.
194 1090 611 1131 S. 221. not. c. anfuͤhret.
203 1142 1301 1191 Doch ſcheint es daß Rußland in Vertraͤgen die Alternation begehre.
202 1200 1101 1246 The ſecret hiſtory of the armed neutrality p. 46. not. †.
203 1257 1303 1306 Paſſarowitzer Friede 1718. art. 17. Belgrader Friede 1739. art.
191 1315 1303 1360 20. 21. Moſer Staatsrecht Th. III. S. 106. Lunig theatrum
193 1378 626 1418 ceremoniale T. II. p. 1438.
207 1427 1304 1476 Daß ſie aus dem mit einer dritten Macht eingegangenen Ver-
194 1486 1305 1533 trage dazu nicht verbunden ſeyn koͤnnen, iſt in die Augen fallend.
194 1542 1308 1590 Ueberhaupt aber iſt auch in der Materie der Praͤcedenz mehr
193 1599 1307 1647 auf das individuelle Herkommen der einzelnen Hoͤfe, als auf
194 1659 723 1706 analogiſche Schluͤſſe zu bauen.
