<?xml version="1.0" encoding="UTF-8"?>
<PcGts xmlns="http://schema.primaresearch.org/PAGE/gts/pagecontent/2019-07-15" xmlns:xsi="http://www.w3.org/2001/XMLSchema-instance" xsi:schemaLocation="http://schema.primaresearch.org/PAGE/gts/pagecontent/2019-07-15 http://schema.primaresearch.org/PAGE/gts/pagecontent/2019-07-15/pagecontent.xsd">
<Metadata>
<Creator>regJS2PAGE.py</Creator>
<Created>2021-02-16T11:06:30.742948</Created>
<LastChange>2021-02-16T11:06:30.742948</LastChange>
</Metadata>
<Page imageFilename="tmp/martens_voelkerrecht_1796_0187.png" imageWidth="1600" imageHeight="2692">
<TextRegion id="block_0" custom="structure {type:body;}">
<Coords points="599,1231 599,1288 599,1297 256,1297 256,1356 256,1362 194,1362 194,1425 194,1424 66,1424 66,1482 65,1482 65,1542 66,1544 66,1602 64,1601 64,1662 64,1660 64,1721 64,1721 64,1782 63,1780 63,1842 63,1842 63,1902 63,1899 63,1962 62,1960 62,2023 62,2027 62,2083 62,2111 190,2111 190,2171 190,2171 62,2171 62,2232 62,2231 62,2293 61,2294 61,2351 60,2349 60,2414 1309,2414 1309,2349 1308,2351 1308,2294 1308,2293 1308,2231 1308,2232 1308,2171 1305,2171 1305,2111 638,2111 638,2083 638,2027 1307,2027 1307,2023 1307,1960 1309,1962 1309,1899 1308,1902 1308,1842 1309,1842 1309,1780 1309,1782 1309,1721 1308,1721 1308,1660 1308,1662 1308,1601 1307,1602 1307,1544 1308,1542 1308,1482 1308,1482 1308,1424 1307,1425 1307,1362 1106,1362 1106,1356 1106,1297 763,1297 763,1288 763,1231 599,1231"/>
<TextLine id="line_0">
<Coords points="599,1231 637,1231 696,1244 763,1244 763,1282 696,1282 637,1288 599,1288 599,1231"/>
<Baseline points="599,1288 637,1288 696,1282 763,1282"/>
<TextEquiv><Unicode>§. 131.</Unicode></TextEquiv>
</TextLine>

<TextLine id="line_1">
<Coords points="256,1302 369,1302 396,1307 461,1307 486,1300 719,1300 745,1305 823,1305 848,1297 1106,1297 1106,1348 848,1348 823,1340 745,1340 719,1356 486,1356 461,1342 396,1342 369,1352 256,1352 256,1302"/>
<Baseline points="256,1352 369,1352 396,1342 461,1342 486,1356 719,1356 745,1340 823,1340 848,1348 1106,1348"/>
<TextEquiv><Unicode>Rang der Republiken und Churfuͤrſten.</Unicode></TextEquiv>
</TextLine>

<TextLine id="line_2">
<Coords points="194,1369 299,1369 321,1373 379,1373 395,1369 598,1369 617,1370 736,1370 754,1372 817,1372 836,1366 1090,1366 1109,1363 1234,1363 1250,1362 1307,1362 1307,1407 1250,1407 1234,1420 1109,1420 1090,1417 836,1417 817,1411 754,1411 736,1422 617,1422 598,1425 395,1425 379,1412 321,1412 299,1420 194,1420 194,1369"/>
<Baseline points="194,1420 299,1420 321,1412 379,1412 395,1425 598,1425 617,1422 736,1422 754,1411 817,1411 836,1417 1090,1417 1109,1420 1234,1420 1250,1407 1307,1407"/>
<TextEquiv><Unicode>Nach der bisherigen Regel des Voͤlkerrechts hatten die</Unicode></TextEquiv>
</TextLine>

<TextLine id="line_3">
<Coords points="66,1427 208,1427 238,1433 303,1433 342,1429 458,1429 501,1439 564,1439 602,1430 696,1430 735,1427 962,1427 992,1428 1066,1428 1095,1436 1163,1436 1198,1424 1308,1424 1308,1466 1198,1466 1163,1468 1095,1468 1066,1470 992,1470 962,1479 735,1479 696,1472 602,1472 564,1471 501,1471 458,1482 342,1482 303,1472 238,1472 208,1482 66,1482 66,1427"/>
<Baseline points="66,1482 208,1482 238,1472 303,1472 342,1482 458,1482 501,1471 564,1471 602,1472 696,1472 735,1479 962,1479 992,1470 1066,1470 1095,1468 1163,1468 1198,1466 1308,1466"/>
<TextEquiv><Unicode>Koͤnige den Rang vor allen Republiken und nur kaum</Unicode></TextEquiv>
</TextLine>

<TextLine id="line_4">
<Coords points="65,1488 155,1488 186,1502 273,1502 299,1491 367,1491 397,1496 453,1496 481,1489 558,1489 581,1487 798,1487 827,1485 958,1485 970,1515 981,1515 1020,1484 1092,1484 1121,1487 1189,1487 1216,1482 1308,1482 1308,1528 1216,1528 1189,1525 1121,1525 1092,1538 1020,1538 981,1536 970,1536 958,1540 827,1540 798,1542 581,1542 558,1531 481,1531 453,1531 397,1531 367,1530 299,1530 273,1531 186,1531 155,1531 65,1531 65,1488"/>
<Baseline points="65,1531 155,1531 186,1531 273,1531 299,1530 367,1530 397,1531 453,1531 481,1531 558,1531 581,1542 798,1542 827,1540 958,1540 970,1536 981,1536 1020,1538 1092,1538 1121,1525 1189,1525 1216,1528 1308,1528"/>
<TextEquiv><Unicode>kann man das als eine Ausnahme anſehn, daß das Cor-</Unicode></TextEquiv>
</TextLine>

<TextLine id="line_5">
<Coords points="66,1557 135,1557 175,1551 234,1551 269,1548 435,1548 466,1546 719,1546 750,1549 765,1549 778,1560 893,1560 922,1545 1187,1545 1195,1544 1210,1544 1228,1545 1307,1545 1307,1584 1228,1584 1210,1591 1195,1591 1187,1600 922,1600 893,1600 778,1600 765,1598 750,1598 719,1601 466,1601 435,1602 269,1602 234,1590 175,1590 135,1600 66,1600 66,1557"/>
<Baseline points="66,1600 135,1600 175,1590 234,1590 269,1602 435,1602 466,1601 719,1601 750,1598 765,1598 778,1600 893,1600 922,1600 1187,1600 1195,1591 1210,1591 1228,1584 1307,1584"/>
<TextEquiv><Unicode>pus der teutſchen Reichsſtaͤnde (corps germanique) den</Unicode></TextEquiv>
</TextLine>

<TextLine id="line_6">
<Coords points="64,1607 231,1607 255,1609 420,1609 453,1608 633,1608 657,1609 798,1609 829,1608 883,1608 941,1603 1033,1603 1052,1603 1160,1603 1176,1601 1308,1601 1308,1646 1176,1646 1160,1653 1052,1653 1033,1648 941,1648 883,1655 829,1655 798,1651 657,1651 633,1662 453,1662 420,1660 255,1660 231,1661 64,1661 64,1607"/>
<Baseline points="64,1661 231,1661 255,1660 420,1660 453,1662 633,1662 657,1651 798,1651 829,1655 883,1655 941,1648 1033,1648 1052,1653 1160,1653 1176,1646 1308,1646"/>
<TextEquiv><Unicode>Koͤnigen zuweilen vorgeſetzt worden a). Wie indeß Crom-</Unicode></TextEquiv>
</TextLine>

<TextLine id="line_7">
<Coords points="64,1668 140,1668 171,1680 230,1680 261,1665 341,1665 369,1680 421,1680 448,1679 483,1679 508,1672 588,1672 613,1663 819,1663 839,1663 956,1663 980,1665 1050,1665 1076,1660 1208,1660 1228,1661 1308,1661 1308,1704 1228,1704 1208,1713 1076,1713 1050,1706 980,1706 956,1708 839,1708 819,1719 613,1719 588,1710 508,1710 483,1708 448,1708 421,1710 369,1710 341,1719 261,1719 230,1721 171,1721 140,1710 64,1710 64,1668"/>
<Baseline points="64,1710 140,1710 171,1721 230,1721 261,1719 341,1719 369,1710 421,1710 448,1708 483,1708 508,1710 588,1710 613,1719 819,1719 839,1708 956,1708 980,1706 1050,1706 1076,1713 1208,1713 1228,1704 1308,1704"/>
<TextEquiv><Unicode>well zur Zeit wo er dem Engliſchen Statt das aͤußere An-</Unicode></TextEquiv>
</TextLine>

<TextLine id="line_8">
<Coords points="64,1726 145,1726 173,1729 265,1729 291,1727 473,1727 503,1724 656,1724 681,1728 799,1728 837,1729 902,1729 933,1723 1050,1723 1081,1721 1309,1721 1309,1779 1081,1779 1050,1776 933,1776 902,1767 837,1767 799,1782 681,1782 656,1780 503,1780 473,1777 291,1777 265,1769 173,1769 145,1782 64,1782 64,1726"/>
<Baseline points="64,1782 145,1782 173,1769 265,1769 291,1777 473,1777 503,1780 656,1780 681,1782 799,1782 837,1767 902,1767 933,1776 1050,1776 1081,1779 1309,1779"/>
<TextEquiv><Unicode>ſehn einer Republik gegeben hatte, den Rang behauptete,</Unicode></TextEquiv>
</TextLine>

<TextLine id="line_9">
<Coords points="63,1790 132,1790 160,1790 229,1790 251,1785 462,1785 478,1785 649,1785 668,1785 800,1785 821,1783 881,1783 913,1783 946,1783 972,1784 1015,1784 1034,1780 1129,1780 1155,1790 1224,1790 1233,1782 1309,1782 1309,1823 1233,1823 1224,1824 1155,1824 1129,1832 1034,1832 1015,1836 972,1836 946,1831 913,1831 881,1836 821,1836 800,1842 668,1842 649,1840 478,1840 462,1841 251,1841 229,1830 160,1830 132,1831 63,1831 63,1790"/>
<Baseline points="63,1831 132,1831 160,1830 229,1830 251,1841 462,1841 478,1840 649,1840 668,1842 800,1842 821,1836 881,1836 913,1831 946,1831 972,1836 1015,1836 1034,1832 1129,1832 1155,1824 1224,1824 1233,1823 1309,1823"/>
<TextEquiv><Unicode>den das Koͤnigreich England gehabt b), ſo iſt ſchon aus den</Unicode></TextEquiv>
</TextLine>

<TextLine id="line_10">
<Coords points="63,1846 265,1846 278,1847 500,1847 521,1847 761,1847 780,1846 817,1846 830,1877 840,1877 870,1845 940,1845 951,1842 1176,1842 1204,1853 1308,1853 1308,1883 1204,1883 1176,1895 951,1895 940,1894 870,1894 840,1894 830,1894 817,1897 780,1897 761,1902 521,1902 500,1902 278,1902 265,1901 63,1901 63,1846"/>
<Baseline points="63,1901 265,1901 278,1902 500,1902 521,1902 761,1902 780,1897 817,1897 830,1894 840,1894 870,1894 940,1894 951,1895 1176,1895 1204,1883 1308,1883"/>
<TextEquiv><Unicode>bisherigen Vorgaͤngen abzunehmen c), daß Frankreich, wenn</Unicode></TextEquiv>
</TextLine>

<TextLine id="line_11">
<Coords points="63,1907 169,1907 188,1907 316,1907 333,1908 416,1908 437,1908 497,1908 515,1909 571,1909 590,1906 774,1906 794,1904 996,1904 1013,1902 1132,1902 1162,1899 1309,1899 1309,1952 1162,1952 1132,1955 1013,1955 996,1959 794,1959 774,1957 590,1957 571,1951 515,1951 497,1962 437,1962 416,1954 333,1954 316,1952 188,1952 169,1959 63,1959 63,1907"/>
<Baseline points="63,1959 169,1959 188,1952 316,1952 333,1954 416,1954 437,1962 497,1962 515,1951 571,1951 590,1957 774,1957 794,1959 996,1959 1013,1955 1132,1955 1162,1952 1309,1952"/>
<TextEquiv><Unicode>dieſer Staat auch ſich als Republik behaupten ſollte, dieſelbe</Unicode></TextEquiv>
</TextLine>

<TextLine id="line_12">
<Coords points="62,1966 185,1966 214,1969 269,1969 298,1977 337,1977 362,1968 480,1968 507,1969 544,1969 570,1966 722,1966 753,1967 1046,1967 1083,1961 1170,1961 1193,1960 1307,1960 1307,2016 1193,2016 1170,2014 1083,2014 1046,2019 753,2019 722,2021 570,2021 544,2011 507,2011 480,2023 362,2023 337,2010 298,2010 269,2010 214,2010 185,2011 62,2011 62,1966"/>
<Baseline points="62,2011 185,2011 214,2010 269,2010 298,2010 337,2010 362,2023 480,2023 507,2011 544,2011 570,2021 722,2021 753,2019 1046,2019 1083,2014 1170,2014 1193,2016 1307,2016"/>
<TextEquiv><Unicode>Stelle die es bisher in Europa eingenommen, auch ferner</Unicode></TextEquiv>
</TextLine>

<TextLine id="line_13">
<Coords points="62,2039 103,2039 132,2027 268,2027 295,2029 487,2029 513,2031 638,2031 638,2072 513,2072 487,2082 295,2082 268,2082 132,2082 103,2083 62,2083 62,2039"/>
<Baseline points="62,2083 103,2083 132,2082 268,2082 295,2082 487,2082 513,2072 638,2072"/>
<TextEquiv><Unicode>zu beſitzen verlangen werde.</Unicode></TextEquiv>
</TextLine>

<TextLine id="line_14">
<Coords points="190,2117 271,2117 310,2116 458,2116 497,2115 724,2115 761,2113 912,2113 927,2116 1009,2116 1038,2111 1210,2111 1240,2113 1305,2113 1305,2153 1240,2153 1210,2166 1038,2166 1009,2168 927,2168 912,2159 761,2159 724,2169 497,2169 458,2171 310,2171 271,2162 190,2162 190,2117"/>
<Baseline points="190,2162 271,2162 310,2171 458,2171 497,2169 724,2169 761,2159 912,2159 927,2168 1009,2168 1038,2166 1210,2166 1240,2153 1305,2153"/>
<TextEquiv><Unicode>Die uͤbrigen Republiken raͤumen den Koͤnigen den</Unicode></TextEquiv>
</TextLine>

<TextLine id="line_15">
<Coords points="62,2178 174,2178 203,2179 258,2179 277,2178 344,2178 373,2178 511,2178 535,2178 618,2178 639,2178 707,2178 726,2179 792,2179 813,2175 983,2175 997,2171 1231,2171 1238,2172 1308,2172 1308,2213 1238,2213 1231,2229 997,2229 983,2228 813,2228 792,2220 726,2220 707,2220 639,2220 618,2219 535,2219 511,2232 373,2232 344,2229 277,2229 258,2220 203,2220 174,2231 62,2231 62,2178"/>
<Baseline points="62,2231 174,2231 203,2220 258,2220 277,2229 344,2229 373,2232 511,2232 535,2219 618,2219 639,2220 707,2220 726,2220 792,2220 813,2228 983,2228 997,2229 1231,2229 1238,2213 1308,2213"/>
<TextEquiv><Unicode>Rang ein d), ſtreiten aber mit den teutſchen Churfuͤrſten die</Unicode></TextEquiv>
</TextLine>

<TextLine id="line_16">
<Coords points="62,2240 125,2240 152,2237 383,2237 413,2252 460,2252 490,2238 546,2238 570,2238 792,2238 812,2240 846,2240 874,2234 1020,2234 1046,2231 1308,2231 1308,2287 1046,2287 1020,2288 874,2288 846,2289 812,2289 792,2290 570,2290 546,2281 490,2281 460,2281 413,2281 383,2282 152,2282 125,2293 62,2293 62,2240"/>
<Baseline points="62,2293 125,2293 152,2282 383,2282 413,2281 460,2281 490,2281 546,2281 570,2290 792,2290 812,2289 846,2289 874,2288 1020,2288 1046,2287 1308,2287"/>
<TextEquiv><Unicode>ſich unmittelbar an die regierenden e) Koͤnige anzuſchließen</Unicode></TextEquiv>
</TextLine>

<TextLine id="line_17">
<Coords points="61,2303 134,2303 163,2302 227,2302 254,2297 480,2297 497,2298 708,2298 735,2301 929,2301 941,2324 953,2324 978,2294 1082,2294 1112,2294 1205,2294 1237,2303 1308,2303 1308,2332 1237,2332 1205,2339 1112,2339 1082,2342 978,2342 953,2345 941,2345 929,2349 735,2349 708,2351 497,2351 480,2349 254,2349 227,2340 163,2340 134,2341 61,2341 61,2303"/>
<Baseline points="61,2341 134,2341 163,2340 227,2340 254,2349 480,2349 497,2351 708,2351 735,2349 929,2349 941,2345 953,2345 978,2342 1082,2342 1112,2339 1205,2339 1237,2332 1308,2332"/>
<TextEquiv><Unicode>und den Republiken vorzugehn verlangen, auch nicht nur</Unicode></TextEquiv>
</TextLine>

<TextLine id="line_18">
<Coords points="60,2368 132,2368 161,2361 240,2361 267,2357 504,2357 536,2354 632,2354 662,2356 724,2356 754,2356 842,2356 861,2354 1072,2354 1101,2349 1309,2349 1309,2398 1101,2398 1072,2410 861,2410 842,2411 754,2411 724,2414 662,2414 632,2413 536,2413 504,2414 267,2414 240,2403 161,2403 132,2404 60,2404 60,2368"/>
<Baseline points="60,2404 132,2404 161,2403 240,2403 267,2414 504,2414 536,2413 632,2413 662,2414 724,2414 754,2411 842,2411 861,2410 1072,2410 1101,2398 1309,2398"/>
<TextEquiv><Unicode>von dem Kaiſerlichen Hofe ſich dieſe Praͤcedenz ausbedun-</Unicode></TextEquiv>
</TextLine>

</TextRegion>
<TextRegion id="block_1" custom="structure {type:pageNum;}">
<Coords points="1211,168 1211,208 1295,208 1295,168 1211,168"/>
<TextLine id="line_19">
<Coords points="1211,168 1295,168 1295,208 1211,208 1211,168"/>
<Baseline points="1211,208 1295,208"/>
<TextEquiv><Unicode>159</Unicode></TextEquiv>
</TextLine>

</TextRegion>
<TextRegion id="block_2" custom="structure {type:header;}">
<Coords points="316,150 316,211 1030,211 1030,150 316,150"/>
<TextLine id="line_20">
<Coords points="316,153 528,153 554,150 747,150 777,151 1030,151 1030,210 777,210 747,203 554,203 528,211 316,211 316,153"/>
<Baseline points="316,211 528,211 554,203 747,203 777,210 1030,210"/>
<TextEquiv><Unicode>Gleichheit Wuͤrden und Rang.</Unicode></TextEquiv>
</TextLine>

</TextRegion>
<TextRegion id="block_3" custom="structure {type:catch;}">
<Coords points="1239,2423 1239,2465 1309,2465 1309,2423 1239,2423"/>
<TextLine id="line_21">
<Coords points="1239,2423 1309,2423 1309,2465 1239,2465 1239,2423"/>
<Baseline points="1239,2465 1309,2465"/>
<TextEquiv><Unicode>gen</Unicode></TextEquiv>
</TextLine>

</TextRegion>
<TextRegion id="block_4" custom="structure {type:note;}">
<Coords points="194,259 194,303 191,312 191,363 190,376 190,416 188,431 188,477 187,491 187,530 204,545 204,590 189,596 189,646 190,660 190,710 190,717 190,767 189,768 189,819 184,833 184,888 199,886 199,930 191,944 191,993 195,1001 195,1049 196,1052 196,1104 198,1115 198,1164 957,1164 957,1115 1304,1115 1304,1104 1304,1052 1305,1049 1305,1001 1303,993 1303,944 1302,930 1302,886 604,886 604,888 604,833 1303,833 1303,819 1303,768 1303,767 1303,717 1301,710 1301,660 1139,660 1139,646 1139,596 1299,596 1299,590 1299,545 477,545 477,530 477,491 1299,491 1299,477 1299,431 1297,416 1297,376 1298,363 1298,312 1296,303 1296,259 194,259"/>
<TextLine id="line_22">
<Coords points="194,264 265,264 281,262 469,262 489,263 541,263 562,261 617,261 639,260 780,260 801,259 925,259 942,260 1109,260 1131,268 1170,268 1187,263 1296,263 1296,301 1187,301 1170,296 1131,296 1109,298 942,298 925,301 801,301 780,300 639,300 617,297 562,297 541,297 489,297 469,303 281,303 265,303 194,303 194,264"/>
<Baseline points="194,303 265,303 281,303 469,303 489,297 541,297 562,297 617,297 639,300 780,300 801,301 925,301 942,298 1109,298 1131,296 1170,296 1187,301 1296,301"/>
<TextEquiv><Unicode>Bey Gelegenheit des W. Friedens erklaͤrte Schweden an Frank-</Unicode></TextEquiv>
</TextLine>

<TextLine id="line_23">
<Coords points="191,321 261,321 273,330 282,330 312,322 422,322 436,321 598,321 620,330 655,330 684,320 765,320 791,329 824,329 851,312 910,312 939,321 954,321 978,317 1009,317 1030,319 1132,319 1164,319 1192,319 1219,328 1298,328 1298,360 1219,360 1192,348 1164,348 1132,350 1030,350 1009,358 978,358 954,348 939,348 910,349 851,349 824,350 791,350 765,350 684,350 655,350 620,350 598,363 436,363 422,361 312,361 282,355 273,355 261,359 191,359 191,321"/>
<Baseline points="191,359 261,359 273,355 282,355 312,361 422,361 436,363 598,363 620,350 655,350 684,350 765,350 791,350 824,350 851,349 910,349 939,348 954,348 978,358 1009,358 1030,350 1132,350 1164,348 1192,348 1219,360 1298,360"/>
<TextEquiv><Unicode>reich: qu’elle pretendoit ne ceder en rien à la France in prae-</Unicode></TextEquiv>
</TextLine>

<TextLine id="line_24">
<Coords points="190,380 312,380 336,387 363,387 387,378 574,378 643,378 786,378 806,386 885,386 907,376 956,376 979,377 1003,377 1026,385 1096,385 1134,377 1216,377 1233,378 1297,378 1297,405 1233,405 1216,415 1134,415 1096,415 1026,415 1003,405 979,405 956,413 907,413 885,406 806,406 786,406 643,406 574,416 387,416 363,408 336,408 312,410 190,410 190,380"/>
<Baseline points="190,410 312,410 336,408 363,408 387,416 574,416 643,406 786,406 806,406 885,406 907,413 956,413 979,405 1003,405 1026,415 1096,415 1134,415 1216,415 1233,405 1297,405"/>
<TextEquiv><Unicode>cedentia et prerogatiua. Rousset mem. ſur le rang chap. VII.</Unicode></TextEquiv>
</TextLine>

<TextLine id="line_25">
<Coords points="188,435 331,435 351,431 517,431 533,442 573,442 592,437 662,437 685,441 794,441 810,431 1014,431 1037,433 1070,433 1085,431 1299,431 1299,473 1085,473 1070,466 1037,466 1014,473 810,473 794,477 685,477 662,468 592,468 573,473 533,473 517,474 351,474 331,474 188,474 188,435"/>
<Baseline points="188,474 331,474 351,474 517,474 533,473 573,473 592,468 662,468 685,477 794,477 810,473 1014,473 1037,466 1070,466 1085,473 1299,473"/>
<TextEquiv><Unicode>Moſer Beytraͤge zu dem europ. Voͤlkerrecht in Friedenszei-</Unicode></TextEquiv>
</TextLine>

<TextLine id="line_26">
<Coords points="187,501 237,501 258,491 350,491 371,492 416,492 427,500 477,500 477,530 427,530 416,527 371,527 350,530 258,530 237,526 187,526 187,501"/>
<Baseline points="187,526 237,526 258,530 350,530 371,527 416,527 427,530 477,530"/>
<TextEquiv><Unicode>ten Th. I. S. 41.</Unicode></TextEquiv>
</TextLine>

<TextLine id="line_27">
<Coords points="204,548 396,548 422,549 535,549 558,549 613,549 643,547 734,547 759,545 832,545 856,546 1039,546 1065,547 1153,547 1175,546 1299,546 1299,584 1175,584 1153,582 1065,582 1039,589 856,589 832,583 759,583 734,587 643,587 613,583 558,583 535,590 422,590 396,584 204,584 204,548"/>
<Baseline points="204,584 396,584 422,590 535,590 558,583 613,583 643,587 734,587 759,583 832,583 856,589 1039,589 1065,582 1153,582 1175,584 1299,584"/>
<TextEquiv><Unicode>Daͤnemark fordert den Rang uͤber Schweden unter andern,</Unicode></TextEquiv>
</TextLine>

<TextLine id="line_28">
<Coords points="189,606 259,606 281,605 327,605 348,596 565,596 591,602 676,602 695,604 777,604 796,612 892,612 914,605 1010,605 1030,603 1139,603 1139,642 1030,642 1010,644 914,644 892,639 796,639 777,641 695,641 676,646 591,646 565,645 348,645 327,641 281,641 259,642 189,642 189,606"/>
<Baseline points="189,642 259,642 281,641 327,641 348,645 565,645 591,646 676,646 695,641 777,641 796,639 892,639 914,644 1010,644 1030,642 1139,642"/>
<TextEquiv><Unicode>weil die Unionskoͤnige jenen Titel voran geſetzt haben.</Unicode></TextEquiv>
</TextLine>

<TextLine id="line_29">
<Coords points="190,664 243,664 259,663 382,663 402,662 432,662 449,663 558,663 581,660 681,660 702,662 887,662 908,662 1057,662 1066,682 1078,682 1101,662 1301,662 1301,699 1101,699 1078,699 1066,699 1057,701 908,701 887,702 702,702 681,701 581,701 558,702 449,702 432,698 402,698 382,710 259,710 243,701 190,701 190,664"/>
<Baseline points="190,701 243,701 259,710 382,710 402,698 432,698 449,702 558,702 581,701 681,701 702,702 887,702 908,701 1057,701 1066,699 1078,699 1101,699 1301,699"/>
<TextEquiv><Unicode>So weichen in ſolchen Faͤllen Portugal, Preußen, Sardinien,</Unicode></TextEquiv>
</TextLine>

<TextLine id="line_30">
<Coords points="190,730 230,730 255,722 429,722 467,720 678,720 713,720 886,720 922,717 1042,717 1068,717 1139,717 1166,718 1196,718 1227,720 1303,720 1303,754 1227,754 1196,754 1166,754 1139,754 1068,754 1042,756 922,756 886,759 713,759 678,767 467,767 429,760 255,760 230,757 190,757 190,730"/>
<Baseline points="190,757 230,757 255,760 429,760 467,767 678,767 713,759 886,759 922,756 1042,756 1068,754 1139,754 1166,754 1196,754 1227,754 1303,754"/>
<TextEquiv><Unicode>an Spanien, Frankreich, England, fordern aber in allen</Unicode></TextEquiv>
</TextLine>

<TextLine id="line_31">
<Coords points="189,778 314,778 332,777 429,777 452,776 498,776 518,774 695,774 738,768 881,768 901,775 1038,775 1069,775 1132,775 1145,779 1166,779 1195,775 1241,775 1251,783 1303,783 1303,817 1251,817 1241,812 1195,812 1166,806 1145,806 1132,816 1069,816 1038,815 901,815 881,815 738,815 695,815 518,815 498,812 452,812 429,818 332,818 314,819 189,819 189,778"/>
<Baseline points="189,819 314,819 332,818 429,818 452,812 498,812 518,815 695,815 738,815 881,815 901,815 1038,815 1069,816 1132,816 1145,806 1166,806 1195,812 1241,812 1251,817 1303,817"/>
<TextEquiv><Unicode>uͤbrigen Faͤllen die Gleichheit. Moſer Verſuch Th. I. S. 71.</Unicode></TextEquiv>
</TextLine>

<TextLine id="line_32">
<Coords points="184,834 357,834 378,835 437,835 448,837 469,837 498,833 543,833 553,841 604,841 604,870 553,870 543,869 498,869 469,863 448,863 437,872 378,872 357,888 184,888 184,834"/>
<Baseline points="184,888 357,888 378,872 437,872 448,863 469,863 498,869 543,869 553,870 604,870"/>
<TextEquiv><Unicode>Beytraͤge Th. I. S. 43.</Unicode></TextEquiv>
</TextLine>

<TextLine id="line_33">
<Coords points="199,893 253,893 278,894 414,894 439,898 460,898 475,890 524,890 552,887 727,887 755,889 810,889 830,888 920,888 944,886 1018,886 1041,888 1209,888 1238,890 1302,890 1302,925 1238,925 1209,927 1041,927 1018,925 944,925 920,929 830,929 810,925 755,925 727,926 552,926 524,926 475,926 460,929 439,929 414,930 278,930 253,929 199,929 199,893"/>
<Baseline points="199,929 253,929 278,930 414,930 439,929 460,929 475,926 524,926 552,926 727,926 755,925 810,925 830,929 920,929 944,925 1018,925 1041,927 1209,927 1238,925 1302,925"/>
<TextEquiv><Unicode>So verlangt z. B. Daͤnemark den Rang uͤber Schweden und</Unicode></TextEquiv>
</TextLine>

<TextLine id="line_34">
<Coords points="191,952 308,952 330,950 359,950 379,948 536,948 556,945 685,945 705,944 822,944 846,947 898,947 919,946 1010,946 1025,944 1098,944 1115,946 1303,946 1303,984 1115,984 1098,981 1025,981 1010,985 919,985 898,981 846,981 822,985 705,985 685,986 556,986 536,986 379,986 359,988 330,988 308,993 191,993 191,952"/>
<Baseline points="191,993 308,993 330,988 359,988 379,986 536,986 556,986 685,986 705,985 822,985 846,981 898,981 919,985 1010,985 1025,981 1098,981 1115,984 1303,984"/>
<TextEquiv><Unicode>Polen, ſo verlangen mehrere Koͤnige den Rang uͤber Sardinien,</Unicode></TextEquiv>
</TextLine>

<TextLine id="line_35">
<Coords points="195,1012 316,1012 326,1029 337,1029 374,1004 500,1004 526,1002 599,1002 622,1002 795,1002 818,1002 873,1002 895,1001 1062,1001 1084,1001 1226,1001 1240,1002 1305,1002 1305,1049 1240,1049 1226,1043 1084,1043 1062,1042 895,1042 873,1042 818,1042 795,1042 622,1042 599,1042 526,1042 500,1044 374,1044 337,1045 326,1045 316,1047 195,1047 195,1012"/>
<Baseline points="195,1047 316,1047 326,1045 337,1045 374,1044 500,1044 526,1042 599,1042 622,1042 795,1042 818,1042 873,1042 895,1042 1062,1042 1084,1043 1226,1043 1240,1049 1305,1049"/>
<TextEquiv><Unicode>Ungarn, obgleich dieſe wenigſtens auf Gleichheit dringen; die</Unicode></TextEquiv>
</TextLine>

<TextLine id="line_36">
<Coords points="196,1063 353,1063 369,1063 442,1063 458,1062 531,1062 549,1062 703,1062 716,1060 886,1060 894,1052 1122,1052 1143,1059 1166,1059 1186,1059 1217,1059 1233,1068 1304,1068 1304,1094 1233,1094 1217,1096 1186,1096 1166,1100 1143,1100 1122,1100 894,1100 886,1102 716,1102 703,1101 549,1101 531,1101 458,1101 442,1099 369,1099 353,1104 196,1104 196,1063"/>
<Baseline points="196,1104 353,1104 369,1099 442,1099 458,1101 531,1101 549,1101 703,1101 716,1102 886,1102 894,1100 1122,1100 1143,1100 1166,1100 1186,1096 1217,1096 1233,1094 1304,1094"/>
<TextEquiv><Unicode>Schriften uͤber dieſe beſondere Praͤcedenz Streitigkeiten ſ. in von</Unicode></TextEquiv>
</TextLine>

<TextLine id="line_37">
<Coords points="198,1123 401,1123 422,1123 604,1123 626,1119 731,1119 754,1121 779,1121 795,1125 862,1125 885,1124 915,1124 933,1115 957,1115 957,1158 933,1158 915,1153 885,1153 862,1159 795,1159 779,1155 754,1155 731,1164 626,1164 604,1156 422,1156 401,1163 198,1163 198,1123"/>
<Baseline points="198,1163 401,1163 422,1156 604,1156 626,1164 731,1164 754,1155 779,1155 795,1159 862,1159 885,1153 915,1153 933,1158 957,1158"/>
<TextEquiv><Unicode>Ompteda Litteratur Th. II. §. 194. u. f.</Unicode></TextEquiv>
</TextLine>

</TextRegion>
</Page>
</PcGts>