1600 2483
197 222 1446 279 danke, der heutzutage noch manchmal nachklingt, ist eine Wahrheit
195 273 1446 326 gewesen für die damalige Stufe der Entwicklung: Recht und Rechts-
200 333 846 377 pflege stehen über der Staatsgewalt.
281 389 1448 435 Freilich ist diese Machtstellung weit entfernt, eine vollkommene
198 437 1451 484 zu sein. Die Landeshoheit hat schon sehr bald angefangen, daran zu
199 485 1453 533 rütteln. Sie verschafft sich Ausnahmen über Ausnahmen und gerade
200 533 1454 588 die wichtigeren Gebiete vermochten durch die vielgestaltigen privilegia
201 582 1455 637 de non appellando die eine Seite der reichsgerichtlichen Einwirkung
200 629 1456 681 gänzlich auszuschlieſsen. Auch durch rechtswidrige Ränke und Ge-
204 680 1455 727 waltstreiche sucht man den Weg der Appellation und der Klage zum
209 726 1459 781 Reichsgericht zu versperren. Vor allem aber stand es miſslich mit
203 776 1457 829 der Zwangsvollstreckung gegen mächtigere Herren. Thatsächlich ist
204 825 1460 877 der Rechtsweg nur gegen die Kleinen bis zu Ende gangbar. Trotz
206 874 1462 921 alledem war doch immer wieder das Prinzip gewahrt, wenn ein feier-
208 922 1463 976 licher Ausspruch erfolgen konnte, daſs Unrecht geschehen sei, und
211 973 1462 1021 wenn hier und da wenigstens es gelang, ein Exempel zu statuieren.
212 1021 1466 1067 Noch in der letzten Zeit des ärgsten Verfalles, um die Wende des
212 1069 1466 1120 Jahrhunderts, dachten unsere Juristen gar nicht gering von dem
215 1117 1468 1167 Werte des ganzen Instituts und wuſsten seine Bedeutung für Auf-
214 1168 1468 1216 rechterhaltung des allgemeinen Rechtsbewuſstseins und des bürger-
215 1222 1068 1265 lichen Unabhängigkeitsgefühls wohl zu schätzen.
301 1265 1470 1313 Die Rechtsordnung, die auf diese Weise gewahrt und aufrechterhalten
219 1314 1471 1363 wird, weicht gegen das Ende mehr und mehr in die kleinen Territorien
220 1364 1473 1411 zurück; sie entlehnt ihre ganze Lebenskraft nur aus dem Fortbestande
223 1412 1474 1468 der Gerichtsbarkeit der Reichsgerichte. In dem Maſse, wie diese er-
222 1458 1476 1509 lischt, zieht für das Verwaltungsrecht, für die ganze Art, wie das Ver-
227 1507 1477 1568 hältnis zwischen dem verwaltenden Staate und dem Unterthan grund-
228 1556 997 1599 sätzlich gedacht ist, eine neue Zeit herauf.
1402 139 1442 171 37
520 144 1124 189 § 3. Die landesherrlichen Hoheitsrechte.
356 1705 1479 1741 Moser, Teutsche Just. Verfassung I S. 566 ff. zählt ein langes Sünden-
229 1749 407 1786 register auf.
358 1796 1480 1835 Moser, a. a. O. II Cap. 54 § 28 handelt von diesem Punkte unter dem
233 1842 735 1879 Titel „Bedenkliche Exekutionen“.
360 1889 1484 1930 Schlözer, Allg. St.R. (1793) Abschn. III § 8 in f.: „Glückliches Deutsch-
233 1931 1484 1972 land, das einzige Land der Welt, wo man gegen seine Herrscher, ihrer Würde un-
234 1973 1484 2014 beschadet, im Wege Rechtens bei einem fremden, nicht ihrem eignen Tribunal
234 2016 1487 2056 auf kommen kann“. Und gegenüber einem häufig gebrauchten Spottwort meint
235 2057 1486 2098 Häberlin, St.R. II S. 647: „Ein Glück, daſs wir in Teutschland Revolutions-
237 2100 1239 2141 prozesse führen können“. Das ist nach ihm ein Sicherheitsventil.
