1600 2470
314 276 1472 326 Der Polizeistaat verwischt die vorgefundenen Rechtsschranken
231 323 1471 378 auch für diesen schwerwiegenden Eingriff. Bezeichnend ist, daß die
229 371 1471 423 Rechtslehre sich immer gesträubt hat, gerade in diesem Punkte die
230 418 1470 472 Schrankenlosigkeit der Staatsgewalt anzuerkennen. Thatsächlich be-
228 469 1466 526 stand sie. Indem dabei wieder für alle „civilrechtlichen Wirkungen“
228 517 1469 568 der Fiskus sich darbieten muß, wird aus dem Rechtsinstitut das be-
226 564 1135 616 kannte polizeistaatliche Mischgebilde (Bd. I S. 51).
311 613 1465 671 Der Verfassungs- und Rechtsstaat der Neuzeit setzt feste,
226 659 1467 711 greifbare Formen des Rechts für das Verhältnis der öffentlichen Ge-
226 708 1467 761 walt zum Unterthanen. Gerade für die Enteignung und das dabei zu
224 757 1466 808 beobachtende Verfahren hat er die ihm eigentümlichen Formen in be-
224 806 1464 858 sonders scharf ausgeprägter Weise zur Geltung gebracht. Sie sind
223 853 1464 905 leicht wieder zu erkennen. Die Aufgabe ist, hinter ihnen die ein-
222 902 1463 954 fache ursprüngliche Grundidee der Enteignung zu erkennen und fest-
223 951 1464 1004 zuhalten. Nur aus ihr bleibt das Ganze verständlich und bestimmt
222 999 1330 1054 sich Sinn und Tragweite dessen, was im einzelnen gewollt ist.
306 1059 1461 1113 1. Unsere Verfassungsurkunden sagen zum Teil geradezu: Ent-
223 1108 1460 1159 eignung findet nur nach Maßgabe des Gesetzes statt. Zum Teil be-
220 1158 1461 1212 gnügen sie sich, das Eigentum für gewährleistet, zugesichert, geschützt
218 1206 1460 1264 zu erklären, was die gleiche Wirkung hat. Auch wo gar nichts gesagt
218 1253 1459 1304 ist, versteht sich dieser Vorbehalt des Gesetzes überall von selbst
219 1300 504 1343 (Bd. I S. 74 ff.).
300 1350 1457 1403 Die Enteignung bedarf also, um rechtmäßig vorgenommen zu
218 1399 1456 1458 werden, der gesetzlichen Grundlage. Dieser verfassungsrecht-
232 193 252 223 6
645 197 1064 232 Das öffentliche Sachenrecht.
215 1521 1454 1577 Teils Willkür. Wenn er aber die Stufenfolge unterscheidet: Regalität, verordnungs-
214 1563 1453 1611 mäßiges Enteignungsrecht, verfassungsmäßiges Enteignungsrecht, so schwebt ihm
213 1605 744 1643 dabei entschieden das Richtige vor.
328 1655 1453 1707 Moser, Landeshoh. in Ansehung der Unterthanen Pers. u. Verm. cap. 20
212 1694 1451 1746 § 3, giebt sich noch die Mühe, die gemäß dem alten Hoheitsrechte zulässigen Ent-
213 1735 1452 1783 eignungsfälle aufzuzählen, kommt aber dann auf zweifelhaftes Gebiet und schließt
210 1776 1450 1828 mit dem Satze: „Man wird aber in solcherlei Fällen schwerlich fragen, was
209 1817 1450 1869 Rechtens sei.“ Das ist eben der Polizeistaat. Ein Beispiel von völlig formloser
208 1858 1448 1910 Enteignung durch thatsächliche Besitzergreifung in Bd. I § 4 Note 4 (C.C.H.
207 1899 424 1934 8. April 1854).
320 1950 1447 2003 Insofern damit diese Grundidee festgestellt wird, haben also auch gegen-
206 1990 1446 2039 über dem gesetzten Rechte Erörterungen noch ihren guten Zweck, wie sie z. B.
206 2030 1445 2079 G. Meyer, R. d. Expropr. S. 163 ff., unter der Überschrift „Das staatsrechtliche
204 2069 1446 2122 Prinzip der Expropriation“ anstellt. Ähnlich v. Rohland, Ent.R. S. 6, sowie
205 2110 1444 2166 Grünhut, Ent.R. S. 4, beide unter der Überschrift „Begründung des Enteignungs-
204 2151 1443 2202 rechts“. Etwas ganz anderes ist es, wenn v. Stein, V.lehre VII S. 295, in solchen
203 2190 1442 2245 Begründungen erst suchen zu müssen glaubt, wie die vom Gesetz gewollte Ent-
203 2230 1139 2282 eignung „ein Recht sein könne“. Das ist eine müßige Frage.
