1600 2470
258 266 1413 309 Das ist die öffentliche Sache, wie das alte Staatswesen sie uns
178 312 435 348 überliefert hat.
260 364 1412 406 Damit verbindet sich nun die römischrechtliche Theorie, um diese
177 406 1412 455 öffentlichen Sachen für res extra commercium zu erklären; sie
177 455 1410 496 können nicht veräußert und nicht ersessen werden. Wenn im ur-
176 510 1412 550 sprünglichen Verhältnis die Idee des Eigentums an diesen Sachen in
178 552 1411 599 dem Gesamtrecht verschwamm, und die Frage demnach gleichgültig
178 603 1410 647 erschien, so wird sie jetzt von der Theorie gänzlich ausgeschlossen:
178 648 1412 695 einen Eigentümer kann es für solche Sachen überhaupt nicht geben,
178 698 1414 743 weder in einem Einzelnen, noch in einer Gesamtheit, noch in einer
175 741 1412 789 juristischen Person; sie sind als res extra commercium für das
178 790 738 838 Eigentum unzugänglich.
259 846 1413 890 2. Mit dem Erlöschen der Idee eines genossenschaftlichen Eigen-
178 889 1411 937 tums hatte diese Auffassung den natürlichen Boden verloren, von dem
178 938 1415 987 sie ausgegangen war. Die Stelle, die dieses ausfüllte, hatte sie leer
178 988 1414 1036 gelassen. Die mächtige Entfaltung des Staatsgedankens bringt
178 1042 1413 1081 nunmehr den Umschwung. Das große Abstraktum, als wollende und
177 1082 1414 1130 handelnde Macht mit eigener Persönlichkeit das Gemeinwesen dar-
179 1134 1414 1180 stellend, wird zum geborenen Träger aller Rechte und Herrschafts-
179 1183 1415 1227 äußerungen, welche für die Interessen desselben zu üben sind. Unter
179 1229 1414 1279 ihm erscheinen mit gleichem Anspruch öffentlichrechtliche juristische
179 1278 1413 1328 Personen zweiten Ranges. Die öffentlichen Sachen werden Eigentum
180 1327 684 1376 dieser Rechtssubjekte.
262 1382 1415 1429 Die Entwicklung vollzieht sich am frühesten in den Städten, den
181 1424 1414 1476 Treibhäusern der neuzeitlichen Staatsidee. Straßen, Brunnen, Mauern,
181 1473 1417 1525 Thore verlieren alsbald den Zusammenhang mit dem Rechte des
181 1523 1420 1574 Bürgers, den die ländlichen Gemeinschaften mit dem Allmendbegriff
181 1576 1414 1622 solchen Dingen noch lange belassen, und werden fortan für Eigentum
182 1622 1416 1671 der Stadt selbst angesehen, die den Einzelnen als ein anderes, selb-
181 1674 1060 1720 ständiges und höheres Rechtssubjekt entgegentritt.
389 186 1200 220 § 35. Begriff und Umfang des öffentlichen Eigentums.
1371 190 1410 220 63
292 1774 1416 1805 Darüber die bei Schwab in Arch. f. civ. Pr. 30 Beil. S. 39 Note 59 ff.
182 1812 1416 1846 angeführten Schriftsteller. Vor allem Wesembec bei Fritsch l. c. II S. 89:
185 1848 1417 1893 „Publica flumina non sunt in commercio nec alicujus vel proprietate vel usu, sed
179 1896 1416 1936 jure gentium publicis usibus omnium serviunt, proprietate vero sunt nullius, quam-
183 1936 1417 1976 vis quoad protectionem ad principem spectent.“ Hier sind die drei Dinge deutlich
184 1975 1418 2017 auseinander gehalten: Eigentümer ist niemand, die Sache dient nach Naturrecht
184 2010 1417 2057 dem usus publicus, der Fürst hat nur die protectio. — Die nämliche Konstruktion
184 2054 1416 2097 giebt Fritsch auch für die öffentlichen Straßen, opuscula I, 14 tractatus de
184 2096 1417 2141 regali viarum publicarum jure, cap. III n. 4: „unde earum proprietas nullius est,
184 2139 1418 2181 usus autem omnium, quam ob causam appellantur publicae; ac propterea protectio
184 2172 786 2223 illarum pertinet ad summum principem.“
298 2218 1143 2263 Über diese Entwicklung vgl. Gierke, Gen.R. II S. 748.
