1600 2483
282 219 1445 274 Die Verwaltung steht darin dem Gesetz gegenüber, wie die Justiz,
200 269 801 308 als Dienerin, nicht als Unterthan.
281 318 1445 371 2. Wer ist es nun, der in solcher Weise durch das Gesetz ge-
196 366 1443 421 bunden wird? Die Ausdrücke, die wir bisher gebrauchten: Verwaltung,
198 413 1444 467 Obrigkeit, öffentliche Gewalt, mochten vorläufig genügen, um die
197 464 1442 511 äuſsere Gestalt der Gebundenheit damit zu entwickeln. Jetzt ist auch
195 513 1443 560 der Punkt genauer zu bezeichnen, an welchem die Gebundenheit wirk-
193 562 366 592 sam wird.
276 609 1441 663 Die Richtung, in welcher die Antwort zu suchen ist, ist gegeben
193 657 1442 705 durch das Ziel, worauf die ganze Einrichtung hinausläuft. Es handelt
191 705 1440 754 sich bei der Verwaltung um das Verhältnis zwischen Staat
175 754 1439 808 und Unterthan. In dieses soll durch das Verwaltungsgesetz Recht
189 804 1440 852 und Rechtsordnung gebracht werden. Der Unterthan steht auf der
189 853 1439 905 andern Seite, also muſs die Gebundenheit, die wir hier suchen, eine
189 901 1439 949 Gebundenheit des Staates sein. Man pflegt denn auch ohne weiteres
188 951 1436 1000 den Satz aufzustellen: der Staat ist in seiner Thätigkeit an das Gesetz
186 1001 1436 1056 gebunden. Daſs das wirkt auf seine Vertreter, die solche Thätigkeit
184 1050 1250 1102 in seinem Namen zu üben haben, ist nur die Folge davon.
194 1102 1433 1152 Nun läſst sich aber die Erkenntnis nicht abweisen, daſs auch
184 1149 1432 1203 im Gesetze selbst nichts anderes wirkt als wiederum der Staat, dessen
184 1198 1433 1249 Wille darin erscheint. So gelangt man dazu, die Wirkung des Ge-
184 1250 1432 1296 setzes zu erklären als eine Selbstbindung des Staates. In
185 1296 1431 1345 dieser Weise einfach hingestellt, ist die Selbstbindung des Staates
184 1344 1431 1394 ein geheimnisvoller Vorgang, den man glauben soll, aber nicht ver-
180 1394 1431 1444 stehen kann. Innerhalb eines einheitlich gedachten Wesens kann ein
183 1443 1430 1494 sich Gegenüberstehen in rechtlichen Beziehungen, wie die Gebunden-
182 1494 1211 1540 heit sie doch bedeuten würde, gar nicht gedacht werden.
184 1544 1429 1598 Der Widerspruch, der dagegen erhoben wurde, hat dahin ge-
179 1593 1430 1643 führt, ein ganz anderes Rechtssubjekt für diese Gebundenheit zu
181 1645 1429 1697 suchen. Nicht der Staat, sagt man, ist gebunden, „sich selbst kann
182 1696 1429 1745 man nicht befehlen“, sondern die einzelnen Träger staatlicher
181 1743 1205 1791 Thätigkeit. An diese ergeht der Befehl des Gesetzes.
200 135 242 167 86
514 139 1139 180 Grundzüge der Verwaltungsrechtsordnung.
180 1828 1428 1873 steht nur noch gegenüber dem Urteil und dem Verwaltungsakt (unten § 8); da-
179 1868 1425 1916 durch ergänzt sich der Begriff der Vollziehung. Es ist einfach alle Thätigkeit,
179 1912 1426 1951 an welcher die der vollziehenden Gewalt eigentümliche Bindbarkeit wirksam er-
177 1953 285 1979 scheint.
290 1996 1426 2038 Jellinek, Staatenverbindungen S. 30 ff.; Arndt, Verord.R. S. 3; Grote-
178 2034 1426 2081 fend, Preuſs. V.R. I S. 19; Thon, Rechtsnorm S. 141; Binding, Normen I
178 2074 1426 2117 S. 13; Jhering, Zweck im R. I S. 222. — Gegen diese Idee Zorn in Annalen
181 2116 911 2156 1884 S. 475 Note 1; Gareis, Allg. St.R. S. 30.
291 2158 1425 2205 Laband, St.R. I S. 578: „Jene Gesetze sind in der That nicht Befehle,
179 2198 1425 2248 welche an die Staatsgewalt gerichtet sind, sondern Befehle der Staatsgewalt an
