1600 2483
157 272 1405 313 geräumt wird: vom völlig freien Ermessen geht das bis zur einfachen
157 318 1406 362 Anwendung der rechtssatzmäſsigen Bestimmung auf den Einzelfall.
161 364 1407 412 Auch dieses Äuſserste, die notwendige Erlaubniserteilung, ist nicht
158 417 1406 464 gleichbedeutend mit einer einfachen Anerkennung der Freiheit; vor
158 465 1403 510 die Ausübung der Freiheit ist die Erfüllung einer Formalität gesetzt,
157 514 1404 556 die Erwirkung der Erlaubnis, zur Feststellung, daſs wirklich der Fall
158 562 614 603 der Freiheit hier vorliegt.
243 612 1402 647 1. Das Verbot mit Erlaubnisvorbehalt entsteht durch Gesetz
159 659 1402 702 oder Verordnung. Für die letztere allein kommt die Frage in Be-
156 708 1404 744 tracht, inwiefern sie rechtlich zulässigerweise von dieser Form Ge-
157 755 1404 800 brauch machen kann. Die Grenzen sind ihr durch das Gesetz, von
158 804 1403 848 welchem sie ihr Recht ableitet, möglicherweise ausdrücklich gesteckt,
153 852 1403 893 jedenfalls sind sie als stillschweigend darin enthalten anzusehen nach dem
157 901 1403 945 Maſsstab, den die naturrechtliche Grundlage der Polizeigewalt auch
158 951 1404 995 dieser besonderen Art von Maſsregel gegenüber für die Auslegung des
157 1001 721 1039 ermächtigenden Gesetzes liefert.
241 1046 1403 1085 Es handelt sich bei dieser Art von Verbot um eine Über-
158 1099 1404 1137 wachungsmaſsregel. Also ist Voraussetzung dafür nicht die Polizei-
157 1148 1405 1188 widrigkeit, sondern die Möglichkeit einer solchen, die Gefahr der
157 1193 1404 1237 Störung, die in dem betreffenden Unternehmen liegt. Was in dieser
157 1243 1404 1285 Beziehung verdächtig ist, das läſst sich nicht abgrenzen. Aus welcher
156 1292 1405 1337 Art von Lebensäuſserung können sich nicht Störungen ergeben? Es
157 1342 1404 1381 besteht nur eine Gradverschiedenheit. Andererseits ist aber das Ver-
158 1389 1404 1436 bot mit Erlaubnisvorbehalt die schwerste Art von Eingriff in die
156 1437 1403 1485 Freiheit, der um der bloſsen Überwachung willen gemacht werden
157 1487 1402 1536 kann, und um so schwerer, je mehr die Entbindung vom Verbote,
157 1538 1402 1584 die Erlaubniserteilung in das freie Ermessen gestellt ist. Bei diesen
157 1586 1402 1633 Gegensätzen muſs die den Äuſserungen der Polizeigewalt innewohnende
157 1635 1401 1683 Bedingung der Verhältnismäſsigkeit wirksam werden. Ein ge-
157 1686 1399 1730 wisser Grad von Gefährlichkeit, entsprechend der Schwere der Maſs-
156 1737 1401 1780 regel, ist von dem ermächtigenden Gesetze stillschweigend voraus-
157 1787 1399 1830 gesetzt. Die Abwägung ist der verordnenden Behörde überlassen;
157 1831 1401 1877 aber eine offenbare Überschreitung dieses Maſses überschreitet auch
157 1880 1402 1928 das Maſs der Ermächtigung, und eine derartige Verordnung müſste
157 1929 801 1975 als rechtsungültig angesehen werden.
204 2276 1249 2310 Binding, Handbuch. VI. 1: Otto Mayer, Verwaltungsr. I. 19
1342 193 1403 224 289
580 189 977 222 § 21. Die Polizeierlaubnis.
267 2030 1401 2070 Eine Musterkarte von verschiedenartigen Bestimmungen der Erlaubnis-
157 2069 1402 2110 erteilung, wonach sie geschehen muſs, geschehen kann, nicht geschehen darf, giebt
157 2106 1116 2148 Gew.O. § 55 ff. bezüglich des Gewerbebetriebs im Umherziehen.
266 2152 1400 2192 Einen Fall dieser Art hatte O.V.G. 14. Juni 1882 (Samml. IX S. 370) zu
158 2187 1400 2235 beurteilen. Die Errichtung von Bauten kann unter Polizeierlaubnis gestellt werden,
158 2232 1400 2272 um die Wahrung gewisser polizeilicher Interessen zu sichern. Eine Polizeiverord-
