1600 2483
586 127 911 163 § 5. Der Rechtsstaat.
125 208 1374 257 waltung, gleichfalls gebunden an das Gesetz, ordnet ihrerseits, so
127 256 1374 304 weit es nötig ist, ihre Geschäfte durch obrigkeitliche Aussprüche,
125 306 1377 353 durch welche gebunden wird, was thatsächlich geschehen soll. Das
126 355 1377 398 thut sie in Form der Verwaltungsrechtspflege, das thut sie in noch
126 404 1377 448 viel weiterem Maſse und in vielgestaltiger Weise durch den einfachen
126 451 1382 500 Verwaltungsakt, acte administratif. Dieser hochwichtige Begriff
129 501 1379 548 des Verwaltungsaktes ist stillschweigend schon gegeben in der Parallel-
128 549 1379 599 stellung, welche der Verwaltung unter dem Gesetz neben der Justiz
129 598 1379 648 angewiesen ist. Vor der Revolution ist er völlig unbekannt. Mit der
130 647 1381 695 Neuordnung der Staatsgewalt ist er auf einmal da, ein Erzeugnis der
129 697 1381 746 séparation des pouvoirs. Er bildet für die Verwaltung das not-
131 744 1380 794 wendige Seitenstück des Urteils der Gerichte, notwendig zum Zweck
130 794 1383 841 der Durchführung ihrer rechtlichen Gleichwertigkeit. Deshalb wird von
131 843 1383 892 Anfang an mit aller Entschiedenheit seine eigne Gleichwertigkeit mit
133 893 1382 939 dem Urteil festgehalten. Er hat dessen Kraft und Wirkung und
134 942 1384 991 maſsgebende Stellung und weicht nur so weit ab, als die ganz anders
132 990 1383 1040 gestalteten Umstände, unter denen er in der Verwaltung aufzutreten
133 1039 1383 1084 und zu wirken hat, es mit sich bringen. Das mag äuſserlich noch
134 1082 1384 1132 so viel und auffallend sein, der wesentliche Kern von Übereinstimmendem
133 1138 1385 1181 bleibt bestehen. In den Gesetzen, in der Rechtsprechung, in der
136 1187 1386 1232 wissenschaftlichen Behandlung des Verwaltungsrechts dreht sich seither
136 1237 1386 1282 alles um diesen Verwaltungsakt, der für die Gestaltung des Ver-
137 1288 1388 1337 waltungsrechtes ebenso wichtig ist, wie der des Gesetzes, wenn er
139 1337 1387 1384 auch von weit weniger Glanz und Geräusch umgeben ins Leben trat.
1333 123 1373 154 59
264 1443 1389 1484 Die groſssen Repertorien des Rechts, die unmittelbar vor der Revolution
136 1484 1389 1521 erschienen, kennen noch keinen acte administratif. Denisart, collection de dé-
138 1526 1391 1563 cisions nouvelles (1771) I S. 45, und Guyot, répertoire (1784) I S. 137, geben dem
139 1569 1391 1611 Wort acte nur eine Bedeutung für Justiz und Civilrecht. In ihren breiten Aus-
140 1605 1392 1640 einandersetzungen über diesen Begriff kommt der acte administratif nicht vor.
144 1645 1393 1680 Beweiskräftig ist namentlich das berühmte Repertorium von Merlin. Es ist
140 1685 1394 1720 entstanden aus dem eben erwähnten Werke von Guyot. Dasselbe wurde von der
141 1726 1391 1764 dritten Auflage ab von Merlin unter seinem Namen herausgegeben und mit den-
136 1768 1392 1808 jenigen Zusätzen versehen, welche das neue Recht erforderte. In der Auflage von
144 1810 1395 1845 1812 erscheint denn auch zum erstenmale ein Artikel: acte administratif, als eigener
141 1852 1395 1891 Zusatz von Merlin gekennzeichnet. Chauveau, compétence et juridiction ad-
143 1895 1399 1933 ministrative (1841) I N. 406 „depuis un demi-siècle que le pouvoir administratif
141 1937 1395 1977 et judiciaire ont été séparés .. dans les lois, dans les arrêts, dans les arrêts que
142 1979 1396 2016 de fois les mots acte administratif ont ils été employés etc.“ Dalloz, répertoire Vo
142 2021 1396 2055 acte administratif n. 2: bemerkt: im ältern Rechte hätte es kein Interesse gehabt,
144 2062 1397 2103 „à rechercher les caractères des actes administratifs“. Es gab einfach solche
146 2109 474 2139 caractères noch nicht.
255 2147 1392 2185 Henrion de Pansey, de l’autorité judiciaire cap. 39, führt schon im Jahre
145 2189 1146 2229 1810 diesen Vergleich zwischen Urteil und Verwaltungsakt durch.
