<?xml version="1.0" encoding="UTF-8"?>
<PcGts xmlns="http://schema.primaresearch.org/PAGE/gts/pagecontent/2019-07-15" xmlns:xsi="http://www.w3.org/2001/XMLSchema-instance" xsi:schemaLocation="http://schema.primaresearch.org/PAGE/gts/pagecontent/2019-07-15 http://schema.primaresearch.org/PAGE/gts/pagecontent/2019-07-15/pagecontent.xsd">
<Metadata>
<Creator>regJS2PAGE.py</Creator>
<Created>2021-02-16T10:52:23.148446</Created>
<LastChange>2021-02-16T10:52:23.148446</LastChange>
</Metadata>
<Page imageFilename="tmp/mayer_duengerkapital_1869_0040.png" imageWidth="1600" imageHeight="2527">
<TextRegion id="block_0" custom="structure {type:body;}">
<Coords points="264,286 264,332 265,345 265,395 265,412 265,455 265,475 265,518 266,539 266,581 267,602 267,645 267,665 337,665 337,707 337,727 265,727 265,771 268,789 268,832 267,853 267,897 269,915 269,957 268,978 268,1021 270,1040 270,1083 267,1100 267,1147 267,1165 340,1165 340,1209 340,1226 270,1226 270,1272 270,1292 270,1334 269,1345 269,1398 267,1417 267,1461 1427,1461 1427,1417 1430,1398 1430,1345 1431,1334 1431,1292 1432,1272 1432,1226 1427,1209 1427,1165 1430,1147 1430,1100 1430,1083 1430,1040 1429,1021 1429,978 1428,957 1428,915 1429,897 1429,853 1424,832 1424,789 1431,771 1431,727 1442,707 1442,665 1236,665 1236,645 1236,602 1426,602 1426,581 1426,539 1429,518 1429,475 1428,455 1428,412 1445,395 1445,345 1431,332 1431,286 264,286"/>
<TextLine id="line_0">
<Coords points="264,287 672,287 694,287 737,287 763,287 835,287 865,286 917,286 944,287 974,287 1005,286 1049,286 1070,287 1354,287 1381,291 1431,291 1431,322 1381,322 1354,332 1070,332 1049,319 1005,319 974,320 944,320 917,319 865,319 835,328 763,328 737,320 694,320 672,331 264,331 264,287"/>
<Baseline points="264,331 672,331 694,320 737,320 763,328 835,328 865,319 917,319 944,320 974,320 1005,319 1049,319 1070,332 1354,332 1381,322 1431,322"/>
<TextEquiv><Unicode>Pflanzennahrungsmittel, die nicht mit in die Zuſammenſetzung der</Unicode></TextEquiv>
</TextLine>

<TextLine id="line_1">
<Coords points="265,352 412,352 442,351 586,351 614,350 779,350 810,349 878,349 893,345 920,345 952,351 1007,351 1041,349 1162,349 1195,351 1247,351 1279,351 1322,351 1348,352 1445,352 1445,395 1348,395 1322,384 1279,384 1247,392 1195,392 1162,392 1041,392 1007,382 952,382 920,389 893,389 878,392 810,392 779,391 614,391 586,392 442,392 412,395 265,395 265,352"/>
<Baseline points="265,395 412,395 442,392 586,392 614,391 779,391 810,392 878,392 893,389 920,389 952,382 1007,382 1041,392 1162,392 1195,392 1247,392 1279,384 1322,384 1348,395 1445,395"/>
<TextEquiv><Unicode>Pflanzen eingehen) vorhanden ſein, das indeſſen auf die Höhe</Unicode></TextEquiv>
</TextLine>

<TextLine id="line_2">
<Coords points="265,415 314,415 341,414 452,414 479,413 510,413 536,412 634,412 663,412 759,412 794,412 922,412 948,413 1007,413 1036,413 1158,413 1188,413 1258,413 1288,414 1339,414 1369,414 1428,414 1428,447 1369,447 1339,446 1288,446 1258,455 1188,455 1158,454 1036,454 1007,445 948,445 922,445 794,445 759,453 663,453 634,454 536,454 510,446 479,446 452,449 341,449 314,448 265,448 265,415"/>
<Baseline points="265,448 314,448 341,449 452,449 479,446 510,446 536,454 634,454 663,453 759,453 794,445 922,445 948,445 1007,445 1036,454 1158,454 1188,455 1258,455 1288,446 1339,446 1369,447 1428,447"/>
<TextEquiv><Unicode>der Ernten in hohem Maße einwirkt und deßhalb nicht mit dem</Unicode></TextEquiv>
</TextLine>

<TextLine id="line_3">
<Coords points="265,478 362,478 380,476 615,476 637,476 806,476 827,476 937,476 960,475 1037,475 1062,486 1110,486 1131,477 1196,477 1220,487 1275,487 1297,476 1429,476 1429,517 1297,517 1275,509 1220,509 1196,518 1131,518 1110,509 1062,509 1037,516 960,516 937,509 827,509 806,517 637,517 615,518 380,518 362,512 265,512 265,478"/>
<Baseline points="265,512 362,512 380,518 615,518 637,517 806,517 827,509 937,509 960,516 1037,516 1062,509 1110,509 1131,518 1196,518 1220,509 1275,509 1297,517 1429,517"/>
<TextEquiv><Unicode>todten Düngerkapital verwechſelt werden darf, um auch nur ſpärliche</Unicode></TextEquiv>
</TextLine>

<TextLine id="line_4">
<Coords points="266,541 378,541 406,539 674,539 729,539 807,539 837,539 870,539 895,539 939,539 967,539 1164,539 1192,540 1247,540 1274,541 1339,541 1370,548 1426,548 1426,573 1370,573 1339,580 1274,580 1247,573 1192,573 1164,581 967,581 939,572 895,572 870,581 837,581 807,573 729,573 674,581 406,581 378,575 266,575 266,541"/>
<Baseline points="266,575 378,575 406,581 674,581 729,573 807,573 837,581 870,581 895,572 939,572 967,581 1164,581 1192,573 1247,573 1274,580 1339,580 1370,573 1426,573"/>
<TextEquiv><Unicode>Ernten hervorzubringen. Dies iſt ein Verhältniß, das auch von</Unicode></TextEquiv>
</TextLine>

<TextLine id="line_5">
<Coords points="267,602 622,602 649,602 734,602 760,602 863,602 884,603 1033,603 1056,602 1170,602 1193,603 1236,603 1236,644 1193,644 1170,636 1056,636 1033,644 884,644 863,644 760,644 734,636 649,636 622,645 267,645 267,602"/>
<Baseline points="267,645 622,645 649,636 734,636 760,644 863,644 884,644 1033,644 1056,636 1170,636 1193,644 1236,644"/>
<TextEquiv><Unicode>naturwiſſenſchaftlicher Seite häufig überſehen worden iſt.</Unicode></TextEquiv>
</TextLine>

<TextLine id="line_6">
<Coords points="337,665 532,665 562,665 705,665 737,665 874,665 907,665 979,665 1010,665 1077,665 1108,665 1152,665 1184,665 1338,665 1372,667 1442,667 1442,703 1372,703 1338,706 1184,706 1152,698 1108,698 1077,698 1010,698 979,706 907,706 874,707 737,707 705,707 562,707 532,707 337,707 337,665"/>
<Baseline points="337,707 532,707 562,707 705,707 737,707 874,707 907,706 979,706 1010,698 1077,698 1108,698 1152,698 1184,706 1338,706 1372,703 1442,703"/>
<TextEquiv><Unicode>Verſchiedene Pflanzen bedürfen nicht blos ein qualitativ und</Unicode></TextEquiv>
</TextLine>

<TextLine id="line_7">
<Coords points="265,728 443,728 466,728 580,728 601,727 803,727 820,728 1066,728 1089,729 1208,729 1227,730 1292,730 1310,729 1354,729 1371,729 1431,729 1431,771 1371,771 1354,761 1310,761 1292,770 1227,770 1208,769 1089,769 1066,769 820,769 803,770 601,770 580,770 466,770 443,770 265,770 265,728"/>
<Baseline points="265,770 443,770 466,770 580,770 601,770 803,770 820,769 1066,769 1089,769 1208,769 1227,770 1292,770 1310,761 1354,761 1371,771 1431,771"/>
<TextEquiv><Unicode>quantitativ äußerſt verſchiedenes Düngerkapital, ſondern auch ein ſehr</Unicode></TextEquiv>
</TextLine>

<TextLine id="line_8">
<Coords points="268,791 426,791 459,790 635,790 680,798 737,798 780,789 934,789 974,799 1006,799 1045,790 1257,790 1291,791 1424,791 1424,832 1291,832 1257,830 1045,830 1006,831 974,831 934,831 780,831 737,823 680,823 635,831 459,831 426,832 268,832 268,791"/>
<Baseline points="268,832 426,832 459,831 635,831 680,823 737,823 780,831 934,831 974,831 1006,831 1045,830 1257,830 1291,832 1424,832"/>
<TextEquiv><Unicode>ungleiches Verhältniß von ſtehendem zu umlaufendem Kapital.</Unicode></TextEquiv>
</TextLine>

<TextLine id="line_9">
<Coords points="267,853 413,853 435,853 487,853 508,853 611,853 633,853 676,853 698,863 719,863 744,853 785,853 808,854 869,854 894,853 1008,853 1031,854 1186,854 1207,853 1252,853 1266,854 1429,854 1429,896 1266,896 1252,886 1207,886 1186,895 1031,895 1008,895 894,895 869,885 808,885 785,887 744,887 719,895 698,895 676,886 633,886 611,897 508,897 487,886 435,886 413,896 267,896 267,853"/>
<Baseline points="267,896 413,896 435,886 487,886 508,897 611,897 633,886 676,886 698,895 719,895 744,887 785,887 808,885 869,885 894,895 1008,895 1031,895 1186,895 1207,886 1252,886 1266,896 1429,896"/>
<TextEquiv><Unicode>Pflanzen wie Hafer, die z. B. dem Weizen gegenüber ein geringeres</Unicode></TextEquiv>
</TextLine>

<TextLine id="line_10">
<Coords points="269,915 448,915 471,923 526,923 560,915 713,915 740,925 773,925 800,915 1012,915 1030,915 1265,915 1281,917 1428,917 1428,957 1281,957 1265,957 1030,957 1012,956 800,956 773,956 740,956 713,957 560,957 526,949 471,949 448,957 269,957 269,915"/>
<Baseline points="269,957 448,957 471,949 526,949 560,957 713,957 740,956 773,956 800,956 1012,956 1030,957 1265,957 1281,957 1428,957"/>
<TextEquiv><Unicode>Verhältniß von ſtehendem zu umlaufendem Düngerkapital bedürfen,</Unicode></TextEquiv>
</TextLine>

<TextLine id="line_11">
<Coords points="268,978 419,978 442,979 638,979 666,980 713,980 743,979 777,979 806,978 834,978 863,978 911,978 932,979 1012,979 1040,978 1111,978 1142,979 1200,979 1233,979 1338,979 1366,980 1429,980 1429,1020 1366,1020 1338,1012 1233,1012 1200,1011 1142,1011 1111,1020 1040,1020 1012,1019 932,1019 911,1011 863,1011 834,1011 806,1011 777,1019 743,1019 713,1011 666,1011 638,1021 442,1021 419,1021 268,1021 268,978"/>
<Baseline points="268,1021 419,1021 442,1021 638,1021 666,1011 713,1011 743,1019 777,1019 806,1011 834,1011 863,1011 911,1011 932,1019 1012,1019 1040,1020 1111,1020 1142,1011 1200,1011 1233,1012 1338,1012 1366,1020 1429,1020"/>
<TextEquiv><Unicode>erſcheinen genügſamer, als ſie in der That ſind, und können doch</Unicode></TextEquiv>
</TextLine>

<TextLine id="line_12">
<Coords points="270,1040 580,1040 612,1041 667,1041 702,1042 749,1042 780,1042 857,1042 891,1041 942,1041 974,1040 1034,1040 1071,1041 1113,1041 1144,1041 1204,1041 1243,1042 1430,1042 1430,1083 1243,1083 1204,1074 1144,1074 1113,1074 1071,1074 1034,1073 974,1073 942,1073 891,1073 857,1082 780,1082 749,1074 702,1074 667,1082 612,1082 580,1074 270,1074 270,1040"/>
<Baseline points="270,1074 580,1074 612,1082 667,1082 702,1074 749,1074 780,1082 857,1082 891,1073 942,1073 974,1073 1034,1073 1071,1074 1113,1074 1144,1074 1204,1074 1243,1083 1430,1083"/>
<TextEquiv><Unicode>bodenausraubender ſein als jene, wie dies bei dem angeführten</Unicode></TextEquiv>
</TextLine>

<TextLine id="line_13">
<Coords points="267,1104 396,1104 417,1104 589,1104 613,1104 660,1104 676,1103 745,1103 767,1103 799,1103 822,1103 1005,1103 1026,1105 1091,1105 1104,1104 1213,1104 1230,1100 1430,1100 1430,1147 1230,1147 1213,1145 1104,1145 1091,1145 1026,1145 1005,1144 822,1144 799,1145 767,1145 745,1144 676,1144 660,1136 613,1136 589,1146 417,1146 396,1146 267,1146 267,1104"/>
<Baseline points="267,1146 396,1146 417,1146 589,1146 613,1136 660,1136 676,1144 745,1144 767,1145 799,1145 822,1144 1005,1144 1026,1145 1091,1145 1104,1145 1213,1145 1230,1147 1430,1147"/>
<TextEquiv><Unicode>Beiſpiel thatſächlich der Fall iſt (wenigſtens nach einigen Angaben).</Unicode></TextEquiv>
</TextLine>

<TextLine id="line_14">
<Coords points="340,1166 385,1166 420,1166 492,1166 520,1176 578,1176 606,1167 672,1167 698,1166 751,1166 780,1165 935,1165 957,1165 1188,1165 1219,1167 1334,1167 1361,1168 1427,1168 1427,1209 1361,1209 1334,1208 1219,1208 1188,1208 957,1208 935,1207 780,1207 751,1198 698,1198 672,1207 606,1207 578,1198 520,1198 492,1199 420,1199 385,1201 340,1201 340,1166"/>
<Baseline points="340,1201 385,1201 420,1199 492,1199 520,1198 578,1198 606,1207 672,1207 698,1198 751,1198 780,1207 935,1207 957,1208 1188,1208 1219,1208 1334,1208 1361,1209 1427,1209"/>
<TextEquiv><Unicode>Es wird nun nach den gemachten Ausführungen möglich ſein,</Unicode></TextEquiv>
</TextLine>

<TextLine id="line_15">
<Coords points="270,1229 316,1229 337,1228 593,1228 610,1226 717,1226 739,1228 786,1228 809,1228 1014,1228 1035,1228 1085,1228 1105,1229 1359,1229 1380,1231 1432,1231 1432,1263 1380,1263 1359,1271 1105,1271 1085,1261 1035,1261 1014,1270 809,1270 786,1261 739,1261 717,1272 610,1272 593,1270 337,1270 316,1262 270,1262 270,1229"/>
<Baseline points="270,1262 316,1262 337,1270 593,1270 610,1272 717,1272 739,1261 786,1261 809,1270 1014,1270 1035,1261 1085,1261 1105,1271 1359,1271 1380,1263 1432,1263"/>
<TextEquiv><Unicode>die wirthſchaftlichen Geſetze der Verwendung des Düngerkapitals ab-</Unicode></TextEquiv>
</TextLine>

<TextLine id="line_16">
<Coords points="270,1292 400,1292 454,1292 505,1292 507,1292 634,1292 657,1302 690,1302 711,1292 811,1292 838,1293 930,1293 951,1292 993,1292 1016,1293 1046,1293 1066,1293 1114,1293 1136,1292 1431,1292 1431,1334 1136,1334 1114,1326 1066,1326 1046,1325 1016,1325 993,1326 951,1326 930,1333 838,1333 811,1332 711,1332 690,1334 657,1334 634,1334 507,1334 505,1326 454,1326 400,1334 270,1334 270,1292"/>
<Baseline points="270,1334 400,1334 454,1326 505,1326 507,1334 634,1334 657,1334 690,1334 711,1332 811,1332 838,1333 930,1333 951,1326 993,1326 1016,1325 1046,1325 1066,1326 1114,1326 1136,1334 1431,1334"/>
<TextEquiv><Unicode>zuleiten. Wir ſtellen zu dieſem Zweck die in der Volkswirthſchafts-</Unicode></TextEquiv>
</TextLine>

<TextLine id="line_17">
<Coords points="269,1355 344,1355 357,1355 481,1355 496,1356 727,1356 745,1366 794,1366 814,1356 857,1356 874,1366 923,1366 937,1345 1137,1345 1154,1356 1202,1356 1218,1355 1430,1355 1430,1397 1218,1397 1202,1388 1154,1388 1137,1397 937,1397 923,1398 874,1398 857,1389 814,1389 794,1395 745,1395 727,1397 496,1397 481,1397 357,1397 344,1395 269,1395 269,1355"/>
<Baseline points="269,1395 344,1395 357,1397 481,1397 496,1397 727,1397 745,1395 794,1395 814,1389 857,1389 874,1398 923,1398 937,1397 1137,1397 1154,1388 1202,1388 1218,1397 1430,1397"/>
<TextEquiv><Unicode>lehre üblichen Betrachtungen an, die zur Erläuterung der Bedingungen</Unicode></TextEquiv>
</TextLine>

<TextLine id="line_18">
<Coords points="267,1417 318,1417 339,1417 524,1417 547,1417 604,1417 631,1418 816,1418 843,1418 1290,1418 1316,1418 1427,1418 1427,1452 1316,1452 1290,1459 843,1459 816,1461 631,1461 604,1450 547,1450 524,1459 339,1459 318,1449 267,1449 267,1417"/>
<Baseline points="267,1449 318,1449 339,1459 524,1459 547,1450 604,1450 631,1461 816,1461 843,1459 1290,1459 1316,1452 1427,1452"/>
<TextEquiv><Unicode>der extenſiveren und intenſiveren Bewirthſchaftungsmethoden dienen.</Unicode></TextEquiv>
</TextLine>

</TextRegion>
<TextRegion id="block_1" custom="structure {type:pageNum;}">
<Coords points="267,186 267,217 312,217 312,186 267,186"/>
<TextLine id="line_19">
<Coords points="267,186 312,186 312,217 267,217 267,186"/>
<Baseline points="267,217 312,217"/>
<TextEquiv><Unicode>30</Unicode></TextEquiv>
</TextLine>

</TextRegion>
<TextRegion id="block_2" custom="structure {type:header;}">
<Coords points="547,171 547,226 1163,226 1163,171 547,171"/>
<TextLine id="line_20">
<Coords points="547,190 611,190 634,171 851,171 874,191 929,191 952,196 996,196 1018,190 1163,190 1163,221 1018,221 996,220 952,220 929,219 874,219 851,226 634,226 611,219 547,219 547,190"/>
<Baseline points="547,219 611,219 634,226 851,226 874,219 929,219 952,220 996,220 1018,221 1163,221"/>
<TextEquiv><Unicode>Das Düngerkapital und der Raubbau.</Unicode></TextEquiv>
</TextLine>

</TextRegion>
<TextRegion id="block_3" custom="structure {type:note;}">
<Coords points="268,1475 268,1527 270,1539 270,1577 270,1587 270,1626 270,1636 270,1674 270,1685 270,1722 270,1733 270,1771 271,1782 271,1819 271,1830 271,1868 271,1878 271,1917 273,1927 273,1994 272,1975 272,2013 272,1990 395,1990 395,2061 395,2073 272,2073 272,2109 272,2119 397,2119 397,2158 1215,2158 1215,2119 390,2119 390,2109 390,2073 1431,2073 1431,2061 1431,1990 861,1990 861,2013 861,1975 1433,1975 1433,1994 1433,1927 1433,1917 1433,1878 1433,1868 1433,1830 1433,1819 1433,1782 1432,1771 1432,1733 1431,1722 1431,1685 1433,1674 1433,1636 1432,1626 1432,1587 1432,1577 1432,1539 1433,1527 1433,1475 268,1475"/>
<TextLine id="line_21">
<Coords points="268,1475 316,1475 337,1491 452,1491 473,1492 612,1492 639,1494 708,1494 731,1496 758,1496 781,1492 872,1492 893,1491 951,1491 972,1491 1084,1491 1111,1492 1158,1492 1183,1493 1234,1493 1261,1493 1341,1493 1362,1492 1433,1492 1433,1522 1362,1522 1341,1527 1261,1527 1234,1520 1183,1520 1158,1527 1111,1527 1084,1527 972,1527 951,1521 893,1521 872,1527 781,1527 758,1521 731,1521 708,1521 639,1521 612,1527 473,1527 452,1527 337,1527 316,1521 268,1521 268,1475"/>
<Baseline points="268,1521 316,1521 337,1527 452,1527 473,1527 612,1527 639,1521 708,1521 731,1521 758,1521 781,1527 872,1527 893,1521 951,1521 972,1527 1084,1527 1111,1527 1158,1527 1183,1520 1234,1520 1261,1527 1341,1527 1362,1522 1433,1522"/>
<TextEquiv><Unicode>des Kapital bezeichne, denn es ſcheint dies Kapital auf den erſten Blick</Unicode></TextEquiv>
</TextLine>

<TextLine id="line_22">
<Coords points="270,1540 380,1540 402,1540 479,1540 500,1549 532,1549 553,1540 664,1540 686,1540 734,1540 756,1541 801,1541 822,1540 995,1540 1022,1541 1066,1541 1089,1539 1274,1539 1302,1542 1347,1542 1372,1543 1432,1543 1432,1576 1372,1576 1347,1569 1302,1569 1274,1577 1089,1577 1066,1569 1022,1569 995,1577 822,1577 801,1569 756,1569 734,1569 686,1569 664,1576 553,1576 532,1577 500,1577 479,1570 402,1570 380,1576 270,1576 270,1540"/>
<Baseline points="270,1576 380,1576 402,1570 479,1570 500,1577 532,1577 553,1576 664,1576 686,1569 734,1569 756,1569 801,1569 822,1577 995,1577 1022,1569 1066,1569 1089,1577 1274,1577 1302,1569 1347,1569 1372,1576 1432,1576"/>
<TextEquiv><Unicode>dieſelbe Rolle zu ſpielen, wie der Heuvorrath des Landwirths, der doch</Unicode></TextEquiv>
</TextLine>

<TextLine id="line_23">
<Coords points="270,1587 410,1587 432,1589 518,1589 539,1589 622,1589 644,1598 697,1598 719,1589 816,1589 839,1596 916,1596 939,1597 965,1597 987,1592 1039,1592 1061,1589 1119,1589 1137,1588 1215,1588 1236,1589 1370,1589 1391,1598 1432,1598 1432,1626 1391,1626 1370,1625 1236,1625 1215,1625 1137,1625 1119,1617 1061,1617 1039,1617 987,1617 965,1617 939,1617 916,1618 839,1618 816,1623 719,1623 697,1618 644,1618 622,1624 539,1624 518,1625 432,1625 410,1624 270,1624 270,1587"/>
<Baseline points="270,1624 410,1624 432,1625 518,1625 539,1624 622,1624 644,1618 697,1618 719,1623 816,1623 839,1618 916,1618 939,1617 965,1617 987,1617 1039,1617 1061,1617 1119,1617 1137,1625 1215,1625 1236,1625 1370,1625 1391,1626 1432,1626"/>
<TextEquiv><Unicode>ſchließlich ſeinen Zweck nur erfüllt, wenn er aus dem Beſitz desſelben ge-</Unicode></TextEquiv>
</TextLine>

<TextLine id="line_24">
<Coords points="270,1637 358,1637 389,1637 480,1637 501,1638 546,1638 566,1637 650,1637 671,1637 712,1637 730,1637 964,1637 984,1637 1030,1637 1046,1636 1317,1636 1322,1638 1433,1638 1433,1673 1322,1673 1317,1674 1046,1674 1030,1666 984,1666 964,1673 730,1673 712,1666 671,1666 650,1673 566,1673 546,1667 501,1667 480,1671 389,1671 358,1673 270,1673 270,1637"/>
<Baseline points="270,1673 358,1673 389,1671 480,1671 501,1667 546,1667 566,1673 650,1673 671,1666 712,1666 730,1673 964,1673 984,1666 1030,1666 1046,1674 1317,1674 1322,1673 1433,1673"/>
<TextEquiv><Unicode>langt. Jeder, der jedoch die Anfangsgründe der Pflanzenernährung kennt,</Unicode></TextEquiv>
</TextLine>

<TextLine id="line_25">
<Coords points="270,1685 352,1685 378,1685 431,1685 461,1686 516,1686 543,1685 791,1685 818,1685 899,1685 925,1685 1025,1685 1055,1685 1263,1685 1285,1686 1431,1686 1431,1722 1285,1722 1263,1721 1055,1721 1025,1720 925,1720 899,1721 818,1721 791,1722 543,1722 516,1715 461,1715 431,1718 378,1718 352,1720 270,1720 270,1685"/>
<Baseline points="270,1720 352,1720 378,1718 431,1718 461,1715 516,1715 543,1722 791,1722 818,1721 899,1721 925,1720 1025,1720 1055,1721 1263,1721 1285,1722 1431,1722"/>
<TextEquiv><Unicode>weiß, daß eine verhältnißmäßig große Menge aſſimilirbarer Pflanzen-</Unicode></TextEquiv>
</TextLine>

<TextLine id="line_26">
<Coords points="270,1734 505,1734 525,1734 564,1734 587,1734 683,1734 703,1734 859,1734 885,1733 939,1733 966,1733 1046,1733 1073,1734 1160,1734 1186,1733 1242,1733 1269,1734 1432,1734 1432,1771 1269,1771 1242,1763 1186,1763 1160,1763 1073,1763 1046,1769 966,1769 939,1769 885,1769 859,1770 703,1770 683,1763 587,1763 564,1763 525,1763 505,1771 270,1771 270,1734"/>
<Baseline points="270,1771 505,1771 525,1763 564,1763 587,1763 683,1763 703,1770 859,1770 885,1769 939,1769 966,1769 1046,1769 1073,1763 1160,1763 1186,1763 1242,1763 1269,1771 1432,1771"/>
<TextEquiv><Unicode>nahrungsmittel im Boden vorhanden ſein muß, damit eine verhältniß-</Unicode></TextEquiv>
</TextLine>

<TextLine id="line_27">
<Coords points="271,1782 365,1782 391,1783 471,1783 493,1783 593,1783 619,1791 665,1791 688,1782 843,1782 871,1783 987,1783 1032,1782 1166,1782 1193,1782 1267,1782 1295,1783 1351,1783 1378,1784 1433,1784 1433,1813 1378,1813 1351,1819 1295,1819 1267,1812 1193,1812 1166,1818 1032,1818 987,1818 871,1818 843,1819 688,1819 665,1819 619,1819 593,1819 493,1819 471,1812 391,1812 365,1819 271,1819 271,1782"/>
<Baseline points="271,1819 365,1819 391,1812 471,1812 493,1819 593,1819 619,1819 665,1819 688,1819 843,1819 871,1818 987,1818 1032,1818 1166,1818 1193,1812 1267,1812 1295,1819 1351,1819 1378,1813 1433,1813"/>
<TextEquiv><Unicode>mäßig kleine Menge zur Aufnahme gelangt. Offenbar wirkt alſo eine</Unicode></TextEquiv>
</TextLine>

<TextLine id="line_28">
<Coords points="271,1831 372,1831 393,1831 495,1831 515,1831 596,1831 618,1831 777,1831 797,1830 838,1830 865,1831 930,1831 956,1839 1002,1839 1028,1830 1184,1830 1211,1832 1342,1832 1352,1855 1359,1855 1387,1841 1433,1841 1433,1868 1387,1868 1359,1867 1352,1867 1342,1868 1211,1868 1184,1866 1028,1866 1002,1866 956,1866 930,1866 865,1866 838,1860 797,1860 777,1867 618,1867 596,1866 515,1866 495,1867 393,1867 372,1868 271,1868 271,1831"/>
<Baseline points="271,1868 372,1868 393,1867 495,1867 515,1866 596,1866 618,1867 777,1867 797,1860 838,1860 865,1866 930,1866 956,1866 1002,1866 1028,1866 1184,1866 1211,1868 1342,1868 1352,1867 1359,1867 1387,1868 1433,1868"/>
<TextEquiv><Unicode>gewiſſe Menge dieſer Nährſtoffe, die nicht zur Aufnahme gelangen, zur</Unicode></TextEquiv>
</TextLine>

<TextLine id="line_29">
<Coords points="271,1880 441,1880 463,1879 633,1879 654,1878 714,1878 736,1880 791,1880 813,1879 879,1879 894,1879 995,1879 1011,1879 1117,1879 1132,1879 1174,1879 1193,1887 1279,1887 1296,1880 1344,1880 1355,1880 1433,1880 1433,1910 1355,1910 1344,1909 1296,1909 1279,1915 1193,1915 1174,1915 1132,1915 1117,1915 1011,1915 995,1915 894,1915 879,1914 813,1914 791,1908 736,1908 714,1913 654,1913 633,1917 463,1917 441,1915 271,1915 271,1880"/>
<Baseline points="271,1915 441,1915 463,1917 633,1917 654,1913 714,1913 736,1908 791,1908 813,1914 879,1914 894,1915 995,1915 1011,1915 1117,1915 1132,1915 1174,1915 1193,1915 1279,1915 1296,1909 1344,1909 1355,1910 1433,1910"/>
<TextEquiv><Unicode>Produktion nothwendig mit, und dieſe Menge verhält ſich genau wie werk-</Unicode></TextEquiv>
</TextLine>

<TextLine id="line_30">
<Coords points="273,1927 426,1927 447,1927 642,1927 675,1927 716,1927 736,1935 783,1935 804,1927 972,1927 995,1927 1160,1927 1177,1928 1260,1928 1289,1928 1355,1928 1381,1932 1433,1932 1433,1957 1381,1957 1355,1963 1289,1963 1260,1994 1177,1994 1160,1963 995,1963 972,1963 804,1963 783,1963 736,1963 716,1957 675,1957 642,1965 447,1965 426,1964 273,1964 273,1927"/>
<Baseline points="273,1964 426,1964 447,1965 642,1965 675,1957 716,1957 736,1963 783,1963 804,1963 972,1963 995,1963 1160,1963 1177,1994 1260,1994 1289,1963 1355,1963 1381,1957 1433,1957"/>
<TextEquiv><Unicode>zeugartige Gegenſtände, die zur Produktion erforderlich ſind, ohne aus</Unicode></TextEquiv>
</TextLine>

<TextLine id="line_31">
<Coords points="272,1977 318,1977 339,1975 420,1975 441,1978 488,1978 509,1976 698,1976 718,1983 749,1983 771,1975 861,1975 861,2012 771,2012 749,2011 718,2011 698,2012 509,2012 488,2006 441,2006 420,2013 339,2013 318,2006 272,2006 272,1977"/>
<Baseline points="272,2006 318,2006 339,2013 420,2013 441,2006 488,2006 509,2012 698,2012 718,2011 749,2011 771,2012 861,2012"/>
<TextEquiv><Unicode>der Hand des Producenten zu gehen.</Unicode></TextEquiv>
</TextLine>

<TextLine id="line_32">
<Coords points="395,2024 481,2024 502,2024 689,2024 731,2023 787,2023 808,2023 901,2023 927,2024 973,2024 995,2023 1151,2023 1177,1990 1327,1990 1347,2025 1431,2025 1431,2054 1347,2054 1327,2061 1177,2061 1151,2054 995,2054 973,2053 927,2053 901,2053 808,2053 787,2052 731,2052 689,2060 502,2060 481,2061 395,2061 395,2024"/>
<Baseline points="395,2061 481,2061 502,2060 689,2060 731,2052 787,2052 808,2053 901,2053 927,2053 973,2053 995,2054 1151,2054 1177,2061 1327,2061 1347,2054 1431,2054"/>
<TextEquiv><Unicode>Siehe Drechsler. Die Statik des Landbaus. Göttingen 1869.</Unicode></TextEquiv>
</TextLine>

<TextLine id="line_33">
<Coords points="272,2082 301,2082 326,2073 390,2073 390,2102 326,2102 301,2109 272,2109 272,2082"/>
<Baseline points="272,2109 301,2109 326,2102 390,2102"/>
<TextEquiv><Unicode>p. 148.</Unicode></TextEquiv>
</TextLine>

<TextLine id="line_34">
<Coords points="397,2120 429,2120 452,2120 569,2120 612,2119 758,2119 779,2120 977,2120 1020,2119 1215,2119 1215,2157 1020,2157 977,2157 779,2157 758,2158 612,2158 569,2158 452,2158 429,2150 397,2150 397,2120"/>
<Baseline points="397,2150 429,2150 452,2158 569,2158 612,2158 758,2158 779,2157 977,2157 1020,2157 1215,2157"/>
<TextEquiv><Unicode>E. Wolff. Praktiſche Düngerlehre. Aſchentabelle.</Unicode></TextEquiv>
</TextLine>

</TextRegion>
</Page>
</PcGts>