1600 2470
201 234 1440 277 einweisung habe. Sie hat diese Wirkung aber auch ohne solche
201 283 1439 322 ausdrückliche Erklärung. Das Gesetz kann einen besonderen be-
201 331 1437 377 hördlichen Ausspruch der Besitzeinweisung verlangen;
202 380 1435 423 dann ist die Wirkung bedingt durch die Erfüllung dieser Form.
200 428 1436 474 Umgekehrt kann diese Wirkung der Enteignung auch vorweg ge-
200 477 1438 522 nommen werden durch eine vorläufige Besitzeinweisung
201 524 1437 563 (unten n. 2); dann ist dieses Selbsthülferecht für sich allein be-
200 572 1386 616 gründet, vor vollendeter Enteignung und ohne Eigentumsübergang.
284 618 1436 663 Die Selbsthülfe geschieht durch thatsächliche Besitzergreifung von
201 666 1435 711 dem Gegenstand der Enteignung. Eine Besitzstörungsklage steht dem
199 715 1437 760 Enteigneten dagegen nicht zu und ebensowenig einem Dritten, der
200 764 1435 811 nichtberücksichtigte Rechte an der Sache behauptet: die Enteignung,
200 813 1436 859 wie die selbständige Besitzeinweisung wirken allgemein, ursprünglich,
200 862 496 900 gegen jedermann.
285 910 1435 957 Gewaltsame Verhinderung der Besitzergreifung ist rechtswidrig;
204 958 1436 1004 Angriffe auf den Besitzergreifenden werden mit rechtmäßiger Selbst-
198 1008 1437 1054 verteidigung abgewiesen. Etwa notwendige Gewaltmaßregeln gegen
200 1057 1436 1102 Personen und Sachen zur Erlangung und Verteidigung des Besitzes
197 1106 1437 1151 geschehen in den Formen des Polizeizwangs: die Vorenthaltung
199 1155 1435 1198 des für das Unternehmen erforderlichen und rechtmäßig ihm zu-
197 1204 1437 1250 kommenden Grundstückes ist eine Störung der eignen Thätigkeit der
198 1251 1435 1297 öffentlichen Verwaltung (Bd. I § 24, I n. 1); die ordentliche Polizei-
198 1300 744 1341 behörde leiht die Zwangsmittel.
200 152 242 183 42
610 153 1028 181 Das öffentliche Sachenrecht.
323 1413 1433 1455 Preuß. Enteignungsges. § 32 Abs. 2: „Die Enteignungserklärung schließt,
198 1454 1432 1492 sofern nichts anders dabei vorbehalten wird, die Einweisung in den Besitz in sich.“
198 1496 1434 1534 Das Bayr. Ausf.Ges. zur C.Pr.O. Art. 51 bezeichnet umgekehrt mit dem Ausdruck
200 1538 1434 1580 „Einweisung in den Besitz“ zugleich die Enteignungserklärung, aus der sie folgt;
195 1580 1433 1617 Hartmann, Ges. über die Zwangsabtretung S. 80 Anm. 4. Das Franz. Ges. v.
196 1621 1432 1662 1841 Art. 41 läßt den Richterkommissär, der das Entschädigungsverfahren leitet,
194 1662 1433 1699 am Schlusse den envoi en possession aussprechen und damit wird die Besitz-
193 1703 1432 1743 ergreifung zulässig (de Lalleau, traité de l’expropr. I n. 628). — G. Meyer,
193 1742 1432 1784 R. der Expropr. S. 240, erklärt sich gegen solche „analoge Anwendung der missio
196 1785 1433 1823 in possessionem“, da selbst, wo der Staat als Unternehmer auftritt, der Grundsatz
195 1825 1432 1868 maßgebend sei, „daß derselbe in vermögensrechtlicher Beziehung als Privatperson
193 1869 1432 1901 betrachtet wird“. Das öffentliche Unternehmen ist aber eben nicht so schlechthin
193 1907 1431 1948 bloß eine vermögensrechtliche Beziehung. Es handelt sich bei jenen Bestim-
191 1951 1166 1988 mungen über Besitzeinweisung durchaus nicht um privilegia fisci.
319 1990 1430 2032 O.Tr. 20. Jan. 1865 (Str. 58 S. 102) läßt eine Besitzstörungsklage gegen
174 2031 1431 2072 den Unternehmer deshalb zu, weil bei seiner Besitzergreifung die Bedingungen der
191 2068 1432 2108 Wirksamkeit der Enteignung noch nicht erfüllt waren. Andernfalls wäre also die
194 2110 1359 2152 Selbsthülfe zulässig gewesen. Vgl. auch O.Tr. 23. Mai 1873 (Str. 90 S. 197).
316 2154 1432 2195 F. Seydel, Preuß. Enteignungsges. S. 107. Die zur Anwendung der
192 2192 1432 2236 polizeilichen Zwangsmittel berufene allgemeine Polizeibehörde ist hier zugleich die
