1600 2470
163 253 1401 306 dafür fehlt, an der juristischen Person des öffentlichen Rechts, welcher
163 302 644 347 dieses Eigentum zustünde.
243 355 1398 401 Eine feste Rechtsgestalt mußten ja die öffentlichen Sachen natur-
166 403 1399 451 gemäß zuerst erhalten in der ursprünglichsten gesellschaftlichen
165 445 1398 497 Form der Verwirklichung öffentlicher Interessen, in den ländlichen
164 494 1398 549 Ortsgemeinschaften. Diese sind nicht Gemeinden im heutigen
163 541 1398 590 Sinn, sondern Genossenschaften, in welchen Einzelrecht und Gesamt-
162 593 1398 641 recht sich verflechten, je nach den Gegenständen bald dieses bald
159 637 1396 693 jenes stärker hervortretend. Sie besitzen selbstverständlich Wege,
163 684 1396 737 Straßen, Plätze. Der Boden, der dazu benutzt wird, ist Allmend,
162 733 1396 785 keinem Einzelnen für sich gehörig, sondern der Gesamtheit und
163 783 1395 837 damit jedem Einzelnen dienend zum Verkehr. Über die Instandhaltung
161 835 1395 887 und über die Ordnung der Benutzung wacht die Vorstandschaft, sagen
161 881 1395 935 wir die Gemeindeobrigkeit. Alles Recht am Wege, so lange er be-
161 930 1394 976 steht, erscheint deshalb nur in zweierlei Gestalt: in der Bestim-
162 985 1394 1025 mung für den Nutzen der Gesamtheit und als Aufsichts-
163 1031 635 1076 recht der Obrigkeit.
241 1081 1394 1129 In größerer Mannigfaltigkeit entwickeln sich derartige gemeinsame
160 1122 1394 1174 Einrichtungen in den Städten. Brunnen, Märkte, Waschhäuser werden
160 1172 1394 1224 dem Gemeingebrauche gestellt; aber der Gesamtheit kann die Sache
160 1225 1393 1277 auch ohne Gemeingebrauch dienen: Thore und Mauern sind ursprüng-
160 1268 825 1316 lich gleichfalls als Allmend betrachtet.
373 179 1173 217 § 35. Begriff und Umfang des öffentlichen Eigentums.
1358 188 1393 217 61
271 1383 1393 1426 Daß der Gedanke der juristischen Persönlichkeit erst einer späteren Ent-
158 1419 1393 1467 wicklungsstufe unserer Gemeinwesen angehört, ist unzweifelhaft (vgl. auch unten
190 1458 1392 1509 § 55). Die Art, wie die geschichtliche Entwicklung vor sich ging, ist in Gierkes
157 1501 1392 1545 großartigem Werke: Das deutsche Genossenschaftsrecht, mit voller Deutlichkeit
156 1544 1392 1589 zur Anschauung gebracht worden. Für die damit zusammenhängende Gestaltung
157 1578 1391 1627 des Sachenrechts giebt uns namentlich der zweite Band des Werkes die maß-
157 1623 519 1668 gebenden Anknüpfungen.
266 1678 1390 1718 Gierke II S. 229, 234 (Gemeingebrauch an den Wegen, Plätzen, Brücken
156 1712 1390 1759 und Keime der Polizeigewalt der Gesamtheit); S. 235 Note 169 (Wege, Stege,
155 1747 1390 1793 Plätze, Triften u. s. w. erscheinen schon in den alten Pertinenzformeln als Be-
156 1793 1389 1841 standteile der Allmende). Man hat behauptet, daß der gleiche Gedanke ursprüng-
154 1829 1390 1882 lich auch im römischen Rechte zu Grunde liege; Hesse im Jahrb. f. Dogm. VII
155 1868 1390 1923 S. 183 N. 8: „Was zur allgemeinen Benutzung bestimmt war, gehört nach ihrer
155 1911 1388 1964 (der Römer) Auffassung Allen (universitatis esse creditur), ohne daß sie die Ge-
156 1958 1389 2006 samtheit als bestimmte ideale oder juristische Person auffaßten.“ Darüber Ubbe-
154 1990 1388 2067 lohde, Forts. v. Glücks Pand., Buch 43 u. 44 T. IV, 1 S. 36. Vgl. auch unten
183 2043 265 2067 Note 8.
265 2092 1389 2137 Gierke II S. 667 („Das Recht der Gesamtheit fand seinen Kern und
154 2125 1389 2174 stärksten Ausdruck in dem Recht am unverteilten Lande, und zwar in der Stadt
153 2164 1387 2220 selbst an Straßen, Plätzen, Befestigungen und allen dem gemeinen Gebrauch ge-
230 2215 1383 2260 widmeten Gebietsstücken, im Stadtfeld an Wegen und an Gewässern“); S. 670, 677,
