1600 2470
178 275 1414 321 Thatsächlich verfahren denn auch die Enteignungsgesetze nicht so,
180 323 1417 373 sondern überlassen es in größerem oder geringerem Maße dem freien
180 372 1417 422 Ermessen dieses Aktes, wann er dem Unternehmen eine genügende
181 428 1076 467 öffentliche Nützlichkeit beimessen will, wann nicht.
264 470 1418 516 Das wird am deutlichsten da, wo das Gesetz über die besondere
182 520 1420 563 Art des zuzulassenden Unternehmens überhaupt nichts bestimmt,
184 566 1423 615 sondern nur ganz allgemein aufstellt: Enteignung findet statt „für
186 616 1424 662 gemeinnützige Zwecke“, „aus Gründen des öffentlichen Wohles“, oder
188 666 1424 707 „für öffentlichen Nutzen“. Das ist die Form, in welcher unsere
185 715 1247 757 meisten allgemeinen Enteignungsordnungen sich ausdrücken.
269 760 1425 803 Das Gesetz kann aber auch die enteignungsfähigen Unter-
186 810 1424 853 nehmungen ihrem Gegenstande nach bezeichnen, durch Aufzählung
186 859 1428 901 in allgemeinen Enteignungsordnungen oder Einzelhervorhebung eines
188 908 1427 949 Zulässigkeitsfalles gelegentlich der Ordnung eines besonderen Ver-
190 957 1430 996 waltungszweiges. Dann hat das nicht die Bedeutung, daß nun
189 1004 1427 1040 überall ohne weiteres Enteignung statthaft sein soll, wo ein diesen
189 1051 1429 1090 Merkmalen entsprechendes Unternehmen vorliegt; vielmehr ist behufs
190 1098 1431 1136 Feststellung des Enteignungsfalls immer erst noch zu prüfen, ob unter
192 1146 1430 1185 den gegebenen Umständen die Inanspruchnahme des Privateigentums
192 1195 1429 1232 dafür auch wirklich „vom gemeinen Nutzen erfordert“ ist. Die ge-
193 1243 1429 1282 setzliche Gegenstandsbezeichnung hat also nur die Bedeutung einer
194 1292 1432 1331 weiteren Schranke: für andere Gegenstände als diese darf auch bei
196 1341 1271 1380 gegebener öffentlicher Nützlichkeit nicht enteignet werden.
1376 190 1411 219 11
586 198 1011 237 § 33. Enteignungsverfahren.
321 1455 1431 1487 So erläutert sich unseres Erachtens Reichsverf. art. 41. Die Enteignung
196 1494 1433 1528 stünde dem Reich auch so offen; aber vermöge ihres freien Ermessens würde die
197 1533 1434 1573 Enteignungsbehörde des widerspenstigen Gliedstaates diesen Weg allzu leicht ver-
197 1573 1434 1611 sperren können; deshalb macht das Reich selbst die Feststellung des Enteignungs-
197 1611 1433 1650 falls durch Verwaltungsakt in Gesetzesform. Die Gliedstaatsbehörden sind zum
198 1650 1433 1694 Vollzug dieses Aktes gebunden, als wäre er im ordentlichen landesrechtlichen Ver-
198 1690 1435 1734 fahren ergangen. Auf Grund desselben würde die Enteignung durchgeführt werden
198 1730 1436 1774 können, auch wenn etwa landesgesetzlich ein Enteignungsverfahren überhaupt nicht
199 1769 1435 1815 vorgesehen wäre. Reichsgesetzliche Enteignungsnormen, über deren Zulässigkeit
200 1809 1434 1854 man streitet, wären nicht notwendig: mit gesetzlicher Grundlage und Verwaltungs-
201 1847 1436 1891 akt läßt sich alles machen. Seydel, Komm. z. Reichsverf. S. 189; Laband,
201 1899 681 1931 St.R. II S. 114 (2. Aufl. S. 105).
324 1905 1437 1971 Preuß. Ges. v. 11. Juni 1874 § 1; Bad. Ges. v. 28. Aug. 1835 § 1; Hess.
204 1981 619 2011 Ges. v. 27. Mai 1821 art. 1.
326 2008 1438 2058 Wichtigstes Beispiel: Bayr. Ges. v. 17. Nov. 1837 art. I A mit seiner Auf-
202 2047 1437 2098 zählung der Fälle, in welchen Enteignung zulässig ist. Es muß gleichwohl außer-
204 2088 1439 2139 dem „in jedem einzelnen Fall noch eine besondere Untersuchung der Notwendig-
203 2129 1441 2178 keit oder Gemeinnützigkeit der Unternehmung eintreten“; Seydel, Bayr. St.R. III
205 2170 1441 2213 S. 630. Deutlicher kann man einen Fall des freien Ermessens nicht bezeichnen.
208 2210 1440 2260 Nach Seydel a. a. O. S. 646 müßte hier alles zu richterlichem Ermessen werden,
