1600 2483
71 206 1318 251 lebendig geblieben. Die germanischen Völker vermochten dieses Erb-
72 259 1317 297 stück der alten Kultur nicht zu bewahren. Das fränkische Königtum
72 305 1317 347 hatte noch im Zusammenhange damit eine bedeutende Machtfülle ge-
74 357 1318 397 wonnen, die es über die Stellung des alten Stammeshauptes weit
72 403 1316 445 hinaus hob. Unter den Karolingern beginnt schon die Zersetzung.
74 452 1318 493 Das deutsche Kaisertum, obwohl es ausdrücklich die Nachfolge bean-
75 505 1319 541 sprucht und hier und da Anläufe nimmt, aus seinem Vorbild neue
70 549 1320 591 Kraft zu ziehen, wird ihm fremd und fremder, zugleich auch immer
70 599 1320 640 schwächer. Mit Ausgang des Mittelalters ist entschieden, daſs der
76 646 1320 691 Schwerpunkt der staatlichen Entwicklung des deutschen Volkes in
75 697 1320 739 die Einzelländer verlegt ist. In diesen aber baut sich die Staats-
75 747 1321 789 gewalt auf ohne alle Anknüpfung an das Altertum, ohne Tradition.
77 795 1322 838 Mühsam und langsam sammelt sie sich aus allerlei Stücken und in
77 844 1324 887 der deutlich ausgeprägten Gestalt eines solchen Sammelwerkes stellt
78 893 1322 929 sie sich uns zuerst dar. Aus dieser ihrer Natur bestimmt sich aber
78 946 757 979 auch ihr Verhältnis zum Unterthanen.
159 991 1321 1032 Es ist nicht der Staat, der den Unterthanen da gegenüber steht;
79 1040 1323 1082 dieses Abstraktum hält erst später seinen Einzug und äuſsert dann
77 1088 1323 1133 alsbald auch gewaltige Wirkung. Der Landesherr persönlich
77 1138 1325 1183 ist allein in Frage. Der Landesherr hat seine Rechte wie ein anderer
79 1185 1322 1224 Mensch. Er hat aber auch eine besondere Art von Rechten, die ihm
77 1235 1324 1277 eigentümlich sind. Das sind solche, die Angelegenheiten des Gemein-
79 1285 1324 1327 wesens betreffen und seine Stellung über dem Lande und den Unter-
79 1333 1325 1385 thanen zum Ausdruck bringen. Sie heiſsen Hoheitsrechte und
80 1380 875 1421 ihre Gesamtheit bildet die Landeshoheit.
160 1435 1327 1476 Diese Rechte sind nicht etwa, so wie wir jetzt von Rechten der
81 1477 1327 1530 Staatsgewalt sprechen, Entfaltungen einer groſsen allgemeinen Macht-
81 1530 1331 1578 stellung, sondern sie sind jedes besonders erworben, nach und nach auf
82 1582 1328 1625 verschiedene Titel, erworben einerseits dem Reiche gegenüber durch
85 1621 1328 1677 Abzweigung von der ursprünglich umfassenden Kaiserlichen Gewalt,
83 1675 1328 1723 andererseits den Unterthanen gegenüber, welche gedacht sind als frei
82 1727 1330 1769 und unbelastet von Haus aus und zu Gunsten des Landesherrn nur
80 1772 1330 1829 beschränkt, soweit ein Rechtstitel für ihn vorliegt. Eben deshalb,
83 1823 1330 1868 weil sie in solcher Weise Stück für Stück zusammen erworben ist,
82 1866 1330 1924 hat auch die Landeshoheit thatsächlich hier und dort einen sehr ver-
81 1917 419 1973 schiedenen Umfang.
1276 128 1316 159 25
380 126 995 161 § 3. Die landesherrlichen Hoheitsrechte.
167 2009 1330 2055 Mommsen, Abriſs des Röm. St.R. S. 81; derselbe, Röm. St.R. II
81 2050 218 2080 S. 726 ff.
194 2097 662 2135 Brunner, D.R.Gesch. II S. 8.
196 2139 1330 2182 Pütter, Beitr. I n. 6; Seckendorff, Teutsch. Fürsten-R. addit. § 19
80 2175 279 2208 Ziff. 4 und 5.
