1600 2470
190 249 1420 300 den natürlichen selbstverständlichen Eigentümer der öffentlichen Sachen.
189 296 1419 355 Sie gehören ihm als gemeines Eigentum des Staates, domaine public,
188 345 1420 402 öffentliches Gut, eigentliches Staatseigentum. Es ist ein Eigentum
188 393 1419 445 besonderer Art, ausgezeichnet namentlich durch Unveräußerlichkeit und
187 441 1420 493 Unersitzbarkeit. Andere juristische Personen des öffentlichen Rechtes
185 490 1418 542 können in dieser Rolle den Staat vertreten. Andere Formen des
185 538 1418 595 Rechtes an der Sache können die Form des Eigentums möglicher
186 585 1417 638 Weise ersetzen, um die Sache zur öffentlichen Sache zu machen. Den
186 633 1417 689 Kern der Erscheinung bildet aber nicht mehr der usus publicus, sondern
185 682 1417 736 diese dingliche Herrschaft des bestimmten Rechtssubjektes. Der usus
185 733 1416 782 publicus ist nur eine Form der Ausübung dieser Herrschaft oder eine
183 777 1415 835 Last und Beschränkung derselben, zugleich ein Merkmal, daß das
183 826 1413 887 Eigentum des Staates hier von der besonderen rechtlichen Natur ist,
183 876 1207 930 die es vor einfachem gewöhnlichem Eigentum auszeichnet.
263 931 1414 979 Die Art nun, wie dieses Eigentum des Staates an öffentlichen
183 972 1414 1030 Sachen zur Anschauung gebracht wird, trägt von Anfang an die Zeichen
180 1022 1412 1076 des Gedankenkreises des Polizeistaates unverkennbar an sich.
178 1069 1412 1124 Jene Halbierung des Staates, welche sich dort durch alle Rechts-
178 1119 1412 1173 institute des öffentlichen Rechtes hindurchzieht, wo immer von Sach-
179 1175 1412 1227 werten und Vermögensbeziehungen die Rede ist, giebt die maßgebende
178 1216 1412 1275 Grundlinie auch für dieses Rechtsinstitut: es wird zerlegt in eine
178 1266 1411 1325 civilrechtliche und eine öffentlichrechtliche Seite und jede einer ent-
177 1322 1137 1371 sprechenden Erscheinungsform des Staates zugewiesen.
402 173 1212 215 § 35. Begriff und Umfang des öffentlichen Eigentums.
221 2226 1253 2271 Binding Handbuch. VI. 2: Otto Mayer, Verwaltungsr. II. 5
1383 189 1422 218 65
263 1442 1411 1490 A.L.R. II, 14 § 21: „Die Land- und Heerstraßen, die von Natur schiff-
176 1475 1409 1534 baren Ströme, die Ufer des Meeres und die Häfen sind ein gemeines Eigentum
179 1517 1407 1573 des Staates“; Bayr.L.R. II, 1, 5 und Gem. Ed. v. 1808 §§ 15—17; code civil
176 1563 1406 1614 art. 538; Österreich. Ges.Buch § 287; Haubold, Sächs. Priv.R. § 229 Anm. 2:
175 1599 1405 1654 „Durch Befehl vom 7. Okt. 1800 wurden vier genannte Flüsse für öffentlich, d. h.
174 1639 686 1681 für Eigentum des Staates erklärt“.
296 1698 1406 1739 Die verschiedenen Arten von öffentlichen Sachen sind bei dieser Ent-
172 1731 1405 1780 wicklung nicht gleichen Schritt gegangen. Den mittleren und Durchschnittsfall
171 1767 1405 1824 bieten die öffentlichen Wege. An den Festungswerken, gerade weil ein usus
171 1813 1403 1868 publicus an ihnen nicht stattfindet, wird, allen voran, ein Stadt- und Staatseigentum
172 1853 1403 1907 erkannt, so daß die Gesetzgebung zuletzt gar nicht für nötig findet, es auszu-
171 1898 1404 1943 sprechen (vgl. vor. Note). Umgekehrt die öffentlichen Flüsse: sie bilden die Nach-
171 1936 1403 1992 zügler; soweit die Landesgesetzgebung nicht ausdrücklich den Staat für den Eigen-
170 1975 1403 2029 tümer erklärt hat, versucht die Theorie auch jetzt noch vielfach bei ihnen, aus-
170 2016 1402 2070 nahmsweise und im Gegensatz zu Wegen, Festungswerken u. s. w., mit dem bloßen
170 2060 1402 2110 usus publicus als „spiritus ac vita“ der Sache auszukommen, ohne ein öffentliches
193 2104 1401 2152 Eigentum des Staates anzunehmen. So namentlich Wappäus, Dem Rechts-
169 2140 1400 2194 verkehr entzogene Sache § 21; Gerber, D. Pr.R. § 62 u. 63; Stobbe, D. Pr.R.
169 2174 360 2217 § 64, I u. II.
