1600 2470
237 283 1477 327 die untere Behörde die Feststellung des Enteignungsgegen-
236 333 1474 373 standes, in welcher sie die Folgerungen für die einzelnen Grund-
236 381 1475 423 stücke zieht, und verfügt die Enteignung. Auch wo die äußere Ein-
234 428 1474 474 heitlichkeit des Aktes beibehalten wird, kann die besondere Wichtig-
235 477 1474 521 keit jenes ersten Punktes durch Vorbehalt höherer Genehmigung für
235 525 1126 566 diesen Teil des Ausspruches zur Geltung kommen.
318 573 1474 616 Die Entschädigung des Enteigneten ist nur eine Folge der Ent-
235 621 1472 665 eignung, kein Stück des Rechtsinstituts selbst. Insofern die Wirkungen
235 668 1472 713 der Enteignung dadurch bedingt sind, ragt sie allerdings sehr be-
233 717 1472 759 deutsam in das Verfahren herein; davon unten § 34, II n. 2. Außer-
234 766 1472 806 dem verumstandet sich der Gang desselben noch durch mancherlei
232 815 1472 857 Formvorschriften, welche bestimmt sind, alle einschlagenden Interessen
232 864 1472 906 zu Worte kommen zu lassen, technische Erhebungen mit öffentlich-
234 912 1469 955 rechtlichen Eigentumsbeschränkungen, wonach die nötigen Vorarbeiten
232 962 1469 1006 zu dulden sind, civilrechtlich wirkende Verfügungsbeschränkungen
231 1009 991 1050 für die betroffenen Eigentümer u. s. w..
314 1060 1468 1104 Wesentlich sind jene zwei verwaltungsaktmäßigen Feststellungen,
230 1099 1193 1148 die wir nunmehr noch genauer zu untersuchen haben.
313 1166 1470 1208 II. Das erste Stück des Enteignungsverfahrens, die Fest-
231 1215 1470 1259 stellung des Enteignungsfalles, besteht in der Anerkennung
231 1263 1468 1304 des geplanten Unternehmens als eines solchen, für welches die Ent-
230 1311 1468 1353 eignung stattfinden soll. Es muß ein dazu geeignetes Unternehmen
230 1360 1467 1400 sein, sowohl nach seinem Gegenstande als auch nach seinem
230 1408 1469 1448 Träger, dem Unternehmer. Beides stellt der Akt fest und be-
229 1458 1467 1503 zeichnet dadurch einerseits den Zweck der Enteignung, andererseits
232 1508 1063 1548 das Rechtssubjekt, für welches sie wirken soll.
314 1559 1466 1597 1. Es muß sich um ein Unternehmen von öffentlicher Nützlich-
228 1608 1466 1652 keit handeln, das zu seiner Durchführung des Privateigentums
228 1656 345 1690 bedarf.
310 1706 1465 1748 Denkbar wäre es, im Enteignungsgesetz die berufenen Unter-
226 1754 1465 1801 nehmungen nach festen äußerlichen Merkmalen rechtssatzmäßig so
225 1806 1464 1847 genau zu bezeichnen, daß es sich im Einzelfalle lediglich um An-
226 1854 1461 1898 wendung dieser Regel handelte, um eine bloße Erklärung dessen,
223 1903 1463 1947 was Rechtens ist. Jedes Unternehmen, bei welchem jene Merkmale
225 1951 1463 1998 zutreffen, gäbe dann ein Recht auf die Zulassung zur Enteignung.
225 2001 1462 2046 Gültig wäre das, aber der Natur der Enteignung entspricht es nicht.
239 200 278 232 10
648 202 1064 231 Das öffentliche Sachenrecht.
349 2124 1112 2160 Beispiel: Preuß. Ges. v. 11. Juni 1874 §§ 2 u. 32.
350 2164 1069 2203 Beispiel: Bayr. Ges. v. 17. Nov. 1837 art. XIV.
350 2199 1463 2243 Übersicht bei Neubauer, Zusammenstellung d. in Deutschl. geltenden R.
224 2242 794 2273 betr. versch. Rechtsmaterien S. 1—47.
