<?xml version="1.0" encoding="UTF-8"?>
<PcGts xmlns="http://schema.primaresearch.org/PAGE/gts/pagecontent/2019-07-15" xmlns:xsi="http://www.w3.org/2001/XMLSchema-instance" xsi:schemaLocation="http://schema.primaresearch.org/PAGE/gts/pagecontent/2019-07-15 http://schema.primaresearch.org/PAGE/gts/pagecontent/2019-07-15/pagecontent.xsd">
<Metadata>
<Creator>regJS2PAGE.py</Creator>
<Created>2021-02-16T11:01:12.916191</Created>
<LastChange>2021-02-16T11:01:12.916191</LastChange>
</Metadata>
<Page imageFilename="tmp/mayer_verwaltungsrecht01_1895_0066.png" imageWidth="1600" imageHeight="2483">
<TextRegion id="block_0" custom="structure {type:body;}">
<Coords points="274,215 274,260 274,263 188,263 188,310 188,313 188,359 187,360 187,413 186,409 186,455 186,458 186,511 186,506 186,560 185,555 185,601 185,603 185,651 185,650 185,698 184,698 184,745 184,746 184,794 185,795 185,850 184,845 184,895 185,893 185,942 186,943 186,994 185,990 185,1046 184,1040 184,1097 182,1090 182,1139 184,1140 184,1191 184,1187 184,1237 182,1238 182,1291 182,1286 182,1335 182,1335 182,1389 182,1383 182,1433 182,1433 182,1485 181,1482 181,1534 181,1532 181,1588 181,1583 181,1638 180,1631 180,1690 180,1683 180,1738 179,1732 179,1786 179,1780 179,1832 179,1832 179,1880 1427,1880 1427,1832 1427,1832 1427,1780 1426,1786 1426,1732 1427,1738 1427,1683 1427,1690 1427,1631 1427,1638 1427,1583 1428,1588 1428,1532 1426,1534 1426,1482 1428,1485 1428,1433 1380,1433 1380,1433 1380,1383 1429,1383 1429,1389 1429,1335 1428,1335 1428,1286 1429,1291 1429,1238 1431,1237 1431,1187 1430,1191 1430,1140 1431,1139 1431,1090 1430,1097 1430,1040 1431,1046 1431,990 1431,994 1431,943 1433,942 1433,893 1431,895 1431,845 1430,850 1430,795 1432,794 1432,746 1431,745 1431,698 1431,698 1431,650 1430,651 1430,603 1431,601 1431,555 1430,560 1430,506 1433,511 1433,458 1432,455 1432,409 1434,413 1434,360 1434,359 1434,313 1434,310 1434,263 1435,260 1435,215 274,215"/>
<TextLine id="line_0">
<Coords points="274,215 301,215 345,216 495,216 517,218 585,218 607,219 889,219 911,230 1035,230 1058,224 1131,224 1153,225 1435,225 1435,260 1153,260 1131,255 1058,255 1035,260 911,260 889,250 607,250 585,248 517,248 495,254 345,254 301,246 274,246 274,215"/>
<Baseline points="274,246 301,246 345,254 495,254 517,248 585,248 607,250 889,250 911,260 1035,260 1058,255 1131,255 1153,260 1435,260"/>
<TextEquiv><Unicode>1. Klagen der Unterthanen gegen den Landesherrn</Unicode></TextEquiv>
</TextLine>

<TextLine id="line_1">
<Coords points="188,263 285,263 313,264 355,264 385,265 468,265 490,266 605,266 634,277 673,277 702,269 752,269 774,269 924,269 953,273 1015,273 1037,283 1096,283 1119,275 1158,275 1180,284 1219,284 1241,276 1290,276 1312,277 1434,277 1434,310 1312,310 1290,307 1241,307 1219,305 1180,305 1158,305 1119,305 1096,305 1037,305 1015,303 953,303 924,308 774,308 752,299 702,299 673,299 634,299 605,299 490,299 468,296 385,296 355,295 313,295 285,295 188,295 188,263"/>
<Baseline points="188,295 285,295 313,295 355,295 385,296 468,296 490,299 605,299 634,299 673,299 702,299 752,299 774,308 924,308 953,303 1015,303 1037,305 1096,305 1119,305 1158,305 1180,305 1219,305 1241,307 1290,307 1312,310 1434,310"/>
<TextEquiv><Unicode>sollen im alten Rechte an die Austräge und von da an die Reichs-</Unicode></TextEquiv>
</TextLine>

<TextLine id="line_2">
<Coords points="188,313 322,313 351,313 460,313 503,316 545,316 576,326 638,326 661,317 773,317 795,317 916,317 943,323 1123,323 1152,324 1217,324 1246,334 1316,334 1345,327 1434,327 1434,358 1345,358 1316,355 1246,355 1217,354 1152,354 1123,359 943,359 916,349 795,349 773,355 661,355 638,347 576,347 545,346 503,346 460,351 351,351 322,350 188,350 188,313"/>
<Baseline points="188,350 322,350 351,351 460,351 503,346 545,346 576,347 638,347 661,355 773,355 795,349 916,349 943,359 1123,359 1152,354 1217,354 1246,355 1316,355 1345,358 1434,358"/>
<TextEquiv><Unicode>gerichte gehen. Es war jedoch Brauch geworden, daſs man einen</Unicode></TextEquiv>
</TextLine>

<TextLine id="line_3">
<Coords points="187,360 390,360 413,364 551,364 578,366 616,366 639,365 694,365 716,366 907,366 928,369 973,369 995,372 1113,372 1135,373 1210,373 1231,374 1276,374 1298,376 1434,376 1434,413 1298,413 1276,404 1231,404 1210,403 1135,403 1113,402 995,402 973,399 928,399 907,397 716,397 694,395 639,395 616,396 578,396 551,401 413,401 390,393 187,393 187,360"/>
<Baseline points="187,393 390,393 413,401 551,401 578,396 616,396 639,395 694,395 716,397 907,397 928,399 973,399 995,402 1113,402 1135,403 1210,403 1231,404 1276,404 1298,413 1434,413"/>
<TextEquiv><Unicode>Unterschied machte, ob der Landesherr als solcher oder als privatus</Unicode></TextEquiv>
</TextLine>

<TextLine id="line_4">
<Coords points="186,409 312,409 334,411 446,411 487,413 628,413 650,414 740,414 762,415 817,415 838,414 905,414 927,418 1001,418 1025,429 1112,429 1135,431 1167,431 1190,423 1253,423 1276,432 1326,432 1349,425 1432,425 1432,455 1349,455 1326,453 1276,453 1253,453 1190,453 1167,453 1135,453 1112,451 1025,451 1001,454 927,454 905,446 838,446 817,444 762,444 740,444 650,444 628,443 487,443 446,441 334,441 312,448 186,448 186,409"/>
<Baseline points="186,448 312,448 334,441 446,441 487,443 628,443 650,444 740,444 762,444 817,444 838,446 905,446 927,454 1001,454 1025,451 1112,451 1135,453 1167,453 1190,453 1253,453 1276,453 1326,453 1349,455 1432,455"/>
<TextEquiv><Unicode>belangt wurde. Ersteres sollte der Fall sein, wenn es sich um seine</Unicode></TextEquiv>
</TextLine>

<TextLine id="line_5">
<Coords points="186,458 419,458 447,460 607,460 641,462 784,462 812,472 899,472 928,466 977,466 1006,468 1180,468 1210,473 1263,473 1292,474 1433,474 1433,511 1292,511 1263,503 1210,503 1180,501 1006,501 977,509 928,509 899,494 812,494 784,493 641,493 607,498 447,498 419,490 186,490 186,458"/>
<Baseline points="186,490 419,490 447,498 607,498 641,493 784,493 812,494 899,494 928,509 977,509 1006,501 1180,501 1210,503 1263,503 1292,511 1433,511"/>
<TextEquiv><Unicode>Hoheitsrechte handelte, letzteres wenn ein Verhältnis des gewöhn-</Unicode></TextEquiv>
</TextLine>

<TextLine id="line_6">
<Coords points="186,506 286,506 307,508 642,508 664,511 695,511 709,510 806,510 827,513 931,513 955,523 987,523 1001,516 1041,516 1055,518 1109,518 1128,520 1212,520 1232,522 1286,522 1303,522 1430,522 1430,560 1303,560 1286,552 1232,552 1212,551 1128,551 1109,549 1055,549 1041,546 1001,546 987,545 955,545 931,551 827,551 806,548 709,548 695,540 664,540 642,545 307,545 286,537 186,537 186,506"/>
<Baseline points="186,537 286,537 307,545 642,545 664,540 695,540 709,548 806,548 827,551 931,551 955,545 987,545 1001,546 1041,546 1055,549 1109,549 1128,551 1212,551 1232,552 1286,552 1303,560 1430,560"/>
<TextEquiv><Unicode>lichen Vermögensverkehrs in Frage stand; es ist das einer der Punkte,</Unicode></TextEquiv>
</TextLine>

<TextLine id="line_7">
<Coords points="185,555 217,555 247,556 380,556 409,560 511,560 537,558 586,558 616,558 788,558 816,569 875,569 905,561 1107,561 1130,568 1226,568 1252,572 1315,572 1339,571 1431,571 1431,601 1339,601 1315,600 1252,600 1226,599 1130,599 1107,595 905,595 875,590 816,590 788,596 616,596 586,587 537,587 511,587 409,587 380,585 247,585 217,585 185,585 185,555"/>
<Baseline points="185,585 217,585 247,585 380,585 409,587 511,587 537,587 586,587 616,596 788,596 816,590 875,590 905,595 1107,595 1130,599 1226,599 1252,600 1315,600 1339,601 1431,601"/>
<TextEquiv><Unicode>in welchen zuerst die Scheidung von öffentlichem Recht und Civil-</Unicode></TextEquiv>
</TextLine>

<TextLine id="line_8">
<Coords points="185,603 271,603 299,611 369,611 396,604 593,604 623,606 749,606 802,607 864,607 893,609 941,609 968,611 1064,611 1091,623 1187,623 1216,618 1275,618 1299,619 1430,619 1430,650 1299,650 1275,648 1216,648 1187,651 1091,651 1064,647 968,647 941,639 893,639 864,638 802,638 749,637 623,637 593,635 396,635 369,633 299,633 271,632 185,632 185,603"/>
<Baseline points="185,632 271,632 299,633 369,633 396,635 593,635 623,637 749,637 802,638 864,638 893,639 941,639 968,647 1064,647 1091,651 1187,651 1216,648 1275,648 1299,650 1430,650"/>
<TextEquiv><Unicode>recht zum Durchbruch kommt. Für die Klage gegen den Landes-</Unicode></TextEquiv>
</TextLine>

<TextLine id="line_9">
<Coords points="185,650 277,650 299,651 345,651 373,652 528,652 555,662 652,662 681,655 729,655 762,655 917,655 947,658 1092,658 1121,663 1196,663 1224,665 1284,665 1312,667 1431,667 1431,698 1312,698 1284,694 1224,694 1196,692 1121,692 1092,689 947,689 917,687 762,687 729,684 681,684 652,690 555,690 528,691 373,691 345,680 299,680 277,680 185,680 185,650"/>
<Baseline points="185,680 277,680 299,680 345,680 373,691 528,691 555,690 652,690 681,684 729,684 762,687 917,687 947,689 1092,689 1121,692 1196,692 1224,694 1284,694 1312,698 1431,698"/>
<TextEquiv><Unicode>herrn als privatus, gegen die fürstliche Kammer oder den landes-</Unicode></TextEquiv>
</TextLine>

<TextLine id="line_10">
<Coords points="184,698 356,698 384,699 489,699 519,702 622,702 649,703 699,703 722,703 954,703 982,707 1037,707 1066,709 1274,709 1297,713 1431,713 1431,745 1297,745 1274,741 1066,741 1037,736 982,736 954,742 722,742 699,732 649,732 622,732 519,732 489,730 384,730 356,728 184,728 184,698"/>
<Baseline points="184,728 356,728 384,730 489,730 519,732 622,732 649,732 699,732 722,742 954,742 982,736 1037,736 1066,741 1274,741 1297,745 1431,745"/>
<TextEquiv><Unicode>herrlichen Fiscus wurde die Zuständigkeit der ordentlichen Landes-</Unicode></TextEquiv>
</TextLine>

<TextLine id="line_11">
<Coords points="184,746 319,746 341,748 521,748 567,750 625,750 647,750 927,750 950,754 1040,754 1060,755 1131,755 1155,767 1226,767 1248,760 1279,760 1302,762 1357,762 1370,763 1432,763 1432,794 1370,794 1357,792 1302,792 1279,790 1248,790 1226,790 1155,790 1131,787 1060,787 1040,785 950,785 927,790 647,790 625,780 567,780 521,778 341,778 319,784 184,784 184,746"/>
<Baseline points="184,784 319,784 341,778 521,778 567,780 625,780 647,790 927,790 950,785 1040,785 1060,787 1131,787 1155,790 1226,790 1248,790 1279,790 1302,792 1357,792 1370,794 1432,794"/>
<TextEquiv><Unicode>gerichte anerkannt. Die Rechtsgrundlage dafür fand man in der An-</Unicode></TextEquiv>
</TextLine>

<TextLine id="line_12">
<Coords points="185,795 313,795 342,796 407,796 436,797 591,797 620,800 874,800 904,803 949,803 970,803 1269,803 1297,814 1430,814 1430,850 1297,850 1269,845 970,845 949,833 904,833 874,839 620,839 591,829 436,829 407,827 342,827 313,831 185,831 185,795"/>
<Baseline points="185,831 313,831 342,827 407,827 436,829 591,829 620,839 874,839 904,833 949,833 970,845 1269,845 1297,850 1430,850"/>
<TextEquiv><Unicode>nahme, daſs dieselben stillschweigend als Austrägalgerichte gewählt</Unicode></TextEquiv>
</TextLine>

<TextLine id="line_13">
<Coords points="184,845 307,845 337,846 430,846 472,847 582,847 603,847 709,847 740,850 824,850 853,852 929,852 959,852 1008,852 1034,854 1082,854 1105,856 1223,856 1244,860 1277,860 1297,862 1431,862 1431,894 1297,894 1277,890 1244,890 1223,895 1105,895 1082,885 1034,885 1008,883 959,883 929,882 853,882 824,881 740,881 709,879 603,879 582,878 472,878 430,876 337,876 307,875 184,875 184,845"/>
<Baseline points="184,875 307,875 337,876 430,876 472,878 582,878 603,879 709,879 740,881 824,881 853,882 929,882 959,883 1008,883 1034,885 1082,885 1105,895 1223,895 1244,890 1277,890 1297,894 1431,894"/>
<TextEquiv><Unicode>worden seien. Dieser Grund hätte auch für die Klagen in hoheits-</Unicode></TextEquiv>
</TextLine>

<TextLine id="line_14">
<Coords points="185,893 371,893 394,894 511,894 541,898 737,898 782,899 864,899 890,911 960,911 982,903 1116,903 1139,906 1221,906 1244,908 1361,908 1383,911 1433,911 1433,942 1383,942 1361,940 1244,940 1221,937 1139,937 1116,935 982,935 960,932 890,932 864,931 782,931 737,936 541,936 511,926 394,926 371,924 185,924 185,893"/>
<Baseline points="185,924 371,924 394,926 511,926 541,936 737,936 782,931 864,931 890,932 960,932 982,935 1116,935 1139,937 1221,937 1244,940 1361,940 1383,942 1433,942"/>
<TextEquiv><Unicode>rechtlichen Sachen ausgereicht. Aber man schätzte diese Sachen für</Unicode></TextEquiv>
</TextLine>

<TextLine id="line_15">
<Coords points="186,950 220,950 252,943 572,943 604,948 775,948 814,950 878,950 911,952 979,952 1013,954 1285,954 1318,958 1431,958 1431,990 1318,990 1285,994 1013,994 979,982 911,982 878,981 814,981 775,987 604,987 572,984 252,984 220,972 186,972 186,950"/>
<Baseline points="186,972 220,972 252,984 572,984 604,987 775,987 814,981 878,981 911,982 979,982 1013,994 1285,994 1318,990 1431,990"/>
<TextEquiv><Unicode>so unverhältnismäſsig wichtiger, daſs eine stillschweigende Unter-</Unicode></TextEquiv>
</TextLine>

<TextLine id="line_16">
<Coords points="185,990 322,990 350,993 405,993 433,994 646,994 676,1001 765,1001 794,1000 843,1000 873,1001 982,1001 1012,1002 1154,1002 1184,1005 1264,1005 1294,1007 1431,1007 1431,1046 1294,1046 1264,1037 1184,1037 1154,1035 1012,1035 982,1039 873,1039 843,1031 794,1031 765,1029 676,1029 646,1028 433,1028 405,1024 350,1024 322,1030 185,1030 185,990"/>
<Baseline points="185,1030 322,1030 350,1024 405,1024 433,1028 646,1028 676,1029 765,1029 794,1031 843,1031 873,1039 982,1039 1012,1035 1154,1035 1184,1037 1264,1037 1294,1046 1431,1046"/>
<TextEquiv><Unicode>werfung der Unterthanen unter die eignen Gerichte ihres Gegners</Unicode></TextEquiv>
</TextLine>

<TextLine id="line_17">
<Coords points="184,1040 274,1040 295,1042 379,1042 399,1053 620,1053 643,1049 764,1049 792,1050 925,1050 972,1052 1084,1052 1105,1055 1154,1055 1176,1056 1430,1056 1430,1097 1176,1097 1154,1086 1105,1086 1084,1085 972,1085 925,1083 792,1083 764,1081 643,1081 620,1082 399,1082 379,1074 295,1074 274,1071 184,1071 184,1040"/>
<Baseline points="184,1071 274,1071 295,1074 379,1074 399,1082 620,1082 643,1081 764,1081 792,1083 925,1083 972,1085 1084,1085 1105,1086 1154,1086 1176,1097 1430,1097"/>
<TextEquiv><Unicode>dafür nicht angenommen werden dürfe. Waren die Landesgerichte</Unicode></TextEquiv>
</TextLine>

<TextLine id="line_18">
<Coords points="182,1090 215,1090 235,1092 341,1092 357,1093 572,1093 587,1097 895,1097 918,1112 952,1112 974,1104 1084,1104 1107,1115 1139,1115 1162,1116 1220,1116 1242,1107 1333,1107 1355,1111 1431,1111 1431,1138 1355,1138 1333,1138 1242,1138 1220,1138 1162,1138 1139,1136 1107,1136 1084,1136 974,1136 952,1134 918,1134 895,1139 587,1139 572,1128 357,1128 341,1123 235,1123 215,1121 182,1121 182,1090"/>
<Baseline points="182,1121 215,1121 235,1123 341,1123 357,1128 572,1128 587,1139 895,1139 918,1134 952,1134 974,1136 1084,1136 1107,1136 1139,1136 1162,1138 1220,1138 1242,1138 1333,1138 1355,1138 1431,1138"/>
<TextEquiv><Unicode>in diesen Privatsachen Austrägalgerichte, so muſste es von ihnen stets</Unicode></TextEquiv>
</TextLine>

<TextLine id="line_19">
<Coords points="184,1140 252,1140 273,1141 430,1141 452,1154 491,1154 514,1147 563,1147 585,1147 831,1147 852,1152 966,1152 998,1154 1093,1154 1114,1155 1155,1155 1178,1155 1242,1155 1268,1157 1352,1157 1374,1157 1430,1157 1430,1188 1374,1188 1352,1187 1268,1187 1242,1187 1178,1187 1155,1185 1114,1185 1093,1185 998,1185 966,1191 852,1191 831,1186 585,1186 563,1176 514,1176 491,1175 452,1175 430,1182 273,1182 252,1171 184,1171 184,1140"/>
<Baseline points="184,1171 252,1171 273,1182 430,1182 452,1175 491,1175 514,1176 563,1176 585,1186 831,1186 852,1191 966,1191 998,1185 1093,1185 1114,1185 1155,1185 1178,1187 1242,1187 1268,1187 1352,1187 1374,1188 1430,1188"/>
<TextEquiv><Unicode>eine Berufung an die Reichsgerichte geben, selbst im Fall eines all-</Unicode></TextEquiv>
</TextLine>

<TextLine id="line_20">
<Coords points="184,1187 343,1187 371,1193 563,1193 593,1196 631,1196 659,1206 720,1206 750,1200 950,1200 980,1203 1047,1203 1074,1204 1192,1204 1210,1206 1325,1206 1347,1207 1431,1207 1431,1237 1347,1237 1325,1236 1210,1236 1192,1235 1074,1235 1047,1232 980,1232 950,1237 750,1237 720,1227 659,1227 631,1226 593,1226 563,1232 371,1232 343,1227 184,1227 184,1187"/>
<Baseline points="184,1227 343,1227 371,1232 563,1232 593,1226 631,1226 659,1227 720,1227 750,1237 950,1237 980,1232 1047,1232 1074,1235 1192,1235 1210,1236 1325,1236 1347,1237 1431,1237"/>
<TextEquiv><Unicode>gemeinen privilegium de non appellando, weil solches hierfür nicht</Unicode></TextEquiv>
</TextLine>

<TextLine id="line_21">
<Coords points="182,1238 255,1238 287,1239 364,1239 388,1241 618,1241 640,1245 714,1245 727,1246 784,1246 806,1246 1046,1246 1069,1252 1131,1252 1154,1252 1203,1252 1219,1252 1429,1252 1429,1291 1219,1291 1203,1281 1154,1281 1131,1280 1069,1280 1046,1285 806,1285 784,1275 727,1275 714,1275 640,1275 618,1273 388,1273 364,1270 287,1270 255,1275 182,1275 182,1238"/>
<Baseline points="182,1275 255,1275 287,1270 364,1270 388,1273 618,1273 640,1275 714,1275 727,1275 784,1275 806,1285 1046,1285 1069,1280 1131,1280 1154,1281 1203,1281 1219,1291 1429,1291"/>
<TextEquiv><Unicode>galt. Dem widerstrebten aber die Landesherren, und die Wahlkapitu-</Unicode></TextEquiv>
</TextLine>

<TextLine id="line_22">
<Coords points="182,1286 318,1286 347,1289 542,1289 570,1292 684,1292 713,1293 821,1293 853,1294 918,1294 948,1296 997,1296 1019,1297 1263,1297 1284,1301 1339,1301 1362,1303 1428,1303 1428,1334 1362,1334 1339,1331 1284,1331 1263,1335 1019,1335 997,1326 948,1326 918,1325 853,1325 821,1332 713,1332 684,1322 570,1322 542,1322 347,1322 318,1318 182,1318 182,1286"/>
<Baseline points="182,1318 318,1318 347,1322 542,1322 570,1322 684,1322 713,1332 821,1332 853,1325 918,1325 948,1326 997,1326 1019,1335 1263,1335 1284,1331 1339,1331 1362,1334 1428,1334"/>
<TextEquiv><Unicode>lationen entscheiden zuletzt dahin, daſs die Reichsgerichte mit der-</Unicode></TextEquiv>
</TextLine>

<TextLine id="line_23">
<Coords points="182,1335 301,1335 322,1336 439,1336 461,1340 563,1340 588,1341 787,1341 808,1343 884,1343 907,1343 947,1343 970,1344 1067,1344 1089,1346 1144,1346 1165,1346 1321,1346 1343,1353 1429,1353 1429,1384 1343,1384 1321,1389 1165,1389 1144,1375 1089,1375 1067,1382 970,1382 947,1372 907,1372 884,1372 808,1372 787,1371 588,1371 563,1370 461,1370 439,1367 322,1367 301,1373 182,1373 182,1335"/>
<Baseline points="182,1373 301,1373 322,1367 439,1367 461,1370 563,1370 588,1371 787,1371 808,1372 884,1372 907,1372 947,1372 970,1382 1067,1382 1089,1375 1144,1375 1165,1389 1321,1389 1343,1384 1429,1384"/>
<TextEquiv><Unicode>artigen Sachen weder unmittelbar noch im Wege der Berufung mehr</Unicode></TextEquiv>
</TextLine>

<TextLine id="line_24">
<Coords points="182,1383 293,1383 307,1386 428,1386 443,1387 549,1387 578,1389 636,1389 648,1390 989,1390 1008,1394 1075,1394 1096,1395 1159,1395 1169,1396 1380,1396 1380,1433 1169,1433 1159,1426 1096,1426 1075,1424 1008,1424 989,1427 648,1427 636,1420 578,1420 549,1419 443,1419 428,1416 307,1416 293,1415 182,1415 182,1383"/>
<Baseline points="182,1415 293,1415 307,1416 428,1416 443,1419 549,1419 578,1420 636,1420 648,1427 989,1427 1008,1424 1075,1424 1096,1426 1159,1426 1169,1433 1380,1433"/>
<TextEquiv><Unicode>befaſst werden sollen. Die „Landesdikasterien“ sind also Alleinherren.</Unicode></TextEquiv>
</TextLine>

<TextLine id="line_25">
<Coords points="182,1433 224,1433 256,1434 297,1434 328,1435 550,1435 584,1439 641,1439 670,1439 748,1439 778,1439 947,1439 981,1452 1049,1452 1083,1445 1210,1445 1238,1459 1276,1459 1305,1457 1428,1457 1428,1485 1305,1485 1276,1480 1238,1480 1210,1477 1083,1477 1049,1473 981,1473 947,1472 778,1472 748,1470 670,1470 641,1469 584,1469 550,1475 328,1475 297,1464 256,1464 224,1464 182,1464 182,1433"/>
<Baseline points="182,1464 224,1464 256,1464 297,1464 328,1475 550,1475 584,1469 641,1469 670,1470 748,1470 778,1472 947,1472 981,1473 1049,1473 1083,1477 1210,1477 1238,1480 1276,1480 1305,1485 1428,1485"/>
<TextEquiv><Unicode>Es ist bezeichnend, wie viele Umstände man machen zu müssen</Unicode></TextEquiv>
</TextLine>

<TextLine id="line_26">
<Coords points="181,1482 322,1482 356,1493 408,1493 443,1485 475,1485 504,1487 608,1487 639,1488 756,1488 786,1490 845,1490 878,1491 1040,1491 1071,1494 1120,1494 1146,1495 1180,1495 1208,1498 1285,1498 1315,1502 1426,1502 1426,1534 1315,1534 1285,1529 1208,1529 1180,1534 1146,1534 1120,1525 1071,1525 1040,1531 878,1531 845,1521 786,1521 756,1520 639,1520 608,1519 504,1519 475,1517 443,1517 408,1516 356,1516 322,1523 181,1523 181,1482"/>
<Baseline points="181,1523 322,1523 356,1516 408,1516 443,1517 475,1517 504,1519 608,1519 639,1520 756,1520 786,1521 845,1521 878,1531 1040,1531 1071,1525 1120,1525 1146,1534 1180,1534 1208,1529 1285,1529 1315,1534 1426,1534"/>
<TextEquiv><Unicode>glaubte, um in diesen Sachen den Richtern, die ja doch einmal</Unicode></TextEquiv>
</TextLine>

<TextLine id="line_27">
<Coords points="181,1532 310,1532 339,1534 394,1534 421,1535 523,1535 553,1538 636,1538 666,1538 943,1538 973,1544 1035,1544 1058,1545 1428,1545 1428,1588 1058,1588 1035,1575 973,1575 943,1578 666,1578 636,1576 553,1576 523,1567 421,1567 394,1565 339,1565 310,1564 181,1564 181,1532"/>
<Baseline points="181,1564 310,1564 339,1565 394,1565 421,1567 523,1567 553,1576 636,1576 666,1578 943,1578 973,1575 1035,1575 1058,1588 1428,1588"/>
<TextEquiv><Unicode>Beamte der Partei sind, Unparteilichkeit und Vertrauenswürdigkeit</Unicode></TextEquiv>
</TextLine>

<TextLine id="line_28">
<Coords points="181,1591 220,1591 242,1583 369,1583 414,1585 458,1585 481,1587 550,1587 572,1589 800,1589 820,1592 962,1592 983,1595 1038,1595 1056,1597 1288,1597 1310,1600 1427,1600 1427,1633 1310,1633 1288,1638 1056,1638 1038,1627 983,1627 962,1625 820,1625 800,1626 572,1626 550,1618 481,1618 458,1617 414,1617 369,1616 242,1616 220,1613 181,1613 181,1591"/>
<Baseline points="181,1613 220,1613 242,1616 369,1616 414,1617 458,1617 481,1618 550,1618 572,1626 800,1626 820,1625 962,1625 983,1627 1038,1627 1056,1638 1288,1638 1310,1633 1427,1633"/>
<TextEquiv><Unicode>zu sichern. Zu dem gewöhnlichen Verzicht auf Machtsprüche kommt</Unicode></TextEquiv>
</TextLine>

<TextLine id="line_29">
<Coords points="180,1631 248,1631 275,1643 330,1643 357,1635 535,1635 563,1639 616,1639 646,1640 831,1640 860,1644 937,1644 966,1646 1015,1646 1044,1647 1201,1647 1228,1651 1427,1651 1427,1690 1228,1690 1201,1680 1044,1680 1015,1677 966,1677 937,1675 860,1675 831,1673 646,1673 616,1670 563,1670 535,1676 357,1676 330,1665 275,1665 248,1663 180,1663 180,1631"/>
<Baseline points="180,1663 248,1663 275,1665 330,1665 357,1676 535,1676 563,1670 616,1670 646,1673 831,1673 860,1675 937,1675 966,1677 1015,1677 1044,1680 1201,1680 1228,1690 1427,1690"/>
<TextEquiv><Unicode>hier vor Einleitung des Verfahrens noch die förmliche Entbindung</Unicode></TextEquiv>
</TextLine>

<TextLine id="line_30">
<Coords points="180,1689 241,1689 270,1683 325,1683 352,1684 476,1684 510,1697 620,1697 641,1690 793,1690 822,1703 860,1703 891,1695 1049,1695 1080,1699 1141,1699 1169,1699 1275,1699 1296,1700 1427,1700 1427,1732 1296,1732 1275,1738 1169,1738 1141,1729 1080,1729 1049,1734 891,1734 860,1724 822,1724 793,1723 641,1723 620,1727 510,1727 476,1724 352,1724 325,1715 270,1715 241,1712 180,1712 180,1689"/>
<Baseline points="180,1712 241,1712 270,1715 325,1715 352,1724 476,1724 510,1727 620,1727 641,1723 793,1723 822,1724 860,1724 891,1734 1049,1734 1080,1729 1141,1729 1169,1738 1275,1738 1296,1732 1427,1732"/>
<TextEquiv><Unicode>von der Pflicht, „unser Interesse zu wahren“, und eifrige Fürsten</Unicode></TextEquiv>
</TextLine>

<TextLine id="line_31">
<Coords points="179,1732 307,1732 337,1734 387,1734 413,1736 581,1736 604,1740 931,1740 963,1754 1050,1754 1076,1747 1119,1747 1143,1747 1296,1747 1317,1750 1426,1750 1426,1786 1317,1786 1296,1778 1143,1778 1119,1776 1076,1776 1050,1775 963,1775 931,1778 604,1778 581,1769 413,1769 387,1766 337,1766 307,1763 179,1763 179,1732"/>
<Baseline points="179,1763 307,1763 337,1766 387,1766 413,1769 581,1769 604,1778 931,1778 963,1775 1050,1775 1076,1776 1119,1776 1143,1778 1296,1778 1317,1786 1426,1786"/>
<TextEquiv><Unicode>machen die schärfsten Gewissensvorhalte, wenn sie Verdacht haben,</Unicode></TextEquiv>
</TextLine>

<TextLine id="line_32">
<Coords points="179,1780 245,1780 277,1782 321,1782 353,1784 528,1784 560,1790 732,1790 786,1792 879,1792 909,1793 1177,1793 1207,1796 1262,1796 1293,1797 1427,1797 1427,1829 1293,1829 1262,1826 1207,1826 1177,1832 909,1832 879,1823 786,1823 732,1822 560,1822 528,1826 353,1826 321,1814 277,1814 245,1812 179,1812 179,1780"/>
<Baseline points="179,1812 245,1812 277,1814 321,1814 353,1826 528,1826 560,1822 732,1822 786,1823 879,1823 909,1832 1177,1832 1207,1826 1262,1826 1293,1829 1427,1829"/>
<TextEquiv><Unicode>daſs sie begünstigt würden. Diese Rechtsprechung der Landes-</Unicode></TextEquiv>
</TextLine>

<TextLine id="line_33">
<Coords points="179,1832 314,1832 350,1835 427,1835 461,1837 522,1837 554,1838 768,1838 806,1842 880,1842 915,1842 1011,1842 1044,1843 1094,1843 1130,1845 1322,1845 1353,1849 1427,1849 1427,1880 1353,1880 1322,1878 1130,1878 1094,1874 1044,1874 1011,1872 915,1872 880,1871 806,1871 768,1870 554,1870 522,1867 461,1867 427,1866 350,1866 314,1870 179,1870 179,1832"/>
<Baseline points="179,1870 314,1870 350,1866 427,1866 461,1867 522,1867 554,1870 768,1870 806,1871 880,1871 915,1872 1011,1872 1044,1874 1094,1874 1130,1878 1322,1878 1353,1880 1427,1880"/>
<TextEquiv><Unicode>gerichte über den Landesherrn wird durch die allmähliche Ein-</Unicode></TextEquiv>
</TextLine>

</TextRegion>
<TextRegion id="block_1" custom="structure {type:pageNum;}">
<Coords points="191,131 191,161 232,161 232,131 191,131"/>
<TextLine id="line_34">
<Coords points="191,131 232,131 232,161 191,161 191,131"/>
<Baseline points="191,161 232,161"/>
<TextEquiv><Unicode>46</Unicode></TextEquiv>
</TextLine>

</TextRegion>
<TextRegion id="block_2" custom="structure {type:header;}">
<Coords points="553,135 553,171 1063,171 1063,135 553,135"/>
<TextLine id="line_35">
<Coords points="553,135 759,135 777,137 1063,137 1063,171 777,171 759,162 553,162 553,135"/>
<Baseline points="553,162 759,162 777,171 1063,171"/>
<TextEquiv><Unicode>Geschichtliche Entwicklungsstufen.</Unicode></TextEquiv>
</TextLine>

</TextRegion>
<TextRegion id="block_3" custom="structure {type:note;}">
<Coords points="303,1938 303,1989 301,1981 301,2029 301,2019 178,2019 178,2057 178,2063 304,2063 304,2114 304,2097 179,2097 179,2152 180,2147 180,2190 178,2182 178,2211 336,2211 336,2182 1425,2182 1425,2190 1425,2147 1426,2152 1426,2097 1425,2114 1425,2063 767,2063 767,2057 767,2019 1425,2019 1425,2029 1425,1981 1386,1981 1386,1989 1386,1938 303,1938"/>
<TextLine id="line_36">
<Coords points="303,1938 462,1938 479,1941 580,1941 598,1943 661,1943 679,1943 703,1943 719,1943 790,1943 809,1945 834,1945 852,1945 885,1945 902,1945 970,1945 988,1947 1011,1947 1030,1949 1100,1949 1117,1951 1187,1951 1205,1954 1386,1954 1386,1989 1205,1989 1187,1979 1117,1979 1100,1981 1030,1981 1011,1978 988,1978 970,1972 902,1972 885,1970 852,1970 834,1969 809,1969 790,1974 719,1974 703,1968 679,1968 661,1968 598,1968 580,1967 479,1967 462,1970 303,1970 303,1938"/>
<Baseline points="303,1970 462,1970 479,1967 580,1967 598,1968 661,1968 679,1968 703,1968 719,1974 790,1974 809,1969 834,1969 852,1970 885,1970 902,1972 970,1972 988,1978 1011,1978 1030,1981 1100,1981 1117,1979 1187,1979 1205,1989 1386,1989"/>
<TextEquiv><Unicode>Struben, Rechtl. Bed. V (J.S.) S. 40 Note 3, giebt diese Begründung.</Unicode></TextEquiv>
</TextLine>

<TextLine id="line_37">
<Coords points="301,1981 429,1981 448,1981 593,1981 611,1984 666,1984 684,1985 710,1985 727,1985 757,1985 779,1985 794,1985 814,1984 841,1984 859,1986 921,1986 941,1987 1135,1987 1155,1994 1292,1994 1305,1997 1389,1997 1400,1998 1425,1998 1425,2024 1400,2024 1389,2023 1305,2023 1292,2029 1155,2029 1135,2025 941,2025 921,2019 859,2019 841,2011 814,2011 794,2010 779,2010 757,2010 727,2010 710,2010 684,2010 666,2011 611,2011 593,2017 448,2017 429,2014 301,2014 301,1981"/>
<Baseline points="301,2014 429,2014 448,2017 593,2017 611,2011 666,2011 684,2010 710,2010 727,2010 757,2010 779,2010 794,2010 814,2011 841,2011 859,2019 921,2019 941,2025 1135,2025 1155,2029 1292,2029 1305,2023 1389,2023 1400,2024 1425,2024"/>
<TextEquiv><Unicode>Moser, Wahlkap. Jos. II T. 2 S. 253; Schmelzer, Wahlkap. Franz II</Unicode></TextEquiv>
</TextLine>

<TextLine id="line_38">
<Coords points="178,2019 205,2019 226,2021 286,2021 305,2023 481,2023 501,2025 570,2025 588,2027 614,2027 632,2026 657,2026 674,2026 725,2026 742,2026 767,2026 767,2052 742,2052 725,2052 674,2052 657,2052 632,2052 614,2052 588,2052 570,2052 501,2052 481,2057 305,2057 286,2055 226,2055 205,2045 178,2045 178,2019"/>
<Baseline points="178,2045 205,2045 226,2055 286,2055 305,2057 481,2057 501,2052 570,2052 588,2052 614,2052 632,2052 657,2052 674,2052 725,2052 742,2052 767,2052"/>
<TextEquiv><Unicode>S. 153; Häberlin, St.R. II S. 460 ff.</Unicode></TextEquiv>
</TextLine>

<TextLine id="line_39">
<Coords points="304,2063 461,2063 480,2067 581,2067 599,2067 663,2067 676,2068 699,2068 711,2066 783,2066 802,2068 828,2068 840,2069 871,2069 882,2069 913,2069 932,2073 1052,2073 1069,2077 1225,2077 1243,2076 1285,2076 1297,2078 1425,2078 1425,2114 1297,2114 1285,2103 1243,2103 1225,2103 1069,2103 1052,2101 932,2101 913,2101 882,2101 871,2094 840,2094 828,2094 802,2094 783,2099 711,2099 699,2093 676,2093 663,2093 599,2093 581,2093 480,2093 461,2099 304,2099 304,2063"/>
<Baseline points="304,2099 461,2099 480,2093 581,2093 599,2093 663,2093 676,2093 699,2093 711,2099 783,2099 802,2094 828,2094 840,2094 871,2094 882,2101 913,2101 932,2101 1052,2101 1069,2103 1225,2103 1243,2103 1285,2103 1297,2114 1425,2114"/>
<TextEquiv><Unicode>Struben, Rechtl. Bed. V (J.S.) S. 41 ff., woselbst namentlich die kräftigen</Unicode></TextEquiv>
</TextLine>

<TextLine id="line_40">
<Coords points="179,2097 360,2097 378,2106 512,2106 533,2109 669,2109 687,2109 706,2109 724,2117 806,2117 824,2109 944,2109 971,2114 1013,2114 1039,2119 1085,2119 1102,2118 1128,2118 1159,2121 1252,2121 1270,2119 1426,2119 1426,2152 1270,2152 1252,2150 1159,2150 1128,2143 1102,2143 1085,2144 1039,2144 1013,2142 971,2142 944,2145 824,2145 806,2143 724,2143 706,2135 687,2135 669,2135 533,2135 512,2135 378,2135 360,2138 179,2138 179,2097"/>
<Baseline points="179,2138 360,2138 378,2135 512,2135 533,2135 669,2135 687,2135 706,2135 724,2143 806,2143 824,2145 944,2145 971,2142 1013,2142 1039,2144 1085,2144 1102,2143 1128,2143 1159,2150 1252,2150 1270,2152 1426,2152"/>
<TextEquiv><Unicode>Äuſserungen Friedrich Wilhelms I. gegen Richter, die das in „gott-, pflicht-ver-</Unicode></TextEquiv>
</TextLine>

<TextLine id="line_41">
<Coords points="180,2149 302,2149 328,2147 381,2147 410,2150 605,2150 633,2150 738,2150 771,2150 835,2150 863,2154 990,2154 1044,2158 1206,2158 1235,2160 1323,2160 1352,2164 1425,2164 1425,2190 1352,2190 1323,2187 1235,2187 1206,2189 1044,2189 990,2182 863,2182 835,2177 771,2177 738,2177 633,2177 605,2181 410,2181 381,2173 328,2173 302,2174 180,2174 180,2149"/>
<Baseline points="180,2174 302,2174 328,2173 381,2173 410,2181 605,2181 633,2177 738,2177 771,2177 835,2177 863,2182 990,2182 1044,2189 1206,2189 1235,2187 1323,2187 1352,2190 1425,2190"/>
<TextEquiv><Unicode>gessener und gewissenloser Weise“ thun möchten. Pfeiffer, Prakt. Ausf.</Unicode></TextEquiv>
</TextLine>

<TextLine id="line_42">
<Coords points="178,2182 261,2182 279,2184 336,2184 336,2211 279,2211 261,2209 178,2209 178,2182"/>
<Baseline points="178,2209 261,2209 279,2211 336,2211"/>
<TextEquiv><Unicode>III S. 207.</Unicode></TextEquiv>
</TextLine>

</TextRegion>
</Page>
</PcGts>