1600 2483
209 245 1454 293 Gesetz steht über aller sonstiger Staatsthätigkeit gleichmäſsig. Dem-
207 295 1456 338 gemäſs verschwindet auch sehr bald aus der Rechtslehre der falsche
206 343 1454 387 Schein einer einfachen Dreiteilung der Gewalten. Neben dem Gesetz
206 393 1453 435 erkennt man nur eine wahre Gewalt, die ihrerseits unter dem Ge-
205 442 1453 490 setz steht, die vollziehende Gewalt. Diese spaltet sich ihrer-
206 491 1451 539 seits wieder in zwei Zweige; sie wird thätig einerseits als Justiz,
205 539 1454 588 andererseits als Verwaltung. Nach den Überlieferungen der
204 586 1452 630 Parlamente wäre es gegeben gewesen, daſs man die Justiz ihrer-
205 635 1452 682 seits nunmehr über die Verwaltung stellte, um ihr gegenüber das
205 683 1451 732 Gesetz im Einzelfall durch Urteilsspruch zur Geltung zu bringen, die
204 732 1451 776 Verwaltung also auf die einfache Geschäftsbesorgung, das thatsächliche
203 781 1450 831 Handeln namens des Staates beschränkte. Man hatte gute Gründe,
203 831 1450 880 das nicht zu thun, vielmehr die Unabhängigkeit der beiden Thätig-
203 880 1452 928 keitszweige von einander, namentlich die der Verwaltung gegenüber
202 929 1448 971 der Justiz, mit aller Schärfe durchzuführen. Man drückt das aus
202 978 1451 1026 als eine séparation des pouvoirs, die sich hier wiederhole, genauer
200 1029 1449 1074 gesprochen als eine séparation des autorités. Das Vorbild, das die
201 1076 1448 1127 Justiz gegeben hat für eine gesetzmäſsige Staatsthätigkeit, soll also
201 1127 1378 1172 die Verwaltung auf ihrer Seite selbständig verwirklichen.
285 1185 1447 1228 Das ist die Grundidee, aus der heraus sich nunmehr die neue
203 1233 994 1277 rechtliche Gestalt der Verwaltung bestimmt.
284 1282 1446 1330 Die beiden Zweige der vollziehenden Gewalt laufen parallel.
199 1330 1445 1375 Beide stehen unter dem Gesetz. Die Justiz wendet das Gesetz an
200 1379 1446 1425 durch Urteile, obrigkeitliche Aussprüche im Einzelfall und nach diesen
199 1429 1446 1474 richtet sich alsdann die That der Vollstreckungsbeamten. Die Ver-
207 154 248 185 58
576 157 1087 192 Geschichtliche Entwicklungsstufen.
310 1536 1446 1577 Es hebt jetzt ein Kultus mit dem Wort Gesetz an. Der Polizeibeamte in
197 1573 1447 1617 den Landgemeinden, der garde champêtre, trägt auf seiner Armbinde die Inschrift
198 1620 1446 1662 „la loi“; auf den Ruf „force à la loi“ sollen alle guten Bürger auf die Straſse eilen
196 1662 1444 1707 und den Aufstand unterdrücken; die Aufforderung an die Zusammengerotteten be-
194 1703 1444 1747 ginnt mit den Worten „obéissance à la loi“; das gefürchtete „au nom de la loi“
195 1743 1445 1783 öffnet alle Thüren. Unter den volkstümlichsten Theaterstücken der ersten Revo-
194 1785 1444 1825 lutionszeit ist eins: „l’ami des lois“, in welchem der Held einen wahren Fanatismus
195 1828 1444 1869 im Gehorsam gegen das Gesetz im allgemeinen an den Tag legt und sich zum
193 1868 596 1898 Sklaven desselben bekennt.
305 1920 1444 1958 Serrigny, traité de l’organisation etc. en matière contentieuse administrative
193 1961 304 1989 I n. 15.
307 2012 1441 2050 Sonst wäre hier ein Rechtsstaat im Sinne von Bähr entstanden. Die Par-
192 2051 1442 2091 lamente hatten sich gerade in der letzten Zeit vor der Revolution als Hindernisse
192 2092 1440 2139 für jede Verbesserung bewährt. Der neue Staat übernahm sorgfältig die Mittel,
193 2133 1440 2181 welche sich das ancien régime bereitet hatte, um seine Verwaltung gegen die Über-
193 2174 1440 2224 griffe der Gerichte unabhängig zu stellen; Toqueville, l’ancien régime et la
190 2216 472 2251 révolution cap. IV.
