1600 2483
288 240 1536 290 lassen, noch unnötige Härte zeigen; in solchem Falle gewährt das
288 288 1488 334 Reichsgericht auch gegenüber dem Hoheitsrechte wirksamen Schutz.
371 338 1537 383 2. Die einzelnen Hoheitsrechte des Landesherrn erhalten aber
286 386 1536 438 auch eine Grenze gesteckt durch entgegenstehende subjektive
285 435 782 470 Rechte der Einzelnen.
370 484 1533 534 Die Rechte, die hier in Betracht kommen, sind die sog. wohler-
286 529 1529 583 worbenen Rechte, jura quaesita. Sie bilden den Gegensatz
284 581 1533 625 einerseits zu dem, was schon als Inhalt der allgemeinen Freiheit dem
283 628 1531 680 Einzelnen von selbst zusteht, andererseits zu bloſsen Erwerbsmöglichkeiten,
285 678 1532 722 welche die Rechtsordnung eröffnet; es muſs ein bestimmter thatsäch-
282 726 1530 772 licher Vorgang im Einzelfall zu Gunsten dieses Unterthanen bereits
281 776 1531 821 rechtswirksam geworden sein: jus quaesitum ist das auf besondere
280 825 865 866 Rechtstitel begründete Recht.
363 875 1531 921 Die wohlerworbenen Rechte haben heutzutage ihre Stelle in der
278 923 1529 977 Lehre von den zeitlichen Grenzen des Gesetzes und ihre Bedeutung
279 973 1530 1019 erschöpft sich dort in einer Vermutung, die sie liefern: der Wille
279 1023 1528 1069 des Gesetzes ist im Zweifel dahin auszulegen, daſs wohlerworbene
278 1074 1318 1116 Rechte, die es vorfand, nicht von ihm berührt sein sollen.
285 1122 1528 1167 Für die Stufe der landesherrlichen Hoheitsrechte bedeuten sie
276 1175 1529 1221 etwas ganz anderes, eine wahre Rechtsschranke nämlich, welche der
277 1222 1526 1265 öffentlichen Gewalt in jeglicher Form, in welcher sie auftritt, Gesetz-
276 1272 1527 1314 gebung, Rechtspflege, Verwaltung gleichviel, gegenüber steht: auch
271 1320 1526 1363 in Ausübung seiner Hoheitsrechte darf der Landesherr niemandem
276 1370 1525 1413 sein wohlerworbenes Recht entziehen. Dieser Grundsatz läſst sich
288 157 337 190 30
658 161 1176 199 Geschichtliche Entwicklungsstufen.
404 1476 1527 1521 v. Cramer, Wetzl. Nebenst. I S. 90: auch in Polizeisachen gilt „der
276 1518 1526 1558 modus ist juris“; ein praktisches Beispiel daselbst S. 104. v. Berg, Pol. R. I
276 1560 1525 1602 S. 161: der Bischof von Speier hat ein Ehepaar polizeilich auf den Schub bringen
275 1602 1527 1643 lassen, wobei es schlecht behandelt wurde. Er wird vom R.K.G. wegen höchst
261 1644 1525 1684 „illegaler Transportierung“ zu Schadensersatz und Geldstrafe verurteilt; das Ver-
274 1684 1524 1725 fahren sei ein „unanständiger Miſsbrauch“. Andere Fälle bei Struben, Rechtl.
263 1724 1524 1767 Bed. V (J.S.) S. 56 ff. (unförmlicher Vollzug einer fiskalischen Strafe), Pfeiffer,
274 1768 1525 1808 Prakt. Ausf. III S. 425 (eine Landesverweisung der hannöverischen Regierung wird
273 1809 993 1847 aufgehoben, weil keine Gründe angegeben sind).
400 1852 1525 1888 Pütter, Inst. § 119: „non infringere liceat jus quaesitum i. e. nifallor
273 1892 1524 1934 quod speciali titulo acquiritur, non ex sola libertate naturali obtinet“. Vgl. auch
274 1934 1524 1986 Struben, Rechtl. Bed. V (JS.) S. 93 und 94; Wippermann, Beitr. z.
273 1976 419 2009 St.R. § 8.
400 2017 1014 2051 R.G. 17. Febr. 1883 (Samml. IX S. 235).
399 2059 1523 2099 Pütter, Beitr. I S. 317 handelt zunächst von der Bedingtheit der Landes-
272 2099 1523 2140 hoheit, „daſs sie nur zur gemeinen Wohlfahrt stattfindet“ (vgl. oben Note 11), so-
273 2140 1523 2183 dann S. 351: „von der Bestimmung, daſs einem jeden sein wohlerworbenes eigen-
272 2182 1524 2222 tümliches Recht zu lassen ist“. — Das wohlerworbene Recht ist eine Schranke für
273 2222 1521 2265 die Gesetzgebung des Landesherrn ebensowohl wie für seine Einzelverfügungen;
