1600 2470
220 245 1460 283 der Fall sein, wenn das Unternehmen, wegen dessen die Enteignung
220 293 1459 331 stattfand, nicht durchgeführt wird oder thatsächlich dieses Grundstückes
223 343 1458 380 doch nicht bedarf. Von selbst wird dadurch die Enteignung nicht
221 391 1456 429 rückgängig. Aber es können durch gesetzliche Bestimmung Mittel
220 440 1459 478 geschaffen werden, um ihre Wirkung zu Gunsten des Enteigneten wieder
219 487 1080 525 zu beseitigen. Das geschieht in zwei Formen.
304 536 1456 573 Die eine ist die Gewährung eines einfachen gesetzlichen
221 582 1458 621 Vorkaufsrechtes. Voraussetzung ist, daß der Unternehmer, der
221 630 1457 668 des Grundstückes nicht bedarf, dazu übergeht, es zu veräußern, also
221 679 1458 710 einen civilrechtlichen Verkauf darüber abzuschließen. Da kann dann
221 727 1459 766 der frühere Eigentümer oder, wer an seine Stelle getreten ist als
221 776 1456 815 Erbe oder Einzelrechtsnachfolger in das Eigentum des Restgrundstückes,
220 826 1457 863 von welchem ein Stück wegenteignet worden war, in den Vertrag als
224 874 1457 911 Käufer eintreten. Das richtet sich ganz nach den Regeln sonstiger
224 923 1460 960 civilrechtlicher Vorkaufsrechte. Die stattgehabte Enteignung selbst
224 971 1457 1011 wird nicht mehr davon berührt, sie bildet nur eine thatsächliche Vor-
223 1020 1253 1059 aussetzung für die Anwendbarkeit des Vorkaufsanspruches.
304 1069 1474 1106 Daneben steht das Rückerwerbsrecht i. e. S., die Rück-
220 1118 1459 1157 enteignung. Es bedeutet ein Recht, die Wiederaufhebung der Ent-
221 1168 1460 1206 eignung zu bewirken, gehört also dem Kreise dieses Rechtsinstitutes
222 1216 1274 1254 an und steht mit ihm ganz auf öffentlichrechtlichem Boden.
220 164 260 194 58
626 162 1045 189 Das öffentliche Sachenrecht.
347 1304 1459 1336 G. Meyer, R. der Expropr. S. 264, nimmt unter diesen Voraussetzungen
223 1344 1461 1377 ein selbstverständliches Rückerwerbsrecht an: „Dieses Rückforderungsrecht geht
222 1384 1459 1417 aus dem Expropriationsrecht selbst hervor und braucht daher nicht ausdrücklich
222 1420 1459 1458 durch die Partikulargesetzgebung festgestellt zu werden.“ Ähnlich Grünhut,
222 1466 1460 1498 Ent.R. S. 162 ff. Schelcher, Rechtswirkungen S. 176, giebt ein Rechtsinstitut
224 1507 1459 1543 der „staatlichen Wiederaufhebung der Enteignung“, wonach der Staat dem Unter-
221 1549 1458 1584 nehmer, der das enteignete Grundstück nicht braucht, „kraft seines Hoheitsrechtes“
222 1592 1460 1626 das Eigentum wieder absprechen kann, um es dem Enteigneten, der es wieder zu
219 1632 1460 1667 haben wünscht, zurück zu übertragen. Auch das soll selbstverständlich sein und
220 1674 1460 1708 wird demgemäß für Sachsen ohne weiteres als geltendes Recht beansprucht
220 1715 1458 1747 (a. a. O. S. 180). Das sind aber doch alles höchstens gute Ideen de lege ferenda.
349 1755 1460 1791 Beispiele solcher Vorkaufsrechte im Bad. Enteignungsges. v. 1835 § 80;
222 1796 1458 1831 Sächs. Enteignungsges. v. 1855 § 7; Preuß. Enteignungsges. v. 1874 § 57.
221 1838 1460 1873 G. Meyer, R. der Expropr. S. 269: „Es ist dies kein Recht, was unmittelbar aus
223 1878 1459 1913 den allgemeinen Grundsätzen der Expropriation folgt; dasselbe kann deshalb auch
220 1920 1462 1953 bloß dann als vorhanden angenommen werden, wenn die Partikulargesetzgebung
222 1962 621 1996 es ausdrücklich zugesteht.“
347 2003 1460 2036 Thiel, Das Expropr.R. S. 61 ff., nennt das ein Recht der Reexpropria-
220 2043 1457 2077 tion oder Wiederaneignung, Seydel, Bayr. St.R. III S. 642, ein Wiederenteig-
221 2085 1458 2120 nungsrecht. — Es kommen hier vor allem in Betracht das Bayr. Enteignungsges.
222 2125 1460 2158 Art. XII Abs. 4 und das Franz. Ges v. 1841 Art. 62. Letzteres giebt eine um-
223 2166 1459 2201 fassendere Anwendung des bereits im Enteignungsges. v. 7. Juli 1833 ausgesprochenen
222 2206 1462 2240 Grundsatzes. Grünhut, Ent.R. S. 162 ff., behandelt diese ganze Lehre sehr aus-
