1600 2470
325 227 1478 277 Im Reich und mehr noch in den Territorien wendet sich
242 275 1479 325 die werdende Staatsgewalt allmählich den wirtschaftlichen Interessen
241 323 1478 374 lebhafter zu. Größere Straßenzüge entstehen und andere staatliche
240 371 1477 426 Unternehmungen ähnlicher Art. Die Form des alten Wegerechts wird
240 421 1481 476 darauf übertragen. Sie findet ohne weiteres auch Anwendung auf
239 469 1477 524 die Wasserstraßen, schiffbaren Flüsse, Seen, Kanäle, welche ja teilweise
238 517 1477 568 keine willkürlich geschaffenen Einrichtungen sind, vor allem auch schon
239 565 1476 621 von Natur ein Sondereigentum nicht zulassen. Die Frage des Eigen-
238 613 1477 668 tums ist für jene Auffassungsweise ja überhaupt gleichgültig. Aber
238 660 1475 711 diese Auffassung selbst erhält jetzt mit dem Eintritt in das weitere
238 707 1475 759 Gemeinwesen eine vollständige Umprägung nach ihren beiden
238 756 424 790 Seiten hin.
318 807 1476 863 Das Wesen der öffentlichen Sache besteht in ihrer Zugehörigkeit
236 856 1475 913 an die Gesamtheit, der sie dienen soll. Aber die Gesamtheit ist jetzt
236 903 1474 954 nicht mehr erkennbar als Trägerin von Gemeininteressen. Die Genossen-
235 952 1474 1003 schaftsidee ist zurückgetreten. Die Zugehörigkeit an die Gesamtheit
236 1002 1473 1056 erweist sich ausschließlich in dem unmittelbaren Nutzungsrechte aller
234 1049 1471 1101 Einzelnen, im öffentlichen Gebrauch. Öffentliche Sachen sind
235 1099 1296 1151 diejenigen, an welchen das Recht des usus publicus besteht.
317 1149 1473 1205 Dem steht gegenüber ein landesherrliches Hoheitsrecht, die
234 1196 1471 1253 Wegehoheit, Wasserhoheit, vermöge deren die Obrigkeit be-
235 1246 1471 1297 rechtigt ist, die Aufsichtsgewalt über diese Landes-Allmend zu führen.
233 1293 1471 1348 Diese Hoheit äußert sich in dem Rechte, Straßen anzulegen und auf-
232 1341 1469 1401 zulassen, Flüsse zu regulieren, den öffentlichen Gebrauch zu ordnen,
233 1390 1469 1445 die ganze Polizei der Einrichtung zu handhaben, aber auch Zölle und
231 1438 1471 1494 Abgaben auf die Benutzung zu legen, letzteres dem Geiste der Zeit
231 1490 1060 1539 gemäß oft sehr in den Vordergrund geschoben.
243 144 284 175 62
656 150 1073 182 Das öffentliche Sachenrecht.
230 1604 1470 1652 678 Note 105 (Straßen, Plätze, Brücken u. s. w. werden auch oft ausdrücklich
230 1645 1470 1697 Allmend genannt). Wie dann hier alsbald der Begriff einer Stadtpersönlichkeit
229 1686 1231 1732 als Eigentümerin dieser Sachen sich ausbildete, vgl. unten Note 7.
344 1736 1469 1790 Gegenüber diesem Rechte des Gemeingebrauchs tritt das Recht der Obrig-
229 1776 1469 1826 keit in zweite Linie; jenes ist es, was das Wesen der Rechtsgestalt der öffent-
231 1818 1468 1865 lichen Sache ausmacht. Bei Struve, syntagma cum addit. Müll. exerc. 45
225 1859 1468 1913 thes. 55, wird das sehr entschieden ausgesprochen: „spiritum quasi ac vitam potius
227 1900 1467 1948 ab usu publico quam ab autoritate principis habere videntur (scil. die öffentlichen
228 1940 1467 1989 Wege). Dieselbe Auffassung steht hinter den etwas verschrobenen Ausdrücken
227 1981 1467 2030 des P. Heiz bei Fritsch, jus fluv. I S. 173 ff., welche Schwab in Arch. f. civ.
225 2023 1467 2070 Pr. 30 Beil. S. 37 anführt: der Fürst hat die jurisdictio über den öffentlichen
207 2063 1467 2114 Fluß; deswegen bleibt dieser doch „publicum“ und „res populi“, d. h. dem Ge-
225 2105 1467 2161 meingebrauch gehörig. Anders als im Gemeingebrauch erscheint den damaligen
226 2144 619 2182 Juristen das „Volk“ nicht.
310 2186 1466 2237 Pütter, inst. § 336; Kreittmayr, St.R. § 16; Häberlin, St.R. III S. 5 ff.
