<?xml version="1.0" encoding="UTF-8"?>
<PcGts xmlns="http://schema.primaresearch.org/PAGE/gts/pagecontent/2019-07-15" xmlns:xsi="http://www.w3.org/2001/XMLSchema-instance" xsi:schemaLocation="http://schema.primaresearch.org/PAGE/gts/pagecontent/2019-07-15 http://schema.primaresearch.org/PAGE/gts/pagecontent/2019-07-15/pagecontent.xsd">
<Metadata>
<Creator>regJS2PAGE.py</Creator>
<Created>2021-02-16T10:57:02.666269</Created>
<LastChange>2021-02-16T10:57:02.666269</LastChange>
</Metadata>
<Page imageFilename="tmp/mayer_verwaltungsrecht02_1896_0081.png" imageWidth="1600" imageHeight="2470">
<TextRegion id="block_0" custom="structure {type:header;}">
<Coords points="415,181 415,216 1232,216 1232,181 415,181"/>
<TextLine id="line_0">
<Coords points="415,181 429,181 448,182 487,182 520,182 620,182 634,183 686,183 703,183 814,183 831,183 876,183 894,183 1058,183 1075,183 1232,183 1232,215 1075,215 1058,209 894,209 876,209 831,209 814,216 703,216 686,208 634,208 620,215 520,215 487,208 448,208 429,214 415,214 415,181"/>
<Baseline points="415,214 429,214 448,208 487,208 520,215 620,215 634,208 686,208 703,216 814,216 831,209 876,209 894,209 1058,209 1075,215 1232,215"/>
<TextEquiv><Unicode>§ 35. Begriff und Umfang des öffentlichen Eigentums.</Unicode></TextEquiv>
</TextLine>

</TextRegion>
<TextRegion id="block_1" custom="structure {type:body;}">
<Coords points="208,258 208,304 208,306 208,345 208,360 287,360 287,399 287,403 207,403 207,450 207,455 207,496 206,503 206,546 207,549 207,593 207,597 207,642 208,644 208,689 207,691 207,737 207,744 286,744 286,787 286,789 205,789 205,835 206,838 206,884 205,887 205,934 206,937 206,976 204,987 204,1031 204,1032 204,1079 203,1088 203,1129 203,1131 203,1177 203,1179 203,1228 1441,1228 1441,1179 1441,1177 1441,1131 1441,1129 1441,1088 1440,1079 1440,1032 1439,1031 1439,987 1440,976 1440,937 1441,934 1441,887 1441,884 1441,838 1442,835 1442,789 1441,787 1441,744 840,744 840,737 840,691 1444,691 1444,689 1444,644 1445,642 1445,597 1444,593 1444,549 1443,546 1443,503 1445,496 1445,455 1445,450 1445,403 1444,399 1444,360 479,360 479,345 479,306 1446,306 1446,304 1446,258 208,258"/>
<TextLine id="line_1">
<Coords points="208,258 285,258 319,263 744,263 785,267 835,267 871,265 1188,265 1224,266 1446,266 1446,299 1224,299 1188,297 871,297 835,297 785,297 744,304 319,304 285,292 208,292 208,258"/>
<Baseline points="208,292 285,292 319,304 744,304 785,297 835,297 871,297 1188,297 1224,299 1446,299"/>
<TextEquiv><Unicode>liche Eigentumsbeschränkung, die öffentlichrechtliche Grunddienst-</Unicode></TextEquiv>
</TextLine>

<TextLine id="line_2">
<Coords points="208,306 326,306 346,322 376,322 398,322 421,322 444,323 479,323 479,345 444,345 421,344 398,344 376,343 346,343 326,342 208,342 208,306"/>
<Baseline points="208,342 326,342 346,343 376,343 398,344 421,344 444,345 479,345"/>
<TextEquiv><Unicode>barkeit u. s. w..</Unicode></TextEquiv>
</TextLine>

<TextLine id="line_3">
<Coords points="287,360 350,360 370,362 410,362 431,363 480,363 502,363 608,363 632,364 681,364 701,364 732,364 755,373 884,373 897,363 965,363 988,363 1156,363 1178,372 1216,372 1232,363 1360,363 1381,365 1444,365 1444,395 1381,395 1360,394 1232,394 1216,393 1178,393 1156,393 988,393 965,394 897,394 884,394 755,394 732,393 701,393 681,393 632,393 608,399 502,399 480,393 431,393 410,392 370,392 350,391 287,391 287,360"/>
<Baseline points="287,391 350,391 370,392 410,392 431,393 480,393 502,399 608,399 632,393 681,393 701,393 732,393 755,394 884,394 897,394 965,394 988,393 1156,393 1178,393 1216,393 1232,394 1360,394 1381,395 1444,395"/>
<TextEquiv><Unicode>Das ist die Lehre, die in neuerer Zeit zusehends an Einfluß und</Unicode></TextEquiv>
</TextLine>

<TextLine id="line_4">
<Coords points="207,403 381,403 408,412 549,412 593,412 656,412 685,412 754,412 783,412 1047,412 1074,420 1198,420 1219,411 1445,411 1445,450 1219,450 1198,441 1074,441 1047,448 783,448 754,442 685,442 656,442 593,442 549,448 408,448 381,448 207,448 207,403"/>
<Baseline points="207,448 381,448 408,448 549,448 593,442 656,442 685,442 754,442 783,448 1047,448 1074,441 1198,441 1219,450 1445,450"/>
<TextEquiv><Unicode>Beachtung gewinnt. Aus dem Zusammenhang unseres Verwaltungs-</Unicode></TextEquiv>
</TextLine>

<TextLine id="line_5">
<Coords points="207,455 305,455 323,458 434,458 456,461 610,461 634,461 686,461 706,461 749,461 771,461 847,461 870,461 915,461 935,461 984,461 1007,460 1105,460 1126,459 1261,459 1305,460 1379,460 1400,461 1445,461 1445,491 1400,491 1379,490 1305,490 1261,496 1126,496 1105,496 1007,496 984,490 935,490 915,491 870,491 847,491 771,491 749,490 706,490 686,490 634,490 610,490 456,490 434,490 323,490 305,487 207,487 207,455"/>
<Baseline points="207,487 305,487 323,490 434,490 456,490 610,490 634,490 686,490 706,490 749,490 771,491 847,491 870,491 915,491 935,490 984,490 1007,496 1105,496 1126,496 1261,496 1305,490 1379,490 1400,491 1445,491"/>
<TextEquiv><Unicode>rechts heraus erkennen wir sie auch als die einzig richtige. Daß sie</Unicode></TextEquiv>
</TextLine>

<TextLine id="line_6">
<Coords points="206,503 282,503 318,506 467,506 503,509 587,509 615,509 659,509 689,510 738,510 768,509 969,509 997,508 1173,508 1203,508 1324,508 1351,509 1443,509 1443,546 1351,546 1324,538 1203,538 1173,539 997,539 969,539 768,539 738,539 689,539 659,539 615,539 587,539 503,539 467,539 318,539 282,534 206,534 206,503"/>
<Baseline points="206,534 282,534 318,539 467,539 503,539 587,539 615,539 659,539 689,539 738,539 768,539 969,539 997,539 1173,539 1203,538 1324,538 1351,546 1443,546"/>
<TextEquiv><Unicode>noch durchaus nicht als die herrschende bezeichnet werden kann,</Unicode></TextEquiv>
</TextLine>

<TextLine id="line_7">
<Coords points="207,549 276,549 299,563 356,563 385,557 479,557 506,558 589,558 610,560 721,560 765,557 865,557 893,558 937,558 965,557 1124,557 1154,556 1230,556 1253,555 1365,555 1386,557 1444,557 1444,586 1386,586 1365,586 1253,586 1230,585 1154,585 1124,593 965,593 937,586 893,586 865,587 765,587 721,587 610,587 589,587 506,587 479,586 385,586 356,585 299,585 276,581 207,581 207,549"/>
<Baseline points="207,581 276,581 299,585 356,585 385,586 479,586 506,587 589,587 610,587 721,587 765,587 865,587 893,586 937,586 965,593 1124,593 1154,585 1230,585 1253,586 1365,586 1386,586 1444,586"/>
<TextEquiv><Unicode>darf uns daran nicht stören. Wenn sie allerwege noch halben Zu-</Unicode></TextEquiv>
</TextLine>

<TextLine id="line_8">
<Coords points="207,598 418,598 440,597 813,597 842,604 1022,604 1051,604 1082,604 1104,604 1201,604 1223,603 1445,603 1445,642 1223,642 1201,633 1104,633 1082,633 1051,633 1022,634 842,634 813,642 440,642 418,640 207,640 207,598"/>
<Baseline points="207,640 418,640 440,642 813,642 842,634 1022,634 1051,633 1082,633 1104,633 1201,633 1223,642 1445,642"/>
<TextEquiv><Unicode>stimmungen, Übergangsmeinungen, Rückfällen in ältere Auffassungen</Unicode></TextEquiv>
</TextLine>

<TextLine id="line_9">
<Coords points="208,644 364,644 387,661 420,661 443,653 483,653 505,653 559,653 577,662 635,662 650,653 699,653 715,653 905,653 920,652 1014,652 1030,652 1084,652 1098,651 1304,651 1317,661 1444,661 1444,683 1317,683 1304,689 1098,689 1084,681 1030,681 1014,689 920,689 905,689 715,689 699,682 650,682 635,682 577,682 559,682 505,682 483,682 443,682 420,682 387,682 364,687 208,687 208,644"/>
<Baseline points="208,687 364,687 387,682 420,682 443,682 483,682 505,682 559,682 577,682 635,682 650,682 699,682 715,689 905,689 920,689 1014,689 1030,681 1084,681 1098,689 1304,689 1317,683 1444,683"/>
<TextEquiv><Unicode>begegnet, so ist das nur die notwendige Folge der Unfertigkeit unserer</Unicode></TextEquiv>
</TextLine>

<TextLine id="line_10">
<Coords points="207,691 422,691 441,710 510,710 533,700 840,700 840,737 533,737 510,731 441,731 422,730 207,730 207,691"/>
<Baseline points="207,730 422,730 441,731 510,731 533,737 840,737"/>
<TextEquiv><Unicode>Wissenschaft vom Verwaltungsrecht.</Unicode></TextEquiv>
</TextLine>

<TextLine id="line_11">
<Coords points="286,744 359,744 386,747 455,747 482,757 530,757 565,749 629,749 658,757 767,757 789,749 986,749 1008,757 1118,757 1160,748 1257,748 1278,749 1441,749 1441,787 1278,787 1257,779 1160,779 1118,786 1008,786 986,779 789,779 767,779 658,779 629,779 565,779 530,783 482,783 455,779 386,779 359,778 286,778 286,744"/>
<Baseline points="286,778 359,778 386,779 455,779 482,783 530,783 565,779 629,779 658,779 767,779 789,779 986,779 1008,786 1118,786 1160,779 1257,779 1278,787 1441,787"/>
<TextEquiv><Unicode>Was hilft es, daß unsere Romanisten sagen: dieses Eigentum</Unicode></TextEquiv>
</TextLine>

<TextLine id="line_12">
<Coords points="205,789 244,789 264,796 339,796 362,797 562,797 578,798 674,798 695,808 733,808 755,798 934,798 957,807 1044,807 1066,807 1137,807 1156,797 1240,797 1259,806 1358,806 1379,798 1442,798 1442,829 1379,829 1358,835 1259,835 1240,828 1156,828 1137,828 1066,828 1044,828 957,828 934,834 755,834 733,828 695,828 674,829 578,829 562,828 362,828 339,826 264,826 244,821 205,821 205,789"/>
<Baseline points="205,821 244,821 264,826 339,826 362,828 562,828 578,829 674,829 695,828 733,828 755,834 934,834 957,828 1044,828 1066,828 1137,828 1156,828 1240,828 1259,835 1358,835 1379,829 1442,829"/>
<TextEquiv><Unicode>ist nach öffentlichem Recht zu beurteilen, wenn man nicht genau und</Unicode></TextEquiv>
</TextLine>

<TextLine id="line_13">
<Coords points="206,838 358,838 374,848 549,848 565,847 656,847 680,856 741,856 757,847 837,847 852,856 915,856 930,847 999,847 1014,848 1140,848 1159,846 1214,846 1228,847 1298,847 1314,846 1441,846 1441,878 1314,878 1298,877 1228,877 1214,877 1159,877 1140,883 1014,883 999,877 930,877 915,878 852,878 837,877 757,877 741,877 680,877 656,884 565,884 549,884 374,884 358,876 206,876 206,838"/>
<Baseline points="206,876 358,876 374,884 549,884 565,884 656,884 680,877 741,877 757,877 837,877 852,878 915,878 930,877 999,877 1014,883 1140,883 1159,877 1214,877 1228,877 1298,877 1314,878 1441,878"/>
<TextEquiv><Unicode>bestimmt anzugeben weiß, was denn nun dort drüben, auf dem Gebiete</Unicode></TextEquiv>
</TextLine>

<TextLine id="line_14">
<Coords points="205,887 257,887 285,892 476,892 504,896 651,896 690,897 853,897 885,896 1052,896 1102,897 1159,897 1192,897 1287,897 1316,896 1441,896 1441,927 1316,927 1287,927 1192,927 1159,926 1102,926 1052,927 885,927 853,934 690,934 651,933 504,933 476,926 285,926 257,919 205,919 205,887"/>
<Baseline points="205,919 257,919 285,926 476,926 504,933 651,933 690,934 853,934 885,927 1052,927 1102,926 1159,926 1192,927 1287,927 1316,927 1441,927"/>
<TextEquiv><Unicode>des öffentlichen Rechtes, Eigentum bedeutet? Die solide Rechts-</Unicode></TextEquiv>
</TextLine>

<TextLine id="line_15">
<Coords points="206,937 407,937 422,945 517,945 538,946 577,946 599,946 695,946 716,945 770,945 786,946 854,946 870,945 1006,945 1021,948 1196,948 1212,945 1318,945 1333,946 1440,946 1440,976 1333,976 1318,976 1212,976 1196,975 1021,975 1006,975 870,975 854,975 786,975 770,975 716,975 695,975 599,975 577,975 538,975 517,975 422,975 407,974 206,974 206,937"/>
<Baseline points="206,974 407,974 422,975 517,975 538,975 577,975 599,975 695,975 716,975 770,975 786,975 854,975 870,975 1006,975 1021,975 1196,975 1212,976 1318,976 1333,976 1440,976"/>
<TextEquiv><Unicode>wissenschaft bleibt da lieber auf dem sicheren vertrauten Boden stehen</Unicode></TextEquiv>
</TextLine>

<TextLine id="line_16">
<Coords points="204,987 264,987 294,990 400,990 428,993 490,993 520,994 575,994 602,994 657,994 677,993 921,993 953,993 1017,993 1038,994 1104,994 1126,996 1219,996 1241,994 1439,994 1439,1030 1241,1030 1219,1024 1126,1024 1104,1023 1038,1023 1017,1024 953,1024 921,1031 677,1031 657,1023 602,1023 575,1024 520,1024 490,1024 428,1024 400,1023 294,1023 264,1017 204,1017 204,987"/>
<Baseline points="204,1017 264,1017 294,1023 400,1023 428,1024 490,1024 520,1024 575,1024 602,1023 657,1023 677,1031 921,1031 953,1024 1017,1024 1038,1023 1104,1023 1126,1024 1219,1024 1241,1030 1439,1030"/>
<TextEquiv><Unicode>und behilft sich mit der Anerkennung, daß hier etwas Besonderes,</Unicode></TextEquiv>
</TextLine>

<TextLine id="line_17">
<Coords points="204,1032 472,1032 502,1043 691,1043 722,1043 776,1043 805,1043 848,1043 871,1042 954,1042 976,1042 1081,1042 1102,1043 1243,1043 1264,1043 1356,1043 1400,1042 1440,1042 1440,1073 1400,1073 1356,1073 1264,1073 1243,1073 1102,1073 1081,1072 976,1072 954,1072 871,1072 848,1072 805,1072 776,1072 722,1072 691,1079 502,1079 472,1074 204,1074 204,1032"/>
<Baseline points="204,1074 472,1074 502,1079 691,1079 722,1072 776,1072 805,1072 848,1072 871,1072 954,1072 976,1072 1081,1072 1102,1073 1243,1073 1264,1073 1356,1073 1400,1073 1440,1073"/>
<TextEquiv><Unicode>Ungewöhnliches hereinragt, das sie nicht weiter erklären kann. So</Unicode></TextEquiv>
</TextLine>

<TextLine id="line_18">
<Coords points="203,1088 335,1088 356,1091 405,1091 427,1091 528,1091 549,1092 732,1092 754,1091 892,1091 922,1091 977,1091 998,1091 1161,1091 1184,1092 1238,1092 1260,1090 1380,1090 1402,1100 1441,1100 1441,1121 1402,1121 1380,1121 1260,1121 1238,1121 1184,1121 1161,1128 998,1128 977,1121 922,1121 892,1121 754,1121 732,1129 549,1129 528,1129 427,1129 405,1121 356,1121 335,1120 203,1120 203,1088"/>
<Baseline points="203,1120 335,1120 356,1121 405,1121 427,1129 528,1129 549,1129 732,1129 754,1121 892,1121 922,1121 977,1121 998,1128 1161,1128 1184,1121 1238,1121 1260,1121 1380,1121 1402,1121 1441,1121"/>
<TextEquiv><Unicode>entsteht die häufig gebrauchte Formel: das Eigentum des Staates an</Unicode></TextEquiv>
</TextLine>

<TextLine id="line_19">
<Coords points="203,1131 261,1131 282,1137 476,1137 498,1140 614,1140 636,1140 676,1140 697,1139 848,1139 870,1139 1146,1139 1176,1149 1234,1149 1258,1139 1441,1139 1441,1170 1258,1170 1234,1169 1176,1169 1146,1177 870,1177 848,1170 697,1170 676,1170 636,1170 614,1171 498,1171 476,1171 282,1171 261,1163 203,1163 203,1131"/>
<Baseline points="203,1163 261,1163 282,1171 476,1171 498,1171 614,1171 636,1170 676,1170 697,1170 848,1170 870,1177 1146,1177 1176,1169 1234,1169 1258,1170 1441,1170"/>
<TextEquiv><Unicode>den öffentlichen Sachen ist einfaches Privateigentum, nur beschränkt</Unicode></TextEquiv>
</TextLine>

<TextLine id="line_20">
<Coords points="203,1179 295,1179 330,1188 389,1188 426,1189 706,1189 717,1189 752,1189 805,1189 862,1189 894,1188 1040,1188 1075,1189 1136,1189 1167,1188 1441,1188 1441,1226 1167,1226 1136,1218 1075,1218 1040,1219 894,1219 862,1218 805,1218 752,1218 717,1218 706,1228 426,1228 389,1219 330,1219 295,1215 203,1215 203,1179"/>
<Baseline points="203,1215 295,1215 330,1219 389,1219 426,1228 706,1228 717,1218 752,1218 805,1218 862,1218 894,1219 1040,1219 1075,1218 1136,1218 1167,1226 1441,1226"/>
<TextEquiv><Unicode>durch den Gemeingebrauch. Die Halbheit und Ungenügendheit</Unicode></TextEquiv>
</TextLine>

</TextRegion>
<TextRegion id="block_2" custom="structure {type:pageNum;}">
<Coords points="1404,185 1404,215 1445,215 1445,185 1404,185"/>
<TextLine id="line_21">
<Coords points="1404,185 1445,185 1445,215 1404,215 1404,185"/>
<Baseline points="1404,215 1445,215"/>
<TextEquiv><Unicode>69</Unicode></TextEquiv>
</TextLine>

</TextRegion>
<TextRegion id="block_3" custom="structure {type:note;}">
<Coords points="326,1283 326,1319 326,1318 207,1318 207,1360 206,1357 206,1403 205,1398 205,1442 204,1437 204,1484 203,1481 203,1523 203,1520 203,1568 204,1561 204,1604 204,1609 204,1640 204,1642 204,1687 203,1688 203,1727 203,1722 203,1768 197,1772 197,1812 206,1805 206,1849 207,1847 207,1893 205,1886 205,1933 208,1929 208,1975 196,1966 196,2014 204,2010 204,2057 194,2046 194,2096 194,2100 325,2100 325,2139 325,2138 294,2138 294,2181 294,2169 204,2169 204,2221 203,2214 203,2261 1442,2261 1442,2214 1442,2221 1442,2169 1443,2181 1443,2138 1443,2139 1443,2100 980,2100 980,2096 980,2046 1441,2046 1441,2057 1441,2010 1441,2014 1441,1966 1441,1975 1441,1929 1441,1933 1441,1886 1440,1893 1440,1847 1439,1849 1439,1805 1440,1812 1440,1772 1441,1768 1441,1722 1441,1727 1441,1688 1441,1687 1441,1642 1441,1640 1441,1609 1441,1604 1441,1561 1441,1568 1441,1520 1440,1523 1440,1481 1441,1484 1441,1437 1439,1442 1439,1398 1440,1403 1440,1357 1438,1360 1438,1318 1440,1319 1440,1283 326,1283"/>
<TextLine id="line_22">
<Coords points="326,1283 418,1283 438,1286 535,1286 555,1286 600,1286 619,1286 782,1286 799,1286 949,1286 968,1286 1013,1286 1031,1286 1205,1286 1221,1286 1247,1286 1265,1286 1361,1286 1379,1286 1440,1286 1440,1312 1379,1312 1361,1311 1265,1311 1247,1311 1221,1311 1205,1318 1031,1318 1013,1310 968,1310 949,1318 799,1318 782,1312 619,1312 600,1311 555,1311 535,1319 438,1319 418,1311 326,1311 326,1283"/>
<Baseline points="326,1311 418,1311 438,1319 535,1319 555,1311 600,1311 619,1312 782,1312 799,1318 949,1318 968,1310 1013,1310 1031,1318 1205,1318 1221,1311 1247,1311 1265,1311 1361,1311 1379,1312 1440,1312"/>
<TextEquiv><Unicode>Diesen Begriff des öffentlichen Eigentums hat Dernburg in seinem Gut-</Unicode></TextEquiv>
</TextLine>

<TextLine id="line_23">
<Coords points="207,1318 298,1318 316,1333 372,1333 391,1326 495,1326 514,1327 719,1327 736,1327 771,1327 786,1327 825,1327 842,1326 1074,1326 1091,1326 1301,1326 1319,1328 1438,1328 1438,1360 1319,1360 1301,1359 1091,1359 1074,1359 842,1359 825,1358 786,1358 771,1358 736,1358 719,1352 514,1352 495,1352 391,1352 372,1350 316,1350 298,1347 207,1347 207,1318"/>
<Baseline points="207,1347 298,1347 316,1350 372,1350 391,1352 495,1352 514,1352 719,1352 736,1358 771,1358 786,1358 825,1358 842,1359 1074,1359 1091,1359 1301,1359 1319,1360 1438,1360"/>
<TextEquiv><Unicode>achten zum Baseler Schanzenstreit (S. 17) folgendermaßen wiederzugeben gesucht:</Unicode></TextEquiv>
</TextLine>

<TextLine id="line_24">
<Coords points="206,1357 272,1357 288,1363 424,1363 442,1368 487,1368 506,1368 605,1368 628,1376 661,1376 681,1368 730,1368 748,1367 914,1367 932,1368 1032,1368 1050,1369 1084,1369 1103,1369 1165,1369 1182,1368 1281,1368 1298,1369 1370,1369 1388,1369 1440,1369 1440,1394 1388,1394 1370,1394 1298,1394 1281,1394 1182,1394 1165,1393 1103,1393 1084,1394 1050,1394 1032,1393 932,1393 914,1394 748,1394 730,1394 681,1394 661,1393 628,1393 605,1394 506,1394 487,1393 442,1393 424,1397 288,1397 272,1403 206,1403 206,1357"/>
<Baseline points="206,1403 272,1403 288,1397 424,1397 442,1393 487,1393 506,1394 605,1394 628,1393 661,1393 681,1394 730,1394 748,1394 914,1394 932,1393 1032,1393 1050,1394 1084,1394 1103,1393 1165,1393 1182,1394 1281,1394 1298,1394 1370,1394 1388,1394 1440,1394"/>
<TextEquiv><Unicode>„Das Eigentum des Staates an den öffentlichen Sachen ist aber freilich nicht ein-</Unicode></TextEquiv>
</TextLine>

<TextLine id="line_25">
<Coords points="205,1398 290,1398 307,1405 450,1405 470,1410 517,1410 535,1417 562,1417 580,1409 682,1409 700,1411 760,1411 778,1409 886,1409 922,1410 974,1410 992,1409 1065,1409 1082,1410 1127,1410 1138,1410 1260,1410 1277,1410 1334,1410 1354,1410 1439,1410 1439,1442 1354,1442 1334,1435 1277,1435 1260,1435 1138,1435 1127,1435 1082,1435 1065,1435 992,1435 974,1434 922,1434 886,1436 778,1436 760,1435 700,1435 682,1435 580,1435 562,1435 535,1435 517,1434 470,1434 450,1440 307,1440 290,1428 205,1428 205,1398"/>
<Baseline points="205,1428 290,1428 307,1440 450,1440 470,1434 517,1434 535,1435 562,1435 580,1435 682,1435 700,1435 760,1435 778,1436 886,1436 922,1434 974,1434 992,1435 1065,1435 1082,1435 1127,1435 1138,1435 1260,1435 1277,1435 1334,1435 1354,1442 1439,1442"/>
<TextEquiv><Unicode>faches Eigentum, wie es Private inne haben.“ Der Staat hat vielmehr hier „seine</Unicode></TextEquiv>
</TextLine>

<TextLine id="line_26">
<Coords points="204,1437 411,1437 427,1450 486,1450 486,1450 544,1450 557,1450 627,1450 645,1451 837,1451 850,1451 1028,1451 1046,1451 1138,1451 1151,1451 1272,1451 1291,1451 1345,1451 1358,1450 1441,1450 1441,1477 1358,1477 1345,1477 1291,1477 1272,1482 1151,1482 1138,1477 1046,1477 1028,1484 850,1484 837,1484 645,1484 627,1477 557,1477 544,1476 486,1476 486,1476 427,1476 411,1482 204,1482 204,1437"/>
<Baseline points="204,1482 411,1482 427,1476 486,1476 486,1476 544,1476 557,1477 627,1477 645,1484 837,1484 850,1484 1028,1484 1046,1477 1138,1477 1151,1482 1272,1482 1291,1477 1345,1477 1358,1477 1441,1477"/>
<TextEquiv><Unicode>Rechtsstellung über die eines gewöhnlichen Eigentümers hinaus erhoben, sein Recht</Unicode></TextEquiv>
</TextLine>

<TextLine id="line_27">
<Coords points="203,1481 241,1481 263,1486 304,1486 329,1492 577,1492 605,1493 801,1493 824,1493 920,1493 941,1493 993,1493 1012,1492 1082,1492 1106,1493 1206,1493 1224,1492 1372,1492 1395,1492 1440,1492 1440,1517 1395,1517 1372,1518 1224,1518 1206,1518 1106,1518 1082,1518 1012,1518 993,1518 941,1518 920,1518 824,1518 801,1518 605,1518 577,1523 329,1523 304,1512 263,1512 241,1507 203,1507 203,1481"/>
<Baseline points="203,1507 241,1507 263,1512 304,1512 329,1523 577,1523 605,1518 801,1518 824,1518 920,1518 941,1518 993,1518 1012,1518 1082,1518 1106,1518 1206,1518 1224,1518 1372,1518 1395,1517 1440,1517"/>
<TextEquiv><Unicode>als ein unveränderliches, unantastbares erklärt und diese Sachen außerhalb des</Unicode></TextEquiv>
</TextLine>

<TextLine id="line_28">
<Coords points="203,1520 480,1520 503,1533 610,1533 648,1534 705,1534 726,1534 828,1534 852,1533 935,1533 958,1533 1072,1533 1096,1533 1257,1533 1284,1540 1357,1540 1382,1539 1441,1539 1441,1557 1382,1557 1357,1558 1284,1558 1257,1562 1096,1562 1072,1565 958,1565 935,1559 852,1559 828,1559 726,1559 705,1559 648,1559 610,1566 503,1566 480,1568 203,1568 203,1520"/>
<Baseline points="203,1568 480,1568 503,1566 610,1566 648,1559 705,1559 726,1559 828,1559 852,1559 935,1559 958,1565 1072,1565 1096,1562 1257,1562 1284,1558 1357,1558 1382,1557 1441,1557"/>
<TextEquiv><Unicode>Vermögensverkehrs gestellt. Wir können nichts dagegen einwenden, wenn man</Unicode></TextEquiv>
</TextLine>

<TextLine id="line_29">
<Coords points="204,1561 288,1561 305,1569 388,1569 405,1573 443,1573 461,1574 503,1574 521,1574 691,1574 716,1575 872,1575 890,1574 947,1574 973,1582 1000,1582 1024,1574 1104,1574 1125,1574 1171,1574 1194,1573 1341,1573 1358,1572 1441,1572 1441,1597 1358,1597 1341,1598 1194,1598 1171,1599 1125,1599 1104,1599 1024,1599 1000,1599 973,1599 947,1599 890,1599 872,1604 716,1604 691,1600 521,1600 503,1599 461,1599 443,1599 405,1599 388,1597 305,1597 288,1593 204,1593 204,1561"/>
<Baseline points="204,1593 288,1593 305,1597 388,1597 405,1599 443,1599 461,1599 503,1599 521,1600 691,1600 716,1604 872,1604 890,1599 947,1599 973,1599 1000,1599 1024,1599 1104,1599 1125,1599 1171,1599 1194,1598 1341,1598 1358,1597 1441,1597"/>
<TextEquiv><Unicode>dieses Recht als ein hoheitliches bezeichnet, weil es durch das öffentliche Recht</Unicode></TextEquiv>
</TextLine>

<TextLine id="line_30">
<Coords points="204,1609 349,1609 367,1613 393,1613 411,1614 488,1614 506,1615 558,1615 577,1615 662,1615 679,1615 808,1615 825,1614 911,1614 926,1628 958,1628 975,1614 1051,1614 1064,1614 1292,1614 1304,1612 1441,1612 1441,1638 1304,1638 1292,1638 1064,1638 1051,1638 975,1638 958,1631 926,1631 911,1639 825,1639 808,1639 679,1639 662,1639 577,1639 558,1639 506,1639 488,1640 411,1640 393,1637 367,1637 349,1636 204,1636 204,1609"/>
<Baseline points="204,1636 349,1636 367,1637 393,1637 411,1640 488,1640 506,1639 558,1639 577,1639 662,1639 679,1639 808,1639 825,1639 911,1639 926,1631 958,1631 975,1638 1051,1638 1064,1638 1292,1638 1304,1638 1441,1638"/>
<TextEquiv><Unicode>wesentlich in Form und Inhalt bestimmt wird.“ — Ihren vollkommensten Ausdruck</Unicode></TextEquiv>
</TextLine>

<TextLine id="line_31">
<Coords points="204,1642 286,1642 302,1650 343,1650 360,1661 425,1661 438,1655 595,1655 608,1654 737,1654 755,1655 838,1655 853,1655 878,1655 892,1654 938,1654 954,1654 1058,1654 1071,1654 1133,1654 1149,1653 1332,1653 1346,1652 1441,1652 1441,1678 1346,1678 1332,1679 1149,1679 1133,1679 1071,1679 1058,1679 954,1679 938,1679 892,1679 878,1679 853,1679 838,1679 755,1679 737,1687 608,1687 595,1687 438,1687 425,1680 360,1680 343,1676 302,1676 286,1673 204,1673 204,1642"/>
<Baseline points="204,1673 286,1673 302,1676 343,1676 360,1680 425,1680 438,1687 595,1687 608,1687 737,1687 755,1679 838,1679 853,1679 878,1679 892,1679 938,1679 954,1679 1058,1679 1071,1679 1133,1679 1149,1679 1332,1679 1346,1678 1441,1678"/>
<TextEquiv><Unicode>dürfte die neue Auffassung gefunden haben in der kleinen aber bedeutsamen Schrift</Unicode></TextEquiv>
</TextLine>

<TextLine id="line_32">
<Coords points="203,1690 252,1690 268,1688 393,1688 413,1695 466,1695 479,1696 714,1696 733,1695 778,1695 790,1703 830,1703 843,1695 961,1695 979,1695 1004,1695 1022,1694 1126,1694 1144,1702 1193,1702 1205,1693 1270,1693 1288,1694 1441,1694 1441,1720 1288,1720 1270,1719 1205,1719 1193,1719 1144,1719 1126,1726 1022,1726 1004,1719 979,1719 961,1727 843,1727 830,1720 790,1720 778,1720 733,1720 714,1721 479,1721 466,1721 413,1721 393,1724 268,1724 252,1711 203,1711 203,1690"/>
<Baseline points="203,1711 252,1711 268,1724 393,1724 413,1721 466,1721 479,1721 714,1721 733,1720 778,1720 790,1720 830,1720 843,1727 961,1727 979,1719 1004,1719 1022,1726 1126,1726 1144,1719 1193,1719 1205,1719 1270,1719 1288,1720 1441,1720"/>
<TextEquiv><Unicode>von Eisele, Das Rechtsverhältnis der res publicae in publico usu nach römischem</Unicode></TextEquiv>
</TextLine>

<TextLine id="line_33">
<Coords points="203,1722 291,1722 326,1732 391,1732 409,1736 488,1736 506,1744 544,1744 569,1737 638,1737 656,1735 893,1735 911,1734 956,1734 974,1734 1137,1734 1156,1734 1255,1734 1272,1734 1370,1734 1388,1734 1441,1734 1441,1759 1388,1759 1370,1766 1272,1766 1255,1758 1156,1758 1137,1759 974,1759 956,1760 911,1760 893,1761 656,1761 638,1768 569,1768 544,1762 506,1762 488,1762 409,1762 391,1760 326,1760 291,1754 203,1754 203,1722"/>
<Baseline points="203,1754 291,1754 326,1760 391,1760 409,1762 488,1762 506,1762 544,1762 569,1768 638,1768 656,1761 893,1761 911,1760 956,1760 974,1759 1137,1759 1156,1758 1255,1758 1272,1766 1370,1766 1388,1759 1441,1759"/>
<TextEquiv><Unicode>Recht. Dort heißt es: „Das Rechtsverhältnis der öffentlichen Sachen gehört, und</Unicode></TextEquiv>
</TextLine>

<TextLine id="line_34">
<Coords points="197,1772 269,1772 285,1778 348,1778 366,1776 418,1776 437,1778 504,1778 521,1778 589,1778 610,1777 703,1777 722,1777 778,1777 793,1776 836,1776 854,1776 984,1776 1003,1775 1050,1775 1069,1775 1103,1775 1122,1775 1176,1775 1205,1775 1273,1775 1292,1775 1375,1775 1393,1774 1440,1774 1440,1801 1393,1801 1375,1801 1292,1801 1273,1807 1205,1807 1176,1806 1122,1806 1103,1806 1069,1806 1050,1801 1003,1801 984,1809 854,1809 836,1809 793,1809 778,1802 722,1802 703,1807 610,1807 589,1803 521,1803 504,1803 437,1803 418,1802 366,1802 348,1804 285,1804 269,1812 197,1812 197,1772"/>
<Baseline points="197,1812 269,1812 285,1804 348,1804 366,1802 418,1802 437,1803 504,1803 521,1803 589,1803 610,1807 703,1807 722,1802 778,1802 793,1809 836,1809 854,1809 984,1809 1003,1801 1050,1801 1069,1806 1103,1806 1122,1806 1176,1806 1205,1807 1273,1807 1292,1801 1375,1801 1393,1801 1440,1801"/>
<TextEquiv><Unicode>zwar ganz und nach allen Seiten, dem jus publicum an“ (S. 21); „Das Recht des</Unicode></TextEquiv>
</TextLine>

<TextLine id="line_35">
<Coords points="206,1805 305,1805 322,1822 355,1822 368,1817 418,1817 431,1819 594,1819 608,1819 699,1819 699,1819 771,1819 784,1827 815,1827 829,1817 984,1817 998,1817 1036,1817 1048,1817 1184,1817 1197,1816 1242,1816 1255,1816 1299,1816 1311,1816 1439,1816 1439,1848 1311,1848 1299,1848 1255,1848 1242,1841 1197,1841 1184,1849 1048,1849 1036,1842 998,1842 984,1843 829,1843 815,1843 784,1843 771,1849 699,1849 699,1844 608,1844 594,1845 431,1845 418,1843 368,1843 355,1841 322,1841 305,1838 206,1838 206,1805"/>
<Baseline points="206,1838 305,1838 322,1841 355,1841 368,1843 418,1843 431,1845 594,1845 608,1844 699,1844 699,1849 771,1849 784,1843 815,1843 829,1843 984,1843 998,1842 1036,1842 1048,1849 1184,1849 1197,1841 1242,1841 1255,1848 1299,1848 1311,1848 1439,1848"/>
<TextEquiv><Unicode>Staates an den öffentlichen Sachen (ist) zu bezeichnen als Eigentum des jus publicum</Unicode></TextEquiv>
</TextLine>

<TextLine id="line_36">
<Coords points="207,1847 269,1847 285,1854 324,1854 341,1859 547,1859 558,1859 709,1859 728,1859 763,1859 776,1859 824,1859 843,1872 875,1872 893,1858 929,1858 947,1856 1009,1856 1019,1857 1085,1857 1103,1857 1313,1857 1330,1855 1440,1855 1440,1887 1330,1887 1313,1889 1103,1889 1085,1883 1019,1883 1009,1883 947,1883 929,1884 893,1884 875,1876 843,1876 824,1889 776,1889 763,1889 728,1889 709,1893 558,1893 547,1889 341,1889 324,1881 285,1881 269,1876 207,1876 207,1847"/>
<Baseline points="207,1876 269,1876 285,1881 324,1881 341,1889 547,1889 558,1893 709,1893 728,1889 763,1889 776,1889 824,1889 843,1876 875,1876 893,1884 929,1884 947,1883 1009,1883 1019,1883 1085,1883 1103,1889 1313,1889 1330,1887 1440,1887"/>
<TextEquiv><Unicode>oder als publizistisches Eigentum“ (S. 24). — Es darf wohl hervorgehoben werden,</Unicode></TextEquiv>
</TextLine>

<TextLine id="line_37">
<Coords points="205,1886 261,1886 279,1893 365,1893 382,1899 445,1899 464,1901 531,1901 549,1902 586,1902 603,1910 635,1910 652,1902 761,1902 780,1900 891,1900 909,1900 1003,1900 1022,1899 1063,1899 1081,1898 1239,1898 1256,1897 1302,1897 1318,1896 1441,1896 1441,1922 1318,1922 1302,1922 1256,1922 1239,1929 1081,1929 1063,1924 1022,1924 1003,1931 909,1931 891,1933 780,1933 761,1932 652,1932 635,1927 603,1927 586,1927 549,1927 531,1927 464,1927 445,1931 382,1931 365,1923 279,1923 261,1917 205,1917 205,1886"/>
<Baseline points="205,1917 261,1917 279,1923 365,1923 382,1931 445,1931 464,1927 531,1927 549,1927 586,1927 603,1927 635,1927 652,1932 761,1932 780,1933 891,1933 909,1931 1003,1931 1022,1924 1063,1924 1081,1929 1239,1929 1256,1922 1302,1922 1318,1922 1441,1922"/>
<TextEquiv><Unicode>daß Eisele hier, ohne sie zu kennen, geraden Weges die Auffassung der französi-</Unicode></TextEquiv>
</TextLine>

<TextLine id="line_38">
<Coords points="208,1929 284,1929 307,1935 750,1935 775,1940 949,1940 978,1940 1074,1940 1102,1939 1144,1939 1172,1937 1346,1937 1374,1937 1441,1937 1441,1963 1374,1963 1346,1969 1172,1969 1144,1964 1102,1964 1074,1965 978,1965 949,1973 775,1973 750,1975 307,1975 284,1958 208,1958 208,1929"/>
<Baseline points="208,1958 284,1958 307,1975 750,1975 775,1973 949,1973 978,1965 1074,1965 1102,1964 1144,1964 1172,1969 1346,1969 1374,1963 1441,1963"/>
<TextEquiv><Unicode>schen Verwaltungsrechtswissenschaft wiedergiebt, welche ich meinerseits, ohne</Unicode></TextEquiv>
</TextLine>

<TextLine id="line_39">
<Coords points="196,1966 288,1966 304,1985 336,1985 353,1979 462,1979 481,1984 506,1984 520,1984 631,1984 643,1984 689,1984 701,1983 791,1983 804,1982 867,1982 886,1982 910,1982 924,1981 981,1981 999,1981 1050,1981 1063,1980 1178,1980 1190,1979 1236,1979 1253,1978 1306,1978 1324,1978 1441,1978 1441,2004 1324,2004 1306,2004 1253,2004 1236,2004 1190,2004 1178,2006 1063,2006 1050,2007 999,2007 981,2011 924,2011 910,2007 886,2007 867,2008 804,2008 791,2009 701,2009 689,2009 643,2009 631,2010 520,2010 506,2009 481,2009 462,2014 353,2014 336,2003 304,2003 288,2000 196,2000 196,1966"/>
<Baseline points="196,2000 288,2000 304,2003 336,2003 353,2014 462,2014 481,2009 506,2009 520,2010 631,2010 643,2009 689,2009 701,2009 791,2009 804,2008 867,2008 886,2007 910,2007 924,2011 981,2011 999,2007 1050,2007 1063,2006 1178,2006 1190,2004 1236,2004 1253,2004 1306,2004 1324,2004 1441,2004"/>
<TextEquiv><Unicode>Eisele zu kennen, in Theorie des Franz. V.R. S. 229, fast wörtlich mit ihm überein-</Unicode></TextEquiv>
</TextLine>

<TextLine id="line_40">
<Coords points="204,2010 336,2010 362,2021 440,2021 467,2024 707,2024 733,2024 811,2024 840,2023 980,2023 1003,2022 1091,2022 1116,2021 1150,2021 1171,2020 1213,2020 1235,2019 1371,2019 1396,2019 1441,2019 1441,2045 1396,2045 1371,2052 1235,2052 1213,2045 1171,2045 1150,2046 1116,2046 1091,2054 1003,2054 980,2055 840,2055 811,2049 733,2049 707,2057 467,2057 440,2048 362,2048 336,2043 204,2043 204,2010"/>
<Baseline points="204,2043 336,2043 362,2048 440,2048 467,2057 707,2057 733,2049 811,2049 840,2055 980,2055 1003,2054 1091,2054 1116,2046 1150,2046 1171,2045 1213,2045 1235,2052 1371,2052 1396,2045 1441,2045"/>
<TextEquiv><Unicode>stimmend dahin zusammengefaßt habe: „Domaine public ist ein Eigentum des</Unicode></TextEquiv>
</TextLine>

<TextLine id="line_41">
<Coords points="194,2046 310,2046 326,2061 435,2061 454,2064 510,2064 528,2065 691,2065 711,2065 809,2065 822,2063 980,2063 980,2096 822,2096 809,2091 711,2091 691,2091 528,2091 510,2090 454,2090 435,2089 326,2089 310,2087 194,2087 194,2046"/>
<Baseline points="194,2087 310,2087 326,2089 435,2089 454,2090 510,2090 528,2091 691,2091 711,2091 809,2091 822,2096 980,2096"/>
<TextEquiv><Unicode>Staates, welches dem öffentlichen Rechte unterliegt.“</Unicode></TextEquiv>
</TextLine>

<TextLine id="line_42">
<Coords points="325,2100 432,2100 450,2106 476,2106 488,2106 668,2106 682,2106 825,2106 838,2106 850,2106 869,2105 893,2105 904,2104 968,2104 989,2103 1056,2103 1069,2102 1196,2102 1208,2101 1291,2101 1302,2101 1443,2101 1443,2128 1302,2128 1291,2127 1208,2127 1196,2128 1069,2128 1056,2135 989,2135 968,2129 904,2129 893,2130 869,2130 850,2130 838,2130 825,2139 682,2139 668,2133 488,2133 476,2131 450,2131 432,2130 325,2130 325,2100"/>
<Baseline points="325,2130 432,2130 450,2131 476,2131 488,2133 668,2133 682,2139 825,2139 838,2130 850,2130 869,2130 893,2130 904,2129 968,2129 989,2135 1056,2135 1069,2128 1196,2128 1208,2127 1291,2127 1302,2128 1443,2128"/>
<TextEquiv><Unicode>Bruns in Holtzendorff Encyklop. I S. 276: „Das römische Recht behandelt</Unicode></TextEquiv>
</TextLine>

<TextLine id="line_43">
<Coords points="294,2138 392,2138 415,2147 481,2147 499,2148 787,2148 811,2147 910,2147 935,2145 974,2145 1001,2144 1043,2144 1061,2143 1378,2143 1396,2144 1443,2144 1443,2170 1396,2170 1378,2175 1061,2175 1043,2169 1001,2169 974,2169 935,2169 910,2179 811,2179 787,2181 499,2181 481,2172 415,2172 392,2168 294,2168 294,2138"/>
<Baseline points="294,2168 392,2168 415,2172 481,2172 499,2181 787,2181 811,2179 910,2179 935,2169 974,2169 1001,2169 1043,2169 1061,2175 1378,2175 1396,2170 1443,2170"/>
<TextEquiv><Unicode>diese Sachen nach altrepublikanischem Dogma als ein Korporationseigentum des</Unicode></TextEquiv>
</TextLine>

<TextLine id="line_44">
<Coords points="204,2169 299,2169 316,2183 368,2183 387,2185 457,2185 474,2188 625,2188 643,2188 851,2188 869,2194 925,2194 944,2184 1053,2184 1072,2184 1118,2184 1135,2184 1293,2184 1328,2185 1376,2185 1393,2194 1442,2194 1442,2212 1393,2212 1376,2211 1328,2211 1293,2216 1135,2216 1118,2210 1072,2210 1053,2210 944,2210 925,2212 869,2212 851,2221 643,2221 625,2221 474,2221 457,2217 387,2217 368,2208 316,2208 299,2217 204,2217 204,2169"/>
<Baseline points="204,2217 299,2217 316,2208 368,2208 387,2217 457,2217 474,2221 625,2221 643,2221 851,2221 869,2212 925,2212 944,2210 1053,2210 1072,2210 1118,2210 1135,2216 1293,2216 1328,2211 1376,2211 1393,2212 1442,2212"/>
<TextEquiv><Unicode>Volkes und giebt allgemeine Popularklagen zum Schutze der Benützung. Bei uns</Unicode></TextEquiv>
</TextLine>

<TextLine id="line_45">
<Coords points="203,2214 259,2214 277,2219 314,2219 331,2223 460,2223 479,2228 614,2228 632,2229 677,2229 696,2229 808,2229 832,2235 884,2235 906,2235 955,2235 973,2226 1054,2226 1078,2225 1120,2225 1142,2225 1317,2225 1333,2235 1379,2235 1395,2227 1442,2227 1442,2252 1395,2252 1379,2252 1333,2252 1317,2259 1142,2259 1120,2251 1078,2251 1054,2251 973,2251 955,2252 906,2252 884,2253 832,2253 808,2258 696,2258 677,2254 632,2254 614,2261 479,2261 460,2253 331,2253 314,2245 277,2245 259,2240 203,2240 203,2214"/>
<Baseline points="203,2240 259,2240 277,2245 314,2245 331,2253 460,2253 479,2261 614,2261 632,2254 677,2254 696,2258 808,2258 832,2253 884,2253 906,2252 955,2252 973,2251 1054,2251 1078,2251 1120,2251 1142,2259 1317,2259 1333,2252 1379,2252 1395,2252 1442,2252"/>
<TextEquiv><Unicode>sind sie einfaches Eigentum des Staates, was nur durch die Bestimmung zur all-</Unicode></TextEquiv>
</TextLine>

</TextRegion>
</Page>
</PcGts>