1600 2470
186 208 1423 256 bloß der Verschleppung vorgebeugt, sondern auch dem Rücktrittsrecht,
187 259 1326 303 wenn nicht rechtlich, so doch thatsächlich eine Grenze gesteckt.
272 307 1423 352 Voraussetzung ist stets, daß mindestens die Feststellung des Ent-
186 354 1423 397 eignungsgegenstandes bereits erfolgt ist; erst dann hat man eine Grund-
184 403 1421 447 lage für die Bemessung des Entschädigungsbetrages und den bestimmten
185 451 1048 493 Gegner des Unternehmers, der vorgehen könnte.
268 501 1421 541 Von da ab aber kann das Maß dessen, was noch in dem Selbst-
185 548 1369 592 betrieb dieses Gegners enthalten ist, verschieden ausgedrückt sein.
267 595 1422 640 Das Ziel ist immer die Enteignungsentschädigung. Wo nun das
185 642 1420 687 Gesetz sie festsetzen läßt nach vollendeter Enteignung, kann es dem
184 691 1422 731 Eigentümer gestattet sein, auch diese selbst zu bewirken: sobald der
183 740 1418 788 Enteignungsgegenstand feststeht, kann er den Enteignungsausspruch
182 790 1422 832 beantragen und nach dem Enteignungsausspruch, ob der Unternehmer
180 837 1270 881 ihn erwirkt hatte oder er selbst, das Entschädigungverfahren.
265 886 1420 932 Wo die Festsetzung der Entschädigung vor dem Enteignungs-
184 935 1420 978 ausspruch zu geschehen hat, wird es genügen, das Selbstbetriebsrecht
180 983 1420 1029 für jenen allein zu geben. Der Enteignungsausspruch bleibt außerhalb
181 1034 712 1074 des Einflusses des Betroffenen.
264 1083 1420 1127 Noch ein Stück weiter hinaus legt die Gesetzgebung das Selbst-
180 1132 1419 1176 betriebsrecht, indem sie es erst eintreten läßt dann, wenn auch die
180 1179 1418 1226 Festsetzung der Entschädigung im ordentlichen Gang des Enteignungs-
180 1228 1418 1272 verfahrens schon erfolgt ist. Hier handelt es sich dann nur darum,
181 1277 1417 1321 das Zuerkannte zu Gunsten des betroffenen Eigentümers selbständig
179 1324 545 1363 in Vollzug zu setzen.
186 126 227 157 54
593 129 1011 158 Das öffentliche Sachenrecht.
304 1430 1417 1467 Franz. Enteignungsges. v. 1841 Art. 14 al. 2: Nach Ablauf eines Jahres
177 1472 1416 1511 von dem Beschluß des Präfekten, der die zu enteignenden Grundstücke bezeichnet,
177 1514 1416 1551 kann der Eigentümer selbständig bei Gericht Antrag stellen auf Erlaß des Ent-
178 1556 1416 1596 eignungsurteils; Art. 55: Nach Ablauf von 6 Monaten vom Enteignungsurteil ab
176 1596 1373 1636 kann der Enteignete die Feststellung der Entschädigung selbständig beantragen.
301 1638 1416 1678 Bayr. Ausf.Ges. z. C.Pr.O. Art. 46 Abs. 2: „Wird die Einleitung des
176 1678 1415 1717 Schätzungsverfahrens bezüglich eines zur Abtretung angesprochenen Gegenstandes
175 1718 1416 1759 nicht binnen 6 Monaten von der freiwilligen Anerkennung der Abtretungspflicht
175 1760 1414 1797 oder dem hierüber ergangenen rechtskräftigen Erkenntnisse von seiten des Ab-
173 1802 1415 1842 tretungsberechtigten beantragt, so ist der Abtretungspflichtige zur Stellung des
174 1843 430 1876 Antrages befugt.“
299 1884 1414 1921 Preuß. Enteignungsges. § 42 Abs. 2: „Tritt der Unternehmer zurück, nach-
174 1925 1415 1965 dem bereits die Feststellung der Entschädigung durch Beschluß der Regierung
174 1966 1413 2003 erfolgt ist, so hat der Eigentümer die Wahl, ob er lediglich Ersatz für die Nach-
171 2006 1413 2047 teile, welche ihm durch das Enteignungsverfahren erwachsen sind, oder Zahlung
173 2045 1413 2089 der festgestellten Entschädigung gegen Abtretung des Grundstücks beanspruchen
172 2086 1413 2129 will.“ Die Zahlung wird im Wege der Klage beansprucht, aber nach Maßgabe
174 2127 1413 2170 jenes Beschlusses; die Klage ist nur die Form, um aus der Feststellung der Be-
174 2166 1412 2209 dingung des künftigen Enteignungsausspruches, was jener Beschluß bedeutete, die
