1600 2608
133 260 1413 305 benden Vorältern der Italiker erkennen. Bis in die spätere
130 315 1418 353 Zeit dient bei den Römern das Rind und daneben das Schaf
134 372 1415 418 als Tauschmittel. Die ältesten gesetzlichen Strafen sind Vieh-
133 430 1409 476 bussen (in Rindern und Schafen angesetzt), dieselben kommen
132 487 1407 534 noch in der lex Aternia Tarpeia v. J. 454 zum Vorscheine und
131 544 1404 590 werden erst 24 Jahre später in Beträge gemünzten Metalles
132 600 1413 647 umgesetzt . Bei unseren Vorfahren, den alten Germanen,
134 657 1405 704 galt zu einer Zeit, wo sie, nach Tacitus, silbernes und thönernes
136 713 1411 759 Geschirr noch gleich hoch schätzten, ein grosser Viehstand und
134 771 1410 807 Reichthum für eins. Wie bei den Griechen des homerischen
134 828 1416 873 Zeitalters steht der Tauschhandel im Vordergrunde, doch dienen
134 883 1414 929 auch hier Viehstücke, zumal aber Pferde (daneben Waffen!)
134 941 1415 986 bereits als Tauschmittel. Vieh ist ihr liebster Besitz, den sie
131 998 1413 1044 jedem andern vorziehen, in Vieh und Waffen, wie später in
134 1055 1415 1101 Metallgeld werden die gerichtlichen Bussen entrichtet . Noch
137 1112 1414 1157 Otto der Grosse legt Viehbussen auf. Bei den Arabern hat
136 1169 1317 1214 die Viehwährung noch zu Mohamet’s Zeiten bestanden  und
136 1226 1410 1271 bei den Völkern des östlichen Asiens, bei welchen die heiligen
138 1283 1413 1330 Schriften des Zoroaster, die Zendavesta Geltung hatten, haben
136 1341 1417 1387 andere Formen des Geldes die Viehwährung erst spät ver-
137 1397 1411 1444 drängt, nachdem die Nachbarvölker schon längst zum Metall-
136 1454 1414 1503 gelde übergegangen waren . Dass das Vieh bei den Hebräern ,
135 1512 1415 1558 den Kleinasiaten und den Bewohnern von Mesopotamien in vor-
136 1569 1419 1615 historischer Zeit als Geld im Gebrauche war, mag vermuthet
136 1626 1413 1671 werden; Belege hiefür finden sich nicht. Alle diese Völker treten
135 1683 1418 1734 auf einer Culturstufe in die Geschichte, wo sie die Viehwährung
134 1739 1420 1784 bereits hinter sich hatten, wofern man auf eine solche aus der
136 1796 1419 1846 Analogie der spätern Entwickelung und dem Umstande, dass es
135 1853 1414 1906 der Einfachheit der Culturanfänge entgegen zu sein scheint,
374 178 1168 215 Ueber das jedem Zeitalter eigenthümliche Geld.
1350 178 1408 205 263
288 1934 1418 1974 Böckh: Metrologische Unters. 1838, S. 385 ff., 420 ff.; Momm-
136 1982 1420 2023 sen: Geschichte des römischen Münzwesens, 1860, S. 169; F. Hultsch:
136 2032 1160 2070 Griechische und römische Metrologie, 1862, S. 124 ff., 188 ff.
311 2084 1422 2121 Wackernagel, Gewerbe, Handel und Schifffahrt der alten Ger-
137 2133 1424 2170 manen, in Haupt’s Zeitschrift IX, 548 ff.; Grimm, deutsche Rechtsalter-
136 2181 1422 2218 thümer, S. 586 ff.; Soetbeer, Beiträge zur Geschichte des Geld- und Münz-
138 2232 1158 2270 wesens in den Forschungen zur deutschen Geschichte, I, 215.
330 2281 1049 2318 Sprenger, Leben Mohamed’s, III, S. 139.
304 2330 1200 2372 Spiegel, Avesta (deutsche Bearbeitung), I, S. 94 ff.
319 2381 1087 2421 Levy, Geschichte der jüdischen Münzen, S. 7.
