1600 2608
237 154 1258 189 Die Gesetze, nach welchen sich der Werth der Güter regelt.
126 237 1425 282 halb eines Jahres für die betreffenden wirthschaftenden Subjecte
127 295 1426 345 hat, während der Werth der in Rede stehenden Güter höherer
127 351 1424 403 Ordnung in der Gegenwart an und für sich nur dem Werthe
127 410 1425 456 des voraussichtlichen Productes nach Abzug des Werthes der
127 468 1248 518 bezüglichen Capitalnutzung gleich gesetzt werden kann.
232 525 1424 593 Setzen wir, um zu einem ziffermässigen Ausdruck des oben
127 568 1428 643 Gesagten zu gelangen, den voraussichtlichen Werth des nach einem
126 623 1425 694 Jahre verfügbaren Productes gleich 100, den Werth der Ver-
125 687 1424 760 fügung über die Quantität der bezüglichen ökonomischen Güter
126 746 1421 814 höherer Ordnung innerhalb eines Jahres (den Werth der Capi-
125 771 1427 906 talbenützung) gleich 10, so ist klar, dass der Werth, welchen
129 857 1422 969 die Gesammtheit der complementären zur Hervorbringung des
149 912 1433 988 obigen Productes erforderlichen Quantitäten von Gütern höherer
129 946 1423 1044 Ordnung mit Ausschluss der in Rede stehenden Capitalnutzung
126 1027 1422 1112 für das wirthschaftende Subject mit Rücksicht auf die Gegenwart
232 1083 1423 1157 hat, nicht gleich 100, sondern nur gleich 90 und, wenn der
126 1153 1423 1230 Werth der bezüglichen Capitalbenützung 15 betrüge, gar nur
126 1210 432 1280 gleich 85 wäre.
235 1265 1422 1323 Der Werth, welchen die Güter für die einzelnen wirth-
125 1331 1422 1377 schaftenden Individuen haben, ist, wie bereits mehrfach erwähnt,
125 1389 1423 1440 die wichtigste Grundlage der Preisbildung. Wenn wir nun im
127 1446 1427 1513 Leben sehen, dass die Käufer von Gütern höherer Ordnung für
126 1495 1422 1566 die complementären, zur Hervorbringung eines Gutes niederer
127 1544 1422 1622 Ordnung erforderlichen technischen Productionsmittel niemals
125 1578 1420 1677 den ganzen voraussichtlichen Preis der erstern bezahlen, sondern
124 1675 1420 1746 stets nur solche Preise zu bewilligen in der Lage sind und that-
123 1708 1419 1791 sächlich bewilligen, welche in etwas tiefer stehen, als derselbe,
122 1778 1419 1850 also der Verkauf von Gütern höherer Ordnung eine gewisse
123 1839 1418 1906 Aehnlichkeit mit dem Escomptiren hat, wobei der voraus-
1371 154 1425 180 135
277 1915 1260 1969 Vgl. Hasner: System d. pol. Oekonomie. 1860, I., S. 29.
296 1983 1416 2019 Wer über die zur Hervorbringung von Gütern niederer Ordnung
122 2034 1418 2069 erforderlichen Güter höherer Ordnung verfügt, verfügt dadurch nicht sofort
120 2085 1416 2119 und unmittelbar über die erstern, sondern erst nach Ablauf eines durch die
120 2136 1417 2174 Natur des Productionsprocesses bedingten, bald längern, bald kürzern Zeit-
119 2186 1417 2220 raumes. Will er nun für seine Güter höherer Ordnung sofort die ent-
120 2236 1416 2275 sprechenden Güter niederer Ordnung, oder was unter entwickelten Verkehrs-
120 2286 1415 2322 verhältnissen dasselbe ist, die entsprechende Geldsumme, austauschen, so
120 2336 1415 2373 befindet er sich allerdings in einer ähnlichen Lage, wie derjenige, welcher
119 2385 1413 2422 über eine Summe in einem kommenden Zeitpunkte (z. B. nach 6 Monaten)
