<?xml version="1.0" encoding="UTF-8"?>
<PcGts xmlns="http://schema.primaresearch.org/PAGE/gts/pagecontent/2019-07-15" xmlns:xsi="http://www.w3.org/2001/XMLSchema-instance" xsi:schemaLocation="http://schema.primaresearch.org/PAGE/gts/pagecontent/2019-07-15 http://schema.primaresearch.org/PAGE/gts/pagecontent/2019-07-15/pagecontent.xsd">
<Metadata>
<Creator>regJS2PAGE.py</Creator>
<Created>2021-02-16T11:02:23.610045</Created>
<LastChange>2021-02-16T11:02:23.610045</LastChange>
</Metadata>
<Page imageFilename="tmp/menger_volkswirtschaftslehre_1871_0164.png" imageWidth="1600" imageHeight="2608">
<TextRegion id="block_0" custom="structure {type:body;}">
<Coords points="356,192 356,248 356,248 246,248 246,309 246,307 246,369 244,363 244,421 243,421 243,482 240,479 240,540 239,535 239,599 239,594 239,654 238,650 238,719 237,710 237,770 235,767 235,833 234,813 234,881 234,881 234,948 234,932 234,1004 235,998 235,1057 235,1058 340,1058 340,1115 340,1113 228,1113 228,1170 227,1171 227,1228 226,1230 226,1286 225,1287 225,1343 223,1344 223,1408 223,1401 223,1456 222,1456 222,1513 221,1513 221,1578 219,1570 219,1635 219,1628 219,1684 1514,1684 1514,1628 1512,1635 1512,1570 1517,1578 1517,1513 1517,1513 1517,1456 1517,1456 1517,1401 1517,1408 1517,1344 1514,1343 1514,1287 1516,1286 1516,1230 1522,1228 1522,1171 1522,1170 1522,1113 1524,1115 1524,1058 1027,1058 1027,1057 1027,998 1524,998 1524,1004 1524,932 1528,948 1528,881 1526,881 1526,813 1526,833 1526,767 1532,770 1532,710 1529,719 1529,650 1533,654 1533,594 1535,599 1535,535 1535,540 1535,479 1538,482 1538,421 1539,421 1539,363 1541,369 1541,307 1539,309 1539,248 1540,248 1540,192 356,192"/>
<TextLine id="line_0">
<Coords points="356,192 439,192 465,194 658,194 675,196 731,196 749,209 877,209 896,200 1078,200 1106,206 1173,206 1190,208 1310,208 1328,210 1391,210 1406,212 1540,212 1540,248 1406,248 1391,245 1328,245 1310,244 1190,244 1173,241 1106,241 1078,245 896,245 877,234 749,234 731,231 675,231 658,231 465,231 439,228 356,228 356,192"/>
<Baseline points="356,228 439,228 465,231 658,231 675,231 731,231 749,234 877,234 896,245 1078,245 1106,241 1173,241 1190,244 1310,244 1328,245 1391,245 1406,248 1540,248"/>
<TextEquiv><Unicode>Sind solcherart die neuern Versuche, den Werth der Boden-</Unicode></TextEquiv>
</TextLine>

<TextLine id="line_1">
<Coords points="246,248 499,248 523,251 835,251 850,256 913,256 927,258 1169,258 1184,266 1304,266 1316,269 1378,269 1387,269 1539,269 1539,306 1387,306 1378,303 1316,303 1304,309 1184,309 1169,299 927,299 913,292 850,292 835,298 523,298 499,294 246,294 246,248"/>
<Baseline points="246,294 499,294 523,298 835,298 850,292 913,292 927,299 1169,299 1184,309 1304,309 1316,303 1378,303 1387,306 1539,306"/>
<TextEquiv><Unicode>benutzungen, beziehungsweise der Grundstücke selbst, auf Arbeits-</Unicode></TextEquiv>
</TextLine>

<TextLine id="line_2">
<Coords points="246,307 332,307 372,308 800,308 842,317 1154,317 1193,323 1356,323 1395,328 1446,328 1487,330 1541,330 1541,365 1487,365 1446,363 1395,363 1356,369 1193,369 1154,365 842,365 800,357 372,357 332,342 246,342 246,307"/>
<Baseline points="246,342 332,342 372,357 800,357 842,365 1154,365 1193,369 1356,369 1395,363 1446,363 1487,365 1541,365"/>
<TextEquiv><Unicode>oder Capitalsaufwendungen zurückzuführen, lediglich als ein</Unicode></TextEquiv>
</TextLine>

<TextLine id="line_3">
<Coords points="244,363 402,363 427,365 487,365 512,366 723,366 746,382 789,382 813,372 1028,372 1061,377 1116,377 1148,380 1381,380 1407,384 1539,384 1539,421 1407,421 1381,418 1148,418 1116,413 1061,413 1028,419 813,419 789,405 746,405 723,404 512,404 487,400 427,400 402,399 244,399 244,363"/>
<Baseline points="244,399 402,399 427,400 487,400 512,404 723,404 746,405 789,405 813,419 1028,419 1061,413 1116,413 1148,418 1381,418 1407,421 1539,421"/>
<TextEquiv><Unicode>Ausfluss des Bestrebens zu betrachten, die herrschende Grund-</Unicode></TextEquiv>
</TextLine>

<TextLine id="line_4">
<Coords points="243,421 517,421 554,424 627,424 665,426 765,426 802,428 898,428 934,443 1077,443 1102,434 1361,434 1394,441 1538,441 1538,478 1394,478 1361,482 1102,482 1077,469 934,469 898,477 802,477 765,461 665,461 627,459 554,459 517,462 243,462 243,421"/>
<Baseline points="243,462 517,462 554,459 627,459 665,461 765,461 802,477 898,477 934,469 1077,469 1102,482 1361,482 1394,478 1538,478"/>
<TextEquiv><Unicode>rententheorie, also einen Theil unserer Wissenschaft, welcher</Unicode></TextEquiv>
</TextLine>

<TextLine id="line_5">
<Coords points="240,479 582,479 604,483 694,483 718,496 774,496 798,488 983,488 1006,491 1053,491 1078,493 1343,493 1376,500 1436,500 1471,500 1535,500 1535,536 1471,536 1436,533 1376,533 1343,540 1078,540 1053,526 1006,526 983,532 798,532 774,519 718,519 694,518 604,518 582,525 240,525 240,479"/>
<Baseline points="240,525 582,525 604,518 694,518 718,519 774,519 798,532 983,532 1006,526 1053,526 1078,540 1343,540 1376,533 1436,533 1471,536 1535,536"/>
<TextEquiv><Unicode>verhältnissmässig noch am wenigsten im Widerspruche mit den</Unicode></TextEquiv>
</TextLine>

<TextLine id="line_6">
<Coords points="239,535 524,535 558,540 617,540 642,542 838,542 864,546 997,546 1023,550 1124,550 1149,551 1216,551 1247,555 1445,555 1468,559 1535,559 1535,594 1468,594 1445,599 1247,599 1216,587 1149,587 1124,592 1023,592 997,584 864,584 838,580 642,580 617,575 558,575 524,583 239,583 239,535"/>
<Baseline points="239,583 524,583 558,575 617,575 642,580 838,580 864,584 997,584 1023,592 1124,592 1149,587 1216,587 1247,599 1445,599 1468,594 1535,594"/>
<TextEquiv><Unicode>Erscheinungen des wirklichen Lebens steht, den gangbaren Irr-</Unicode></TextEquiv>
</TextLine>

<TextLine id="line_7">
<Coords points="239,594 400,594 425,596 460,596 493,597 561,597 585,598 752,598 785,602 978,602 1007,619 1152,619 1177,611 1425,611 1456,629 1533,629 1533,654 1456,654 1425,651 1177,651 1152,644 1007,644 978,649 785,649 752,635 585,635 561,632 493,632 460,630 425,630 400,630 239,630 239,594"/>
<Baseline points="239,630 400,630 425,630 460,630 493,632 561,632 585,635 752,635 785,649 978,649 1007,644 1152,644 1177,651 1425,651 1456,654 1533,654"/>
<TextEquiv><Unicode>thümern in den höchsten Principien unserer Wissenschaft con-</Unicode></TextEquiv>
</TextLine>

<TextLine id="line_8">
<Coords points="238,650 328,650 356,664 397,664 424,654 607,654 631,668 670,668 694,669 787,669 811,671 920,671 932,663 1091,663 1115,668 1224,668 1249,669 1284,669 1302,671 1402,671 1418,674 1529,674 1529,719 1418,719 1402,715 1302,715 1284,704 1249,704 1224,702 1115,702 1091,709 932,709 920,704 811,704 787,694 694,694 670,691 631,691 607,698 424,698 397,686 356,686 328,686 238,686 238,650"/>
<Baseline points="238,686 328,686 356,686 397,686 424,698 607,698 631,691 670,691 694,694 787,694 811,704 920,704 932,709 1091,709 1115,702 1224,702 1249,704 1284,704 1302,715 1402,715 1418,719 1529,719"/>
<TextEquiv><Unicode>form zu gestalten, so muss gegen dieselbe, zumal in jener Form,</Unicode></TextEquiv>
</TextLine>

<TextLine id="line_9">
<Coords points="237,710 283,710 301,711 456,711 478,713 672,713 686,717 716,717 742,717 791,717 826,723 1102,723 1137,725 1207,725 1243,727 1331,727 1366,730 1426,730 1449,733 1532,733 1532,769 1449,769 1426,766 1366,766 1331,764 1243,764 1207,770 1137,770 1102,766 826,766 791,751 742,751 716,758 686,758 672,749 478,749 456,746 301,746 283,753 237,753 237,710"/>
<Baseline points="237,753 283,753 301,746 456,746 478,749 672,749 686,758 716,758 742,751 791,751 826,766 1102,766 1137,770 1207,770 1243,764 1331,764 1366,766 1426,766 1449,769 1532,769"/>
<TextEquiv><Unicode>in welcher Ricardo sie ausgesprochen hat, doch der Vor-</Unicode></TextEquiv>
</TextLine>

<TextLine id="line_10">
<Coords points="235,767 332,767 337,768 512,768 546,772 693,772 742,775 821,775 855,777 1018,777 1066,781 1162,781 1196,783 1258,783 1294,785 1430,785 1465,790 1526,790 1526,825 1465,825 1430,833 1294,833 1258,819 1196,819 1162,822 1066,822 1018,814 855,814 821,810 742,810 693,817 546,817 512,817 337,817 332,818 235,818 235,767"/>
<Baseline points="235,818 332,818 337,817 512,817 546,817 693,817 742,810 821,810 855,814 1018,814 1066,822 1162,822 1196,819 1258,819 1294,833 1430,833 1465,825 1526,825"/>
<TextEquiv><Unicode>wurf erhoben werden, dass hiedurch nicht das Princip des</Unicode></TextEquiv>
</TextLine>

<TextLine id="line_11">
<Coords points="234,813 409,813 447,828 596,828 632,830 992,830 1031,838 1085,838 1117,839 1172,839 1204,842 1526,842 1526,881 1204,881 1172,874 1117,874 1085,873 1031,873 992,880 632,880 596,864 447,864 409,867 234,867 234,813"/>
<Baseline points="234,867 409,867 447,864 596,864 632,880 992,880 1031,873 1085,873 1117,874 1172,874 1204,881 1526,881"/>
<TextEquiv><Unicode>Werthes, welchen Bodenbenützungen für die wirthschaftenden</Unicode></TextEquiv>
</TextLine>

<TextLine id="line_12">
<Coords points="234,881 425,881 449,884 564,884 577,887 636,887 662,888 812,888 837,891 995,891 1019,896 1073,896 1104,898 1369,898 1374,901 1528,901 1528,948 1374,948 1369,945 1104,945 1073,929 1019,929 995,936 837,936 812,924 662,924 636,929 577,929 564,920 449,920 425,931 234,931 234,881"/>
<Baseline points="234,931 425,931 449,920 564,920 577,929 636,929 662,924 812,924 837,936 995,936 1019,929 1073,929 1104,945 1369,945 1374,948 1528,948"/>
<TextEquiv><Unicode>Menschen haben, sondern lediglich ein vereinzelntes Moment</Unicode></TextEquiv>
</TextLine>

<TextLine id="line_13">
<Coords points="234,932 347,932 370,941 679,941 702,959 765,959 777,948 877,948 901,950 1069,950 1092,955 1161,955 1185,955 1343,955 1366,960 1524,960 1524,997 1366,997 1343,994 1185,994 1161,1004 1092,1004 1069,1003 901,1003 877,984 777,984 765,982 702,982 679,980 370,980 347,986 234,986 234,932"/>
<Baseline points="234,986 347,986 370,980 679,980 702,982 765,982 777,984 877,984 901,1003 1069,1003 1092,1004 1161,1004 1185,994 1343,994 1366,997 1524,997"/>
<TextEquiv><Unicode>seiner Verschiedenheit ans Licht gebracht und dasselbe irrthüm-</Unicode></TextEquiv>
</TextLine>

<TextLine id="line_14">
<Coords points="235,998 445,998 470,1013 547,1013 570,1002 729,1002 739,1007 903,1007 928,1010 1027,1010 1027,1057 928,1057 903,1052 739,1052 729,1050 570,1050 547,1044 470,1044 445,1050 235,1050 235,998"/>
<Baseline points="235,1050 445,1050 470,1044 547,1044 570,1050 729,1050 739,1052 903,1052 928,1057 1027,1057"/>
<TextEquiv><Unicode>licherweise zum Principe erhoben wird.</Unicode></TextEquiv>
</TextLine>

<TextLine id="line_15">
<Coords points="340,1058 403,1058 428,1060 670,1060 695,1063 972,1063 993,1070 1062,1070 1086,1071 1178,1071 1203,1073 1266,1073 1284,1075 1524,1075 1524,1114 1284,1114 1266,1107 1203,1107 1178,1115 1086,1115 1062,1104 993,1104 972,1102 695,1102 670,1097 428,1097 403,1092 340,1092 340,1058"/>
<Baseline points="340,1092 403,1092 428,1097 670,1097 695,1102 972,1102 993,1104 1062,1104 1086,1115 1178,1115 1203,1107 1266,1107 1284,1114 1524,1114"/>
<TextEquiv><Unicode>Die verschiedene Beschaffenheit und Lage der Grundstücke</Unicode></TextEquiv>
</TextLine>

<TextLine id="line_16">
<Coords points="228,1113 275,1113 298,1116 553,1116 578,1119 653,1119 677,1120 739,1120 762,1122 976,1122 996,1128 1170,1128 1195,1130 1257,1130 1274,1130 1522,1130 1522,1170 1274,1170 1257,1164 1195,1164 1170,1163 996,1163 976,1168 762,1168 739,1155 677,1155 653,1153 578,1153 553,1151 298,1151 275,1148 228,1148 228,1113"/>
<Baseline points="228,1148 275,1148 298,1151 553,1151 578,1153 653,1153 677,1155 739,1155 762,1168 976,1168 996,1163 1170,1163 1195,1164 1257,1164 1274,1170 1522,1170"/>
<TextEquiv><Unicode>ist unzweifelhaft eine der wichtigsten Ursachen der Verschieden-</Unicode></TextEquiv>
</TextLine>

<TextLine id="line_17">
<Coords points="227,1171 298,1171 322,1173 385,1173 409,1174 572,1174 608,1176 669,1176 693,1178 1051,1178 1084,1186 1152,1186 1183,1187 1247,1187 1283,1188 1522,1188 1522,1228 1283,1228 1247,1222 1183,1222 1152,1221 1084,1221 1051,1228 693,1228 669,1211 608,1211 572,1210 409,1210 385,1208 322,1208 298,1206 227,1206 227,1171"/>
<Baseline points="227,1206 298,1206 322,1208 385,1208 409,1210 572,1210 608,1211 669,1211 693,1228 1051,1228 1084,1221 1152,1221 1183,1222 1247,1222 1283,1228 1522,1228"/>
<TextEquiv><Unicode>heit des Werthes der Bodenbenützungen und der Grundstücke</Unicode></TextEquiv>
</TextLine>

<TextLine id="line_18">
<Coords points="226,1230 336,1230 350,1257 358,1257 396,1243 433,1243 468,1233 545,1233 581,1234 665,1234 700,1247 821,1247 855,1239 910,1239 944,1242 1032,1242 1075,1243 1204,1243 1241,1245 1418,1245 1451,1250 1516,1250 1516,1286 1451,1286 1418,1283 1241,1283 1204,1279 1075,1279 1032,1276 944,1276 910,1273 855,1273 821,1272 700,1272 665,1269 581,1269 545,1267 468,1267 433,1266 396,1266 358,1274 350,1274 336,1265 226,1265 226,1230"/>
<Baseline points="226,1265 336,1265 350,1274 358,1274 396,1266 433,1266 468,1267 545,1267 581,1269 665,1269 700,1272 821,1272 855,1273 910,1273 944,1276 1032,1276 1075,1279 1204,1279 1241,1283 1418,1283 1451,1286 1516,1286"/>
<TextEquiv><Unicode>selbst, es sind aber ausser ihr noch andere Ursachen der</Unicode></TextEquiv>
</TextLine>

<TextLine id="line_19">
<Coords points="225,1287 535,1287 581,1292 640,1292 674,1292 837,1292 878,1296 992,1296 1040,1298 1148,1298 1191,1302 1400,1302 1457,1306 1514,1306 1514,1343 1457,1343 1400,1340 1191,1340 1148,1336 1040,1336 992,1332 878,1332 837,1330 674,1330 640,1327 581,1327 535,1325 225,1325 225,1287"/>
<Baseline points="225,1325 535,1325 581,1327 640,1327 674,1330 837,1330 878,1332 992,1332 1040,1336 1148,1336 1191,1340 1400,1340 1457,1343 1514,1343"/>
<TextEquiv><Unicode>Verschiedenheit des Werthes dieser Güter vorhanden. Sie</Unicode></TextEquiv>
</TextLine>

<TextLine id="line_20">
<Coords points="223,1344 271,1344 294,1344 464,1344 487,1347 584,1347 608,1349 733,1349 749,1350 811,1350 822,1354 1071,1354 1083,1357 1221,1357 1233,1360 1348,1360 1362,1362 1517,1362 1517,1408 1362,1408 1348,1397 1233,1397 1221,1404 1083,1404 1071,1398 822,1398 811,1387 749,1387 733,1384 608,1384 584,1382 487,1382 464,1381 294,1381 271,1378 223,1378 223,1344"/>
<Baseline points="223,1378 271,1378 294,1381 464,1381 487,1382 584,1382 608,1384 733,1384 749,1387 811,1387 822,1398 1071,1398 1083,1404 1221,1404 1233,1397 1348,1397 1362,1408 1517,1408"/>
<TextEquiv><Unicode>ist demnach nicht einmal das massgebende Princip dieser letztern,</Unicode></TextEquiv>
</TextLine>

<TextLine id="line_21">
<Coords points="223,1401 313,1401 348,1401 416,1401 449,1404 600,1404 629,1405 715,1405 746,1407 808,1407 837,1409 974,1409 1007,1411 1066,1411 1091,1412 1250,1412 1284,1417 1347,1417 1382,1419 1517,1419 1517,1456 1382,1456 1347,1452 1284,1452 1250,1450 1091,1450 1066,1446 1007,1446 974,1455 837,1455 808,1442 746,1442 715,1441 629,1441 600,1448 449,1448 416,1437 348,1437 313,1435 223,1435 223,1401"/>
<Baseline points="223,1435 313,1435 348,1437 416,1437 449,1448 600,1448 629,1441 715,1441 746,1442 808,1442 837,1455 974,1455 1007,1446 1066,1446 1091,1450 1250,1450 1284,1452 1347,1452 1382,1456 1517,1456"/>
<TextEquiv><Unicode>noch viel weniger aber das Princip des Werthes der Boden-</Unicode></TextEquiv>
</TextLine>

<TextLine id="line_22">
<Coords points="222,1456 467,1456 491,1460 563,1460 586,1461 647,1461 664,1461 909,1461 925,1466 1130,1466 1155,1470 1283,1470 1301,1474 1369,1474 1383,1475 1517,1475 1517,1511 1383,1511 1369,1509 1301,1509 1283,1506 1155,1506 1130,1513 925,1513 909,1500 664,1500 647,1496 586,1496 563,1495 491,1495 467,1503 222,1503 222,1456"/>
<Baseline points="222,1503 467,1503 491,1495 563,1495 586,1496 647,1496 664,1500 909,1500 925,1513 1130,1513 1155,1506 1283,1506 1301,1509 1369,1509 1383,1511 1517,1511"/>
<TextEquiv><Unicode>benützungen und der Grundstücke überhaupt. Wären alle Grund-</Unicode></TextEquiv>
</TextLine>

<TextLine id="line_23">
<Coords points="221,1513 344,1513 368,1526 433,1526 459,1515 612,1515 634,1517 915,1517 949,1524 1019,1524 1054,1526 1167,1526 1203,1530 1383,1530 1413,1532 1517,1532 1517,1578 1413,1578 1383,1575 1203,1575 1167,1569 1054,1569 1019,1558 949,1558 915,1557 634,1557 612,1560 459,1560 433,1550 368,1550 344,1549 221,1549 221,1513"/>
<Baseline points="221,1549 344,1549 368,1550 433,1550 459,1560 612,1560 634,1557 915,1557 949,1558 1019,1558 1054,1569 1167,1569 1203,1575 1383,1575 1413,1578 1517,1578"/>
<TextEquiv><Unicode>stücke von gleicher Beschaffenheit und gleich günstiger Lage,</Unicode></TextEquiv>
</TextLine>

<TextLine id="line_24">
<Coords points="219,1581 258,1581 281,1570 424,1570 453,1572 503,1572 528,1573 615,1573 639,1575 788,1575 812,1588 876,1588 906,1578 1004,1578 1028,1581 1137,1581 1167,1584 1339,1584 1363,1587 1512,1587 1512,1635 1363,1635 1339,1622 1167,1622 1137,1617 1028,1617 1004,1616 906,1616 876,1622 812,1622 788,1612 639,1612 615,1608 528,1608 503,1607 453,1607 424,1606 281,1606 258,1605 219,1605 219,1581"/>
<Baseline points="219,1605 258,1605 281,1606 424,1606 453,1607 503,1607 528,1608 615,1608 639,1612 788,1612 812,1622 876,1622 906,1616 1004,1616 1028,1617 1137,1617 1167,1622 1339,1622 1363,1635 1512,1635"/>
<TextEquiv><Unicode>so würden sie nach Ricardo gar keine Rente abwerfen können,</Unicode></TextEquiv>
</TextLine>

<TextLine id="line_25">
<Coords points="219,1628 381,1628 405,1628 497,1628 520,1631 633,1631 658,1633 811,1633 833,1636 889,1636 916,1637 968,1637 992,1639 1070,1639 1101,1640 1137,1640 1161,1642 1258,1642 1285,1645 1395,1645 1419,1647 1514,1647 1514,1684 1419,1684 1395,1680 1285,1680 1258,1678 1161,1678 1137,1675 1101,1675 1070,1675 992,1675 968,1673 916,1673 889,1680 833,1680 811,1669 658,1669 633,1667 520,1667 497,1665 405,1665 381,1663 219,1663 219,1628"/>
<Baseline points="219,1663 381,1663 405,1665 497,1665 520,1667 633,1667 658,1669 811,1669 833,1680 889,1680 916,1673 968,1673 992,1675 1070,1675 1101,1675 1137,1675 1161,1678 1258,1678 1285,1680 1395,1680 1419,1684 1514,1684"/>
<TextEquiv><Unicode>während doch nichts sicherer ist, als dass in solch einem Falle</Unicode></TextEquiv>
</TextLine>

</TextRegion>
<TextRegion id="block_1" custom="structure {type:header;}">
<Coords points="415,108 415,161 1433,161 1433,108 415,108"/>
<TextLine id="line_26">
<Coords points="415,108 469,108 490,111 618,111 640,114 715,114 734,116 857,116 879,117 937,117 960,119 1009,119 1031,121 1127,121 1156,124 1205,124 1226,125 1315,125 1335,130 1433,130 1433,161 1335,161 1315,153 1226,153 1205,151 1156,151 1127,150 1031,150 1009,146 960,146 937,144 879,144 857,144 734,144 715,141 640,141 618,145 490,145 469,137 415,137 415,108"/>
<Baseline points="415,137 469,137 490,145 618,145 640,141 715,141 734,144 857,144 879,144 937,144 960,146 1009,146 1031,150 1127,150 1156,151 1205,151 1226,153 1315,153 1335,161 1433,161"/>
<TextEquiv><Unicode>Die Gesetze, nach welchen sich der Werth der Güter regelt.</Unicode></TextEquiv>
</TextLine>

</TextRegion>
<TextRegion id="block_2" custom="structure {type:pageNum;}">
<Coords points="250,107 250,136 303,136 303,107 250,107"/>
<TextLine id="line_27">
<Coords points="250,107 303,107 303,136 250,136 250,107"/>
<Baseline points="250,136 303,136"/>
<TextEquiv><Unicode>146</Unicode></TextEquiv>
</TextLine>

</TextRegion>
<TextRegion id="block_3" custom="structure {type:note;}">
<Coords points="215,1717 215,1765 215,1766 215,1819 213,1816 213,1866 212,1866 212,1913 212,1916 212,1963 211,1967 211,2015 211,2017 211,2069 207,2066 207,2120 210,2118 210,2171 206,2168 206,2222 207,2219 207,2269 207,2269 362,2269 362,2312 366,2319 366,2369 1500,2369 1500,2319 1182,2319 1182,2312 1182,2269 1383,2269 1383,2269 1383,2219 1504,2219 1504,2222 1504,2168 1506,2171 1506,2118 1506,2120 1506,2066 1507,2069 1507,2017 1508,2015 1508,1967 1508,1963 1508,1916 1509,1913 1509,1866 1508,1866 1508,1816 1512,1819 1512,1766 1512,1765 1512,1717 215,1717"/>
<TextLine id="line_28">
<Coords points="215,1724 272,1724 292,1717 512,1717 532,1721 693,1721 724,1723 777,1723 806,1725 848,1725 875,1726 905,1726 927,1727 976,1727 996,1730 1180,1730 1200,1733 1252,1733 1271,1735 1421,1735 1441,1738 1512,1738 1512,1765 1441,1765 1421,1764 1271,1764 1252,1761 1200,1761 1180,1760 996,1760 976,1754 927,1754 905,1753 875,1753 848,1752 806,1752 777,1750 724,1750 693,1753 532,1753 512,1746 292,1746 272,1744 215,1744 215,1724"/>
<Baseline points="215,1744 272,1744 292,1746 512,1746 532,1753 693,1753 724,1750 777,1750 806,1752 848,1752 875,1753 905,1753 927,1754 976,1754 996,1760 1180,1760 1200,1761 1252,1761 1271,1764 1421,1764 1441,1765 1512,1765"/>
<TextEquiv><Unicode>von Grundstücken verstehen, wie sie in der Wirthschaft der Menschen that-</Unicode></TextEquiv>
</TextLine>

<TextLine id="line_29">
<Coords points="215,1766 344,1766 363,1768 545,1768 574,1770 630,1770 651,1772 731,1772 753,1773 800,1773 819,1775 985,1775 1008,1782 1254,1782 1274,1784 1405,1784 1440,1787 1512,1787 1512,1815 1440,1815 1405,1819 1274,1819 1254,1816 1008,1816 985,1811 819,1811 800,1800 753,1800 731,1799 651,1799 630,1797 574,1797 545,1797 363,1797 344,1794 215,1794 215,1766"/>
<Baseline points="215,1794 344,1794 363,1797 545,1797 574,1797 630,1797 651,1799 731,1799 753,1800 800,1800 819,1811 985,1811 1008,1816 1254,1816 1274,1819 1405,1819 1440,1815 1512,1815"/>
<TextEquiv><Unicode>sächlich vorkommen und nicht die Benützung „ursprünglicher Kräfte,“ denn</Unicode></TextEquiv>
</TextLine>

<TextLine id="line_30">
<Coords points="213,1824 267,1824 287,1816 335,1816 357,1821 468,1821 488,1819 554,1819 574,1820 773,1820 794,1823 844,1823 864,1827 1068,1827 1087,1830 1281,1830 1317,1834 1364,1834 1384,1836 1508,1836 1508,1864 1384,1864 1364,1861 1317,1861 1281,1866 1087,1866 1068,1855 864,1855 844,1851 794,1851 773,1855 574,1855 554,1846 488,1846 468,1845 357,1845 335,1844 287,1844 267,1843 213,1843 213,1824"/>
<Baseline points="213,1843 267,1843 287,1844 335,1844 357,1845 468,1845 488,1846 554,1846 574,1855 773,1855 794,1851 844,1851 864,1855 1068,1855 1087,1866 1281,1866 1317,1861 1364,1861 1384,1864 1508,1864"/>
<TextEquiv><Unicode>nur die erstern sind Gegenstände der menschlichen Wirthschaft, die letztern</Unicode></TextEquiv>
</TextLine>

<TextLine id="line_31">
<Coords points="212,1866 250,1866 272,1868 423,1868 440,1868 523,1868 544,1869 681,1869 701,1872 882,1872 912,1876 989,1876 1018,1880 1138,1880 1166,1882 1238,1882 1263,1884 1329,1884 1358,1886 1509,1886 1509,1913 1358,1913 1329,1911 1263,1911 1238,1909 1166,1909 1138,1906 1018,1906 989,1904 912,1904 882,1906 701,1906 681,1904 544,1904 523,1896 440,1896 423,1894 272,1894 250,1892 212,1892 212,1866"/>
<Baseline points="212,1892 250,1892 272,1894 423,1894 440,1896 523,1896 544,1904 681,1904 701,1906 882,1906 912,1904 989,1904 1018,1906 1138,1906 1166,1909 1238,1909 1263,1911 1329,1911 1358,1913 1509,1913"/>
<TextEquiv><Unicode>im concreten Falle lediglich Gegenstand einer zumeist noch sehr aussichts-</Unicode></TextEquiv>
</TextLine>

<TextLine id="line_32">
<Coords points="212,1916 292,1916 323,1917 516,1917 547,1920 763,1920 801,1924 857,1924 895,1925 940,1925 980,1926 1026,1926 1057,1928 1327,1928 1359,1934 1508,1934 1508,1963 1359,1963 1327,1961 1057,1961 1026,1954 980,1954 940,1952 895,1952 857,1951 801,1951 763,1956 547,1956 516,1945 323,1945 292,1943 212,1943 212,1916"/>
<Baseline points="212,1943 292,1943 323,1945 516,1945 547,1956 763,1956 801,1951 857,1951 895,1952 940,1952 980,1954 1026,1954 1057,1961 1327,1961 1359,1963 1508,1963"/>
<TextEquiv><Unicode>losen historischen Untersuchung und für die wirthschaftenden Menschen</Unicode></TextEquiv>
</TextLine>

<TextLine id="line_33">
<Coords points="211,1967 379,1967 419,1969 462,1969 485,1969 536,1969 555,1971 660,1971 697,1973 751,1973 772,1975 818,1975 837,1976 1003,1976 1022,1979 1068,1979 1095,1980 1143,1980 1161,1982 1241,1982 1275,1984 1344,1984 1371,1986 1417,1986 1445,1988 1508,1988 1508,2015 1445,2015 1417,2013 1371,2013 1344,2012 1275,2012 1241,2015 1161,2015 1143,2008 1095,2008 1068,2006 1022,2006 1003,2005 837,2005 818,2001 772,2001 751,2000 697,2000 660,2005 555,2005 536,1996 485,1996 462,1996 419,1996 379,1996 211,1996 211,1967"/>
<Baseline points="211,1996 379,1996 419,1996 462,1996 485,1996 536,1996 555,2005 660,2005 697,2000 751,2000 772,2001 818,2001 837,2005 1003,2005 1022,2006 1068,2006 1095,2008 1143,2008 1161,2015 1241,2015 1275,2012 1344,2012 1371,2013 1417,2013 1445,2015 1508,2015"/>
<TextEquiv><Unicode>irrelevant. Ob der Boden, den ein Landwirth für ein Jahr, oder für eine</Unicode></TextEquiv>
</TextLine>

<TextLine id="line_34">
<Coords points="211,2017 304,2017 325,2026 381,2026 401,2020 510,2020 530,2021 656,2021 677,2023 755,2023 775,2025 997,2025 1016,2036 1065,2036 1080,2029 1416,2029 1435,2037 1507,2037 1507,2064 1435,2064 1416,2069 1080,2069 1065,2055 1016,2055 997,2055 775,2055 755,2050 677,2050 656,2059 530,2059 510,2048 401,2048 381,2045 325,2045 304,2045 211,2045 211,2017"/>
<Baseline points="211,2045 304,2045 325,2045 381,2045 401,2048 510,2048 530,2059 656,2059 677,2050 755,2050 775,2055 997,2055 1016,2055 1065,2055 1080,2069 1416,2069 1435,2064 1507,2064"/>
<TextEquiv><Unicode>Reihe von Jahren pachtet, seine Fruchtbarkeit aus Capitalaufwendungen aller</Unicode></TextEquiv>
</TextLine>

<TextLine id="line_35">
<Coords points="207,2066 264,2066 272,2067 418,2067 440,2069 509,2069 530,2078 587,2078 607,2072 779,2072 798,2075 944,2075 963,2084 1036,2084 1059,2079 1199,2079 1220,2082 1320,2082 1339,2086 1430,2086 1450,2087 1506,2087 1506,2114 1450,2114 1430,2120 1339,2120 1320,2110 1220,2110 1199,2108 1059,2108 1036,2111 963,2111 944,2103 798,2103 779,2101 607,2101 587,2098 530,2098 509,2096 440,2096 418,2102 272,2102 264,2093 207,2093 207,2066"/>
<Baseline points="207,2093 264,2093 272,2102 418,2102 440,2096 509,2096 530,2098 587,2098 607,2101 779,2101 798,2103 944,2103 963,2111 1036,2111 1059,2108 1199,2108 1220,2110 1320,2110 1339,2120 1430,2120 1450,2114 1506,2114"/>
<TextEquiv><Unicode>Art herleitet, oder von vornherein fruchtbar war, kümmert diesen wenig und</Unicode></TextEquiv>
</TextLine>

<TextLine id="line_36">
<Coords points="210,2118 262,2118 288,2119 394,2119 413,2120 538,2120 556,2122 607,2122 636,2122 691,2122 710,2124 799,2124 830,2126 884,2126 913,2136 943,2136 971,2129 1017,2129 1045,2129 1090,2129 1109,2131 1371,2131 1390,2137 1506,2137 1506,2166 1390,2166 1371,2171 1109,2171 1090,2158 1045,2158 1017,2156 971,2156 943,2154 913,2154 884,2153 830,2153 799,2158 710,2158 691,2150 636,2150 607,2149 556,2149 538,2157 413,2157 394,2147 288,2147 262,2146 210,2146 210,2118"/>
<Baseline points="210,2146 262,2146 288,2147 394,2147 413,2157 538,2157 556,2149 607,2149 636,2150 691,2150 710,2158 799,2158 830,2153 884,2153 913,2154 943,2154 971,2156 1017,2156 1045,2158 1090,2158 1109,2171 1371,2171 1390,2166 1506,2166"/>
<TextEquiv><Unicode>hat keinen Einfluss auf den Preis, den er für die Bodenbenützung bezahlt</Unicode></TextEquiv>
</TextLine>

<TextLine id="line_37">
<Coords points="206,2168 264,2168 284,2168 336,2168 355,2169 465,2169 486,2170 566,2170 586,2172 799,2172 827,2176 925,2176 955,2178 1002,2178 1030,2179 1135,2179 1155,2181 1252,2181 1271,2185 1345,2185 1366,2186 1413,2186 1434,2188 1504,2188 1504,2222 1434,2222 1413,2214 1366,2214 1345,2212 1271,2212 1252,2210 1155,2210 1135,2207 1030,2207 1002,2206 955,2206 925,2211 827,2211 799,2202 586,2202 566,2198 486,2198 465,2197 355,2197 336,2196 284,2196 264,2196 206,2196 206,2168"/>
<Baseline points="206,2196 264,2196 284,2196 336,2196 355,2197 465,2197 486,2198 566,2198 586,2202 799,2202 827,2211 925,2211 955,2206 1002,2206 1030,2207 1135,2207 1155,2210 1252,2210 1271,2212 1345,2212 1366,2214 1413,2214 1434,2222 1504,2222"/>
<TextEquiv><Unicode>und der Käufer eines Grundstückes bringt bei seinem Calcül wohl die „Zu-</Unicode></TextEquiv>
</TextLine>

<TextLine id="line_38">
<Coords points="207,2219 317,2219 340,2219 420,2219 440,2221 510,2221 532,2221 581,2221 605,2223 850,2223 873,2226 923,2226 943,2228 1152,2228 1170,2231 1201,2231 1220,2233 1383,2233 1383,2269 1220,2269 1201,2258 1170,2258 1152,2257 943,2257 923,2254 873,2254 850,2258 605,2258 581,2249 532,2249 510,2248 440,2248 420,2247 340,2247 317,2253 207,2253 207,2219"/>
<Baseline points="207,2253 317,2253 340,2247 420,2247 440,2248 510,2248 532,2249 581,2249 605,2258 850,2258 873,2254 923,2254 943,2257 1152,2257 1170,2258 1201,2258 1220,2269 1383,2269"/>
<TextEquiv><Unicode>kunft,“ nicht aber die „Vergangnheit“ des Grundstückes in Rechnung.</Unicode></TextEquiv>
</TextLine>

<TextLine id="line_39">
<Coords points="362,2269 526,2269 544,2279 550,2279 575,2272 737,2272 757,2274 790,2274 806,2276 838,2276 856,2275 898,2275 920,2276 1003,2276 1022,2279 1040,2279 1059,2278 1116,2278 1134,2279 1182,2279 1182,2309 1134,2309 1116,2307 1059,2307 1040,2305 1022,2305 1003,2312 920,2312 898,2310 856,2310 838,2303 806,2303 790,2302 757,2302 737,2309 575,2309 550,2297 544,2297 526,2297 362,2297 362,2269"/>
<Baseline points="362,2297 526,2297 544,2297 550,2297 575,2309 737,2309 757,2302 790,2302 806,2303 838,2303 856,2310 898,2310 920,2312 1003,2312 1022,2305 1040,2305 1059,2307 1116,2307 1134,2309 1182,2309"/>
<TextEquiv><Unicode>Ricardo: Principles of P. E., Chap. 2 und 33.</Unicode></TextEquiv>
</TextLine>

<TextLine id="line_40">
<Coords points="366,2319 430,2319 443,2320 520,2320 529,2321 675,2321 687,2323 799,2323 809,2324 906,2324 916,2334 951,2334 966,2336 992,2336 1003,2328 1175,2328 1176,2330 1219,2330 1231,2331 1288,2331 1302,2333 1383,2333 1396,2333 1424,2333 1437,2336 1454,2336 1472,2337 1500,2337 1500,2364 1472,2364 1454,2362 1437,2362 1424,2363 1396,2363 1383,2369 1302,2369 1288,2365 1231,2365 1219,2365 1176,2365 1175,2358 1003,2358 992,2357 966,2357 951,2354 916,2354 906,2354 809,2354 799,2352 687,2352 675,2351 529,2351 520,2348 443,2348 430,2353 366,2353 366,2319"/>
<Baseline points="366,2353 430,2353 443,2348 520,2348 529,2351 675,2351 687,2352 799,2352 809,2354 906,2354 916,2354 951,2354 966,2357 992,2357 1003,2358 1175,2358 1176,2365 1219,2365 1231,2365 1288,2365 1302,2369 1383,2369 1396,2363 1424,2363 1437,2362 1454,2362 1472,2364 1500,2364"/>
<TextEquiv><Unicode>Vgl. Rodbertus: Sociale Briefe an v. Kirchmann, 3. Br., 1851, S. 9 ff.</Unicode></TextEquiv>
</TextLine>

</TextRegion>
</Page>
</PcGts>