1600 2608
301 220 1096 269 a) keinen Bedarf an der Waare haben,
301 278 1492 324 b) aus rechtlichen, oder physischen Gründen an dem Ein-
192 336 902 377 tausche der Waare verhindert sind,
304 395 1495 443 c) keine Kenntniss von der ihnen dargebotenen Tausch-
195 453 951 501 gelegenheit haben, und endlich an
304 509 1497 559 d) alle jene, für welche Quantitäten der in Rede stehenden
197 568 1499 614 Waare nicht das Aequivalent einer grössern Quantität des im
196 627 1495 674 Austausche dagegen zu bietenden Gutes sind, als dies beim Be-
198 686 802 727 sitzer der Waare der Fall ist.
307 744 1505 790 Fassen wir nun die Kreise von Personen ins Auge, auf
199 794 1504 849 welche sich die Absatzfähigkeit der verschiedenen Waaren be-
201 861 1508 907 schränkt, so bietet sich uns das Bild der grössten Verschieden-
202 918 1510 963 heit dar. Man vergleiche nur den Kreis von Personen, an welchen
205 976 1511 1022 Brod und Fleisch, und jenen, an welchen astronomische Instru-
203 1033 1509 1080 mente, den Kreis von Personen, an welchen Wein und Tabak,
204 1090 1508 1140 und jenen, an welchen Sanskritwerke Absatz finden können. Die
204 1145 1513 1199 gleiche Wahrnehmung kann in fast noch auffälligerer Weise bei
210 1203 1513 1253 den verschiedenen Species von Waaren derselben Gattung und
206 1261 1515 1312 Art gemacht werden. Unsere Optiker halten Brillen für alle
209 1317 1516 1366 Grade der Weitsichtigkeit und Kurzsichtigkeit zum Austausche
189 141 247 169 234
513 134 1167 170 Ueber die Absatzfähigkeit der Waaren.
367 1400 1510 1436 Hier sind insbesondere die Beschränkungen zu erwähnen, welche
210 1449 1513 1488 durch Luxus- und Sicherheitspolizei-Gesetze für die Absatzfähigkeit der
210 1500 1515 1538 Waaren entstehen. Im Mittelalter war beispielsweise in vielen Ländern die
212 1550 1517 1590 Absatzfähigkeit von Sammet auf die dem Ritterstande und dem Clerus an-
214 1600 1516 1643 gehörigen Personen, und die Absatzfähigkeit von Waffen ist in manchen
213 1650 1518 1689 Ländern noch heutzutage auf solche Personen beschränkt, welche die behörd-
219 1703 1014 1741 liche Bewilligung zum Besitze derselben haben.
396 1749 1523 1790 Waaren, welche wenig gekannt sind („unbekannte Artikel“), haben
220 1801 1521 1837 schon aus diesem Grunde einen sehr engen Kreis von Abnehmern. Die Pro-
224 1852 1527 1893 ducenten pflegen daher ihre Waaren nicht selten mit grossen ökonomischen
224 1904 1527 1946 Opfern „bekannt“ zu machen, um den Kreis von Personen, auf welche sich
217 1953 1526 1992 die Absatzfähigkeit derselben erstreckt, zu erweitern. Hierin liegt auch die
218 2006 1524 2042 volkswirthschaftliche Bedeutung der öffentlichen Ankündigungen, Inserate,
220 2062 450 2090 Reclamen etc.
417 2108 1530 2145 Durch die Entwickelung der Bedürfnisse und den steigenden Wohl-
230 2160 1531 2195 stand eines Volkes wird die Absatzfähigkeit der Waaren im Allgemeinen
223 2210 1530 2256 bedeutend erhöht, rücksichtlich einiger Waaren allerdings auch vermindert.
218 2259 1525 2296 Manche Waare, welche in einem armen Lande leicht abgesetzt werden
219 2301 1552 2348 kann, ist in demselben, sobald es zur wirthschaftlichen Blüthe gelangt ist,
223 2360 876 2401 geradezu unanbringlich (Vgl. S. 223 ff).
