1600 2608
173 222 1456 267 Charakter der Güter, das ist aus dem oben dargelegten Ver-
171 279 1455 324 hältnisse zwischen Bedarf und verfügbarer Gütermenge . Der
174 338 1454 382 Unterschied zwischen beiden Erscheinungen liegt aber darin, dass
173 394 1458 439 die Erkenntniss jenes Quantitäten-Verhältnisses einerseits unsere
175 451 1459 498 vorsorgliche Thätigkeit anregt, und somit die Güter, welche in
359 139 1278 175 Ueber das Wesen und den Ursprung des Güterwerthes.
176 147 213 171 80
174 589 1462 629 qualität der Dinge bezeichne und durch Realisirung der Vermögensrechtsord-
174 640 1469 679 nung zur concreten Erscheinunggelange.“ Der eigenthümliche Standpunkt Rösler’s
183 689 1470 724 ist aus dem Obigen ersichtlich und zugleich der Fortschritt, welcher in seiner
176 739 1471 776 Auffassung liegt, in dem er den Kreis der Werthobjecte richtig begränzt und
178 789 1471 823 die Nützlichkeit vom Werthe der Güter streng scheidet. Nicht einverstanden
189 839 1472 881 kann ich mich dagegen damit erklären, dass Rösler die Vermögensqualität
184 890 1471 925 eines Gutes, welche eben so wohl die Folge des oben dargelegten Quan-
182 939 1470 977 titätenverhältnisses, als der Werth ist, zum Principe des letztern macht; auch
181 989 1466 1024 scheint mir bedenklich, dass Rösler den Begriff der Vermögensqualität der Juris-
178 1039 1471 1078 prudenz entlehnt. (S.295, 302 ff. vgl. auch Ch. Schlözer Anfangsg. I. §. 15). Der Werth
180 1088 1472 1125 der Güter ist, gleichwie der ökonomische Charakter derselben, unabhängig von
182 1139 1468 1173 der menschlichen Wirthschaft in ihrer socialen Erscheinung, unabhängig auch von
181 1189 1463 1229 der Rechtsordnung, ja von dem Bestande der Gesellschaft. Er ist auch in der isolirten
182 1240 1467 1273 Wirthschaft zu beobachten und kann demnach nicht in der Rechtsordnung wurzeln.
177 1288 1465 1328 Von ältern Versuchen, den allgemeinen Begriff des Werthes festzustellen,
178 1338 1465 1381 seien hier jene Montanari’s, † 1687, (della Moneta III, S. 43, p. a. der
180 1387 1463 1432 ed. Custodi), Turgot’s (Valeurs et monnaies, S. 79 ff., ed. Daire), Con-
183 1438 1466 1481 dillac’s (Le commerce et le gouvernement 1776, S. 151 ff., ed. Daire), Gar-
182 1487 1464 1530 nier’s (S. 5 der Vorrede zu seiner Uebersetzung A. Smith’s), Storch’s
181 1537 1465 1582 (Cours d’économ. polit. 1815, I, S. 56 ff.) erwähnt. Zumal ist es Condillac,
184 1587 1467 1628 dessen Begriffsbestimmung des Werthes keine geringe Aehnlichkeit mit ein-
183 1638 1243 1676 zelnen neuern Entwickelungen dieser Lehre in Deutschland hat.
344 1685 1470 1726 Mit den Versuchen, den Unterschied zwischen den ökonomischen
185 1735 1471 1770 und den nicht ökonomischen Gütern darauf zurückzuführen, dass die erstern
187 1784 1471 1825 Arbeitsproducte seien, die letztern aber „freiwillige Gaben der Natur,“ die
179 1832 1472 1875 erstern sich uns als Objecte des Tauschverkehres darstellen, die letztern aber
185 1884 1470 1923 nicht, haben wir uns in dem vorigen Capitel eines weitern beschäftigt,
186 1933 1472 1972 und sind hiebei zum Resultate gelangt, dass der ökonomische Charakter der
192 1983 1471 2023 Güter von den beiden obigen Momenten unabhängig ist. Ein Gleiches gilt von
191 2034 1471 2073 dem Werthe. Derselbe ist, gleich wie der ökonomische Charakter der Güter,
194 2084 1475 2123 die Folge des mehrerwähnten Verhältnisses zwischen Bedarf und verfügbarer
190 2132 1475 2172 Quantität der Güter, und die gleichen Gründe, welche dagegen sprechen, dass
191 2182 1475 2222 die ökonomischen Güter als „Arbeitsproducte“, beziehungsweise als „Verkehrs-
189 2233 1475 2275 güter“ definirt werden, schliessen die diesbezüglichen Kriterien auch überall
199 2282 1476 2321 dort aus, wo es sich um die Unterscheidung der Güter handelt, welche für
192 2333 1169 2374 uns Werth haben, und jener, die keinen solchen aufweisen.
