1600 2608
405 154 1414 187 Die Gesetze, nach welchen sich der Werth der Güter regelt.
230 249 1565 301 sichtliche Preis des Productes die Grundlage der Berechnung
231 293 1524 365 bildet, so findet diese Erscheinung in dem obigen ihre Er-
224 360 384 419 klärung.
341 422 1524 467 Der Process der Umgestaltung von Gütern höherer Ord-
233 479 1525 525 nung in solche niederer Ordnung, beziehungsweise in Güter erster
236 538 1525 584 Ordnung, soll er anders ein ökonomischer sein, ist ferner unter
232 595 1525 640 allen Umständen dadurch bedingt, dass ein wirthschaftendes
234 652 1524 699 Subject denselben vorbereite und in ökonomischem Sinne leite,
236 709 1526 753 also die ökonomischen Berechnungen, von welchen wir oben
234 765 1524 813 sprachen, anstelle und die Güter höherer Ordnung, einschliesslich
232 822 1524 866 der technischen Arbeitsleistungen, dem Processe thatsächlich zu-
234 880 1524 927 führe, oder zuführen lasse. Diese sogenannte Unternehmerthätig-
233 936 1525 984 keit, welche in den Anfängen der Cultur und auch später noch
242 157 294 184 136
231 1017 1525 1054 verfügt und dieselbe sich sofort verfügbar machen will. Ist die Absicht des
233 1067 1525 1101 Besitzers von Gütern höherer Ordnung wohl darauf gerichtet, dieselben an
233 1118 1524 1153 eine dritte Person zu übertragen, begnügt er sich aber damit, dass ihm
234 1169 1523 1206 das Entgelt erst nach Beendigung des Productionsprocesses geleistet werde,
231 1219 1524 1254 so entfällt naturgemäss dies „Escomptiren“ und wir können denn auch in der
230 1267 1525 1303 That beobachten, dass der Preis von Gütern, welche auf Credit gegeben
231 1317 1525 1356 werden, (ganz abgesehen von der Gefahrprämie,) um so höher ist, je ferner
232 1368 1525 1403 der vereinbarte Zahlungstermin liegt. In dem Obigen liegt aber auch zugleich
232 1418 1524 1454 die Erklärung der grossen Förderung der productiven Thätigkeit eines Volkes
233 1469 1523 1504 durch den Credit. In der weitaus grössern Mehrzahl von Fällen bestehen
232 1520 1523 1558 Creditgeschäfte in der Hingabe vou Gütern höherer Ordnung an diejenigen,
233 1569 1522 1604 welche dieselben zu den entsprechenden Gütern niederer Ordnung verarbeiten.
232 1618 1522 1653 Durch den Credit wird die Production, oder doch der umfangreichere Betrieb,
235 1666 1523 1704 sehr oft erst ermöglicht, und daher die verderbliche Stockung und Beschränkung
233 1716 1523 1756 der Productiven Thätigkeit eines Volkes, wenn der Credit desselben plötzlich
234 1771 372 1805 versiegt.
393 1814 1524 1853 Je länger der Zeitraum ist, welchen eine Production in Anspruch
231 1864 1523 1903 nimmt, um so höher ist allerdings unter sonst gleichen Umständen die Pro-
237 1912 1523 1951 ductivität derselben, um so grösser aber auch der Werth der Capital-
233 1961 1524 2003 benützung, so zwar, dass sich der Werth von Gütern höherer Ordnung, welche
231 2011 1523 2046 für Productionen von sehr verschiedener Dauer in Gebrauch gezogen werden
230 2062 1523 2104 können und uns je nach unserer Wahl Genussmittel von verschiedenem
233 2112 1522 2149 Werthe in verschiedenen Zeiträumen sichern, mit Rücksicht auf die Gegenwart
230 2167 624 2202 ins Gleichgewicht stellt.
412 2212 1524 2249 Es ist bereits mehrfach die Frage aufgeworfen worden, welche
233 2262 1526 2298 Functionen zur Unternehmerthätigkeit gehören. Hier ist nun zunächst
231 2312 1525 2351 im Auge zu behalten, dass zu den Gütern höherer Ordnung, über welche ein
230 2362 1524 2398 Unternehmer zum Zwecke einer bestimmten Production verfügt, nicht selten
