1600 2608
298 129 1315 174 Die Gesetze, nach welchen sich der Werth der Güter regelt.
296 210 1487 266 Von der Verfügung über Quantitäten ökonomischer Güter
190 268 1488 321 innerhalb bestimmter Zeiträume (von Capitalnutzungen) ist dem-
189 327 1487 378 nach die mehr oder minder vollständige Befriedigung unserer
190 382 1491 436 Bedürfnisse nicht minder abhängig, als von unserer Verfügung
190 439 1490 494 über andere ökonomische Güter, und dieselben werden demnach
195 498 1493 561 Objecte unserer Werthschätzung, und wie wir in der Folge sehen
192 558 1182 615 werden, auch Objecte des menschlichen Verkehres.
193 660 1491 712 c) Ueber den Werth der complementären Quantitäten von Gütern höherer
766 714 908 747 Ordnung.
300 771 1491 821 Um Güter höherer Ordnung in solche niederer Ordnung
197 828 1490 888 umzugestalten, ist der Ablauf eines gewissen Zeitraumes, also
195 885 1492 938 überall dort, wo es sich um Hervorbringung ökonomischer Güter
196 946 1492 998 handelt, die Verfügung über Capitalnutzungen von
196 999 1492 1048 bestimmter Zeitdauer erforderlich. Diese letztere ist
194 1056 1491 1115 je nach der Natur der Productionsprocesse verschieden und, mit
1432 126 1485 153 133
354 1147 1491 1193 Wenn von einigen Nationalökonomen die Zinszahlung als eine Ent-
198 1196 1490 1245 schädigung für die Enthaltsamkeit des Capitalbesitzers hingestellt wird, so
196 1247 1489 1295 ist dagegen zu bemerken, dass die Enthaltsamkeit einer Person an und für
197 1298 1490 1343 sich nicht die Güterqualität und demnach auch nicht Werth für uns erlangen
200 1349 1489 1393 kann. Auch entsteht das Capital durchaus nicht in allen Fällen durch Ent-
196 1398 1489 1443 haltsamkeit, sondern in vielen Fällen (z. B. überall dort, wo bisher nicht-
197 1450 1489 1492 ökonomische Güter höherer Ordnung durch den wachsenden Bedarf der Ge-
196 1500 1490 1542 sellschaft den ökonomischen Charakter erlangen) durch blosse Occupation. Die
196 1552 1490 1597 Zinszahlung ist demnach nicht als Entschädigung des Capitalbesitzers für
196 1603 1491 1643 seine Enthaltsamkeit zu betrachten, sondern nichts anderes, als der Eintausch
202 1654 1490 1698 eines ökonomischen Gutes (der Capitalbenützung) gegen ein anderes, (z. B.
198 1704 1492 1749 gegen Geld). Allerdings verfällt Carey (Socialwissenschaft, XXXIX, §. 6)
197 1753 1490 1796 in den entgegengesetzten Irrthum, wenn er der Sparsamkeit eine der Capi-
198 1808 1080 1846 talerzeugung geradezu feindliche Tendenz zuschreibt.
368 1853 1493 1894 Als Güter höherer Ordnung sind nicht nur die technischen Produc-
196 1905 1494 1946 tionsmittel zu betrachten, sondern überhaupt alle Güter, welche erst durch
198 1957 1493 1998 die Verbindung mit andern Gütern höherer Ordnung der Befriedigung mensch-
196 2008 1493 2049 licher Bedürfnisse zugeführt werden. Die Waaren, welche der Grosshändler
196 2058 1493 2098 nur mit Aufwendung von Capitalnutzungen, Frachten und verschiedenen speci-
197 2111 1493 2150 fischen Arbeitsleistungen in die Hände der Detailhändler gelangen lassen
197 2161 1495 2200 kann, sind als Güter höherer Ordnung zu betrachten, und eben so die Waa-
197 2213 1496 2251 ren, welche sich in den Händen des Krämers befinden. Selbst der Speculant
198 2262 1496 2303 fügt den Objecten seiner Speculation zum mindesten seine Unternehmerthätig-
198 2313 1494 2354 keit und Capitalnutzungen hinzu, nicht selten auch Conservirungsarbeiten,
198 2361 1493 2405 Magazinsbenutzungen u. dgl. m. (Vgl. Hermann: Staatsw. Unters., 1832, S. 62.)
