1600 2646
144 223 1421 310 Burg gehoͤrigen Leute nicht, und wenn ſie jaͤhrlich auf der
143 295 1417 376 Hofſprache  welche die Herrſchaft damals noch mit ihrer
144 367 1416 444 Gegenwart zu beehren pflegte, tanzte, ſo haͤtte man ſchwoͤren
147 431 1418 500 ſollen, es ſey niemals ein Holzſchuh an ihre Fuͤße gekommen.
146 510 1416 572 Ihre Stimme war ſo rein und klingend, daß man es allemal
146 565 1352 634 auf der Burg hoͤren konnte, wenn ſie unten im Sundern
147 623 1415 693 mit den Nachtigallen wetteiferte; und die Hausarbeit gieng
147 678 1415 799 ihr ſo leicht von der Hand, daß der guten Mutter das Herz
147 745 1346 830 lachte, wenn ſie ihr liebes Kind die Droͤſche wenden ſah.
202 864 1424 940 Lange hatte der Sohn des alten Burgherrn, ein junger
145 935 1422 1009 Herr, der jetzt die Jahre der Knapſchaft angetreten hatte,
150 986 1428 1060 und mit Vergnuͤgen der Zeit entgegen ſahe, da er auf
143 1064 1417 1131 Ebentheuer reiſen ſollte, die ſchoͤne Sylika, ſo war der Name
148 1118 1419 1215 der Dirne, insgeheim bewundert, und manchen Abend das
143 1178 1422 1259 Fenſter in dem dicken Thurm auf der Burg geoͤfnet, um ſich
149 1248 1424 1341 an ihrer Stimme bey ſtiller Abendzeit zu ergetzen. Oft hatte
144 1301 1424 1395 er ſchon ſeiner gnaͤdigen Frau Mutter angelegen, ſie zu ſich
146 1362 1422 1462 auf die Burg zu nehmen, und im Perlenſticken und Haarflech-
147 1425 1421 1518 ten unterweiſen zu laſſen, und dermaleinſt ein geſchicktes Hof-
146 1490 1422 1576 maͤdgen, denn der Tittel Cammerjungfer war derozeit noch
148 1568 1424 1648 nicht uͤblich, daraus zu erziehen. Allein da die Eltern ihr
147 1619 1416 1702 einziges Kind nicht gern miſſen, und noch weniger die An-
146 1708 1403 1768 erbin ihres Hofes zu falſchen Hoffnungen und gewiſſen Thor-
146 1775 1420 1839 heiten verwoͤhnet haben wollten: ſo hatte der alte Burgherr,
146 1839 1422 1903 ein Mann, der zwar manchen Bieder mann ritterlich erſchla-
143 1901 1428 1966 gen, und manchen Buͤrger gebrandſchatzet, doch niemals ei-
466 100 1090 212 Eine lehrreiche Geſchichte.
1313 113 1414 177 493
1324 1980 1426 2021 nem
255 2057 1425 2150 So wird der Verſamlungstag der hofhoͤrigen Leute im Stifte
279 2144 669 2193 Oßnabruͤck genannt.
253 2227 1420 2283 Sundern iſt ein betraͤchtliches Gehoͤlz, was in Abſicht der
279 2285 1419 2343 Viehweide offen oder gemein, aber was das Holz betrift,
277 2342 1239 2397 davon geſondert oder einem Herrn zuſtaͤndig iſt.
