1600 2515
779 1962 860 2008 § 2.
379 2033 1256 2078 2. Der einzelne Menſch und ſein Lebenskreis.
323 2112 1413 2162 Jeder zum Daſein gekommene Menſch hat einen Lebens-
232 2174 1414 2223 zweck, und zwar ſeinen eigenen. Keiner iſt blos wegen
785 146 804 177 5
202 237 1388 279 Rückſicht auf ihre etwaige verſchiedene Abſtammung und auf ihre ſonſtigen
201 285 1389 327 Organiſationen, wo denn Volk lediglich das Subjekt des Staates iſt und
202 334 1081 374 nicht abgeſondert von demſelben betrachtet werden kann.
346 381 1390 421 Allerdings weichen die Auffaſſungen anderer Schriftſteller von der
203 416 1390 470 vorſtehenden Aufzählung der verſchiedenen Lebenskreiſe ab. So ſtellt z. B.
203 475 1389 517 Ahrens in ſeiner organiſchen Staatslehre (Wien, 1850) zwei parallele
205 526 591 564 Entwickelungsreihen auf:
436 573 574 611 Einzelner
437 620 548 659 Familie
436 669 578 701 Gemeinde
439 718 506 749 Volk
438 766 620 796 Völkerverein
438 814 705 852 Menſchheitsverein
929 575 1057 614 Religion
929 623 1086 662 Sittlichkeit
931 672 1108 709 Wiſſenſchaft
928 719 1078 758 Erziehung
930 815 1067 853 Induſtrie
935 864 1013 901 Recht
208 911 1395 952 Zur Erreichung der Menſchheitszwecke ſei denn aber eine Vereinigung beider
210 958 1394 998 Reihen und eine gegenſeitige Durchdringung derſelben nöthig. — G. Ricci
211 1007 1394 1046 dagegen nimmt in ſeiner Schrift Del Municipio (Livorno, 1847) ſieben
214 1055 1395 1095 „Einheiten“ als Entwickelungsſtufen an; und zwar die Patriziſche Familie;
211 1104 1395 1142 den Stamm; die Kaſte; die Corporationen; die Lehre; den Bezirk; die Ge-
212 1152 1396 1191 meinde. — Es iſt aber unmöglich, hiermit einverſtanden zu ſein. Was
213 1200 1397 1239 Ahrens betrifft, ſo fallen vor Allem einige offenbare Mißgriffe auf; ſo
213 1249 1397 1288 namentlich die Auffaſſung der Gemeinde als eine Steigerung der Familie,
213 1297 1399 1337 während ſie ein geſellſchaftlicher Kreis mit bedeutender ſtaatlicher Einwirkung
216 1344 1399 1384 iſt; ferner die Trennung des Völker- und des Menſchheitsvereines, welche
215 1393 1400 1432 doch offenbar daſſelbe ſind; endlich die Aufſtellung von Erziehung und
216 1440 1401 1480 Induſtrie als beſondere Lebensaufgaben, obgleich ſie nur Mittel, nicht Zwecke
217 1488 1402 1528 ſind. Sodann aber iſt die ganze Auffaſſung in ſo ferne eine weſentlich
217 1536 1403 1576 verfehlte, als ſie die Geſellſchaft ganz ausläßt, und deren verſchiedene mög-
220 1584 1405 1626 liche Mittelpunkte den übrigen Geſtaltungen des menſchlichen Zuſammen-
222 1632 1404 1674 lebens als Aufgaben zuweiſt. Die Aufzählung Ricci’s dagegen iſt theils
221 1680 1406 1722 unlogiſch, weil die von ihm angeführten Zuſtände ganz verſchiedenen Ideen-
222 1729 1407 1770 reihen angehören; theils unvollſtändig, weil die erfahrungsgemäß vorhan-
224 1777 1407 1818 denen Kreiſe des menſchlichen Zuſammenlebens durch die von ihm ange-
225 1827 789 1867 führten lange nicht erſchöpft werden.
