1600 2515
767 1911 869 1954 § 22.
348 1942 1285 2018 12. Von Aenderung und Untergang der Staaten.
327 2051 1402 2102 Es kann ſich begeben, daß der Staat ſeinem Zwecke, alſo
230 2112 1401 2164 der Förderung der concreten Lebensaufgabe des Volkes, nicht
232 2174 1171 2226 entſpricht. Und zwar ſind hier vier Fälle möglich:
796 167 861 200 158
244 257 1415 302 Allgemeinen auf öffentliche Angelegenheiten anwendbare Macht von der ge-
243 297 1415 346 meinen Meinung als unverträglich mit Staat, Geſetz und Recht betrachtet und
244 352 1415 395 nimmermehr geduldet wird. Wenn Parteien in Geheimbündelei, Eidesleiſtung
244 400 1416 446 und regelmäßigen Verkehr ausarten, dann ſind ſie Verſchwörungen oder
243 434 1414 490 Kindereien, nicht aber natürliche Geſtaltungen eines geſunden ſtaatlichen
245 503 353 533 Lebens.
369 542 1412 587 Sehr belehrend hinſichtlich der Folgen einer größeren oder kleineren
242 590 1412 638 ſtaatlichen Ausbildung iſt eine Vergleichung des Benehmens engliſcher Par-
243 638 1412 678 teien und des von den deutſchen Liberalen nach der Bewegung von 1848 be-
244 685 1412 732 folgten. Während jene, wenn ſie durch Erlangung der Mehrheit im Parliamente
244 732 1412 776 an das Ruder gekommen ſind, die Uebernahme der Regierung durch die
242 780 1411 824 bedeutendſten Männer aus ihrer Mitte als ihren eigenen Triumph betrachten
247 828 1410 872 und nun dem beſtehenden Miniſterium treu zur Stütze dienen: wendete ſich
244 875 1409 922 die deutſche conſtitutionelle Partei alsbald von ihren bisherigen Stimm-
245 923 1409 971 führern ab, als dieſe, und mit ihnen die bisher angeſtrebten Maßregeln,
242 970 1409 1014 unerwartet den Sieg errungen hatten. Miniſteriell zu ſein und zu heißen,
243 1014 1409 1066 erſchien ihnen ein Vorwurf, ohne Rückſicht darauf, wer die Miniſter waren
242 1065 1408 1110 und was ſie thaten. Bei ſo geringer Einſicht mag man wohl zu einem
241 1114 1410 1161 beſtändigen ohnmächtigen Bekritteln von Regierungsmaßregeln, niemals aber
241 1164 1116 1209 zur eigenen Handhabung der Staatsgewalt befähigt ſein.
372 1209 1407 1254 Parteien auf rein ſtaatlicher Grundlage waren oder ſind z. B. die
240 1257 1406 1304 Whigs, Tories und Radicalen in England, die Hüte und Mützen in Schwe-
238 1307 1405 1347 den, die Conſervativen, Liberalen und Republikaner auf dem ganzen euro-
238 1351 1406 1398 päiſchen Feſtlande, die Republikaner und Demokraten in Nordamerika. Parteien
238 1400 1406 1444 mit religiöſer Färbung: Guelfen und Ghibellinen; die Puritaner und Inde-
237 1447 1404 1493 pendenten; die Hugenotten und Liguiſten; die Geuſen und die Spaniſch-
237 1493 1408 1541 geſinnten. Parteien auf geſellſchaftlicher Grundlage: Patrizier und Plebejer
236 1543 1405 1586 in Rom; die Geſchlechter und die Zünfte der deutſchen und italieniſchen Städte;
236 1589 1406 1634 die Normannen und die Angelſachſen nach Wilhelm dem Eroberer; die
237 1640 1405 1681 Weißen und die Farbigen in den Antillen. Bedeutſame Verquickungen ver-
236 1684 1406 1728 ſchiedener Grundlagen ſind aber unter Andern in Irland, wo keltiſche
234 1732 1404 1777 Abſtammung und katholiſche Kirche im Gegenſatze mit Sachſenthum und
237 1778 1404 1824 Proteſtantismus ſtehen; oder in Ungarn, wo magyariſche Nationalität mit
229 1831 660 1871 Freiheitsideen ſich verbindet.
