1600 2515
745 1748 859 1793 § 27.
332 1819 1267 1864 5. Eintheilung des philoſophiſchen Staatsrechtes.
314 1901 1385 1948 Die aus dem Weſen des Staates entwickelten Rechts-
219 1961 1386 2011 Grundſätze zerfallen ihrem Gegenſtande und ihrer Bedeutung
217 2024 1386 2072 nach in mehrere Gattungen, deren Verſchiedenheit auch im
218 2087 866 2133 Syſteme berückſichtigt werden muß.
313 2149 1387 2198 Zunächſt nämlich ſind die Lehren entweder allgemeine,
218 2211 1386 2260 das heißt jeden Staat ohne weitere Unterſcheidung der Gattung
762 182 825 215 197
209 274 1379 313 öffentliches Recht keineswegs gleichbedeutende Ausdrücke ſind. Oeffentliches
209 322 1379 363 Recht iſt ein viel weiterer Begriff, als Staatsrecht, indem es alles Recht
208 370 1379 411 in ſich begreift, was nicht lediglich die Verhältniſſe Einzelner, als ſolcher,
209 418 1379 489 betrifft. Es umfaßt alſo außer dem Staatsrechte auch das Völkerrecht und,
212 466 762 505 ohne Zweifel, das Geſellſchaftsrecht.
338 487 1380 555 Es bedarf wohl keines Beweiſes, daß der Satz Bluntſchli’s
211 562 1378 603 (Allg. Staats-R., Bd. I, S. 3,): „die Rechte des Fiscus gehören dem
211 587 1378 654 Privatrechte an, weil der Staat, inſoferne er ein ausſchließendes Vermögen
212 659 1377 699 hat, einer Privatperſon gleich und als Fiscus ſelbſt Privatperſon iſt,“
211 706 1379 746 eine petitio principii iſt. Das iſt ja eben die Frage: ob der Staat
211 754 1379 794 mit ſeinem Eigenthum den Grundſätzen unterworfen ſei, welche Ein-
212 803 1382 842 zelne zu befolgen haben? In der „Ausſchließlichkeit“ des Beſitzes kann der
214 849 1381 894 Grund nicht liegen; denn der Staat beſitzt unzählige Rechte ausſchließlich,
215 898 982 937 welche damit noch nicht in das Privatrecht fallen.
345 946 1382 986 Es iſt unbegreiflich, daß die offenbare Unmöglichkeit, manche Theile
216 996 1382 1035 des Rechtslebens entweder im Staatsrechte oder im Privatrechte mit irgend
216 1043 1382 1083 einer logiſchen Befriedigung unterzubringen, oder auch nur dieſelben auf
217 1091 1382 1131 eine zufriedenſtellende Weiſe unter denſelben zu vertheilen, nicht ſchon längſt
217 1140 1382 1179 auf das Vorhandenſein eines von dieſen beiden Rechtsſphären verſchiedenen
217 1189 1382 1228 Zuſtandes aufmerkſam gemacht hat. Leicht freilich iſt die Sache abgemacht,
217 1237 1383 1276 wenn man mit Held, Syſtem des Verfaſſungsrechtes, Bd. I, S. 18, „alles
217 1285 1383 1325 übrige Recht,“ welches nicht Staatsrecht ſei, als Privatrecht bezeichnet.
218 1333 1384 1372 Damit iſt aber weder ein poſitiver Begriff des Privatrechtes gegeben, noch der
218 1381 1384 1421 Verwirrung vorgebeugt, welche in einer ſo großen und das Verſchiedenartigſte
218 1429 1384 1468 umfaſſenden Maße entſtehen muß. Gar zu domitianiſch iſt die wohl auch
218 1476 1383 1517 ſchon aufgeworfene Frage: ob denn das Geſellſchaftsrecht, falls man ein
218 1524 1384 1564 ſolches zugebe, zum Privat- oder zum Staatsrecht zu rechnen ſei? Darin
219 1572 1384 1613 liegt ja eben das Weſen der Geſellſchaft, daß ſie weder dem Staate noch dem
217 1621 542 1660 Privatleben angehört.
346 1669 1226 1709 Vgl. Held, Syſtem des Verf.-Rechtes, Bd. I, S. 19 fg.
