1600 2515
803 1484 937 1528 § 111.
712 1555 1018 1590 2. Die Quellen.
379 1634 1449 1682 Wenn eine ſtatiſtiſche Schilderung nicht irre führen und
283 1696 1448 1744 Schaden ſtiften ſoll, anſtatt zu belehren und zur Grundlage
281 1759 1446 1806 von Staatshandlungen zu dienen, ſo müſſen ihre Angaben
280 1820 864 1867 wahr und vollſtändig ſein.
374 1883 1443 1933 Die Schwierigkeiten einer ſolchen Erkundung der That-
278 1942 1444 1996 ſachen ſind nun aber groß; theils wegen ihres häufig ſehr
278 2006 1443 2058 bedeutenden Umfanges und ihrer großen Zahl, theils weil
276 2068 1441 2120 nicht ſelten der Forſcher keinen Zutritt zu der vollſtändigen
276 2132 1440 2183 und genauen Wahrheit hat, ſie ihm wohl aus Mißtrauen und
848 112 916 147 736
299 204 1470 248 daher lediglich Sache des Beliebens und der Kenntniſſe, einen ſtatiſtiſchen
299 253 1469 296 Durchſchnitt in einer Geſchichte zu machen, wenn und wo eine ſolche Ge-
299 301 1206 341 ſammtüberſicht über die Zuſtände wünſchenswerth erſcheint.
422 348 1468 391 Die Statiſtik iſt vor Allem dadurch in Mißkredit gekommen, daß
296 396 1467 439 ihre Thatſachen willkührlich und oft vollkommen fälſchlich als Urſache und
297 446 1467 487 Wirkung verbunden worden ſind, oder daß wenigſtens einſeitig Eine Gat-
295 493 1467 536 tung von Thatſachen als Begründung eines Urtheiles und als Rechtferti-
296 541 1467 583 gung einer Forderung aufgeführt wurde, wo in der Wirklichkeit eine große
294 590 1466 630 Anzahl verſchiedener Zuſtände zuſammenwirkten, und ſie alſo ſämmtlich zu
294 637 1465 678 berückſichtigen waren. Dies iſt aber offenbar kein Fehler der Wiſſenſchaft,
294 686 1216 725 ſondern nur ein Vorwurf für die ſie unrichtig Benützenden.
426 733 1465 776 Ueber die Ueberſchätzung der Zahlen und die Unzuläſſigkeit einer
291 783 1464 822 Zurückführung der geſammten Statiſtik auf Thatſachen, welche in Zahlen
292 831 1463 870 ausgedrückt werden können, ſ. meine Geſchichte und Literatur der St.-W.,
291 880 565 917 Bd. III, S. 668.
419 927 1462 968 Wenn in früherer Zeit die geſellſchaftlichen Zuſtände in der Regel
290 976 1462 1015 in der Statiſtik vernachläſſigt wurden und dieſe dadurch leer und formell
290 1023 1461 1064 erſchien: ſo iſt jetzt Gefahr zur Uebertreibung in entgegengeſetzter Richtung.
289 1071 1461 1112 Abgeſehen auch von falſchem Geiſtreichthun in der Schilderung geſellſchaft-
289 1119 1461 1158 licher Zuſtände, iſt es eine Ueberſchätzung derſelben, wenn nur ihnen eine
289 1167 1459 1207 Wichtigkeit für das menſchliche Leben und für die Erreichung ſeiner Zwecke
288 1215 1457 1254 zugeſchrieben, die Einrichtungen und Grundſätze des Staates aber als etwas
287 1263 1457 1303 Gleichgültiges und blos Aeußerliches vernachläſſigt werden. Ein Vorwurf
286 1311 1455 1352 in dieſer Beziehung läßt ſich den ſonſt ſo geiſt- und lehrreichen Arbeiten
285 1359 700 1398 von Riehl nicht erſparen.
