1600 2515
790 177 855 210 148
239 260 1409 309 anerkannten religiöſen Normen ſtehen kann: ſo iſt ſowohl der Geſichtskreis
239 315 1408 371 als die Wirkſamkeit des Geſetzgebers weit geſteckt, nur muß immer ſein
238 363 630 402 Befehl erzwingbar ſein.
364 418 1408 462 Gewöhnlich wird der Unterſchied zwiſchen Verfaſſungsgeſetzen, ein-
237 470 1407 510 fachen Geſetzen und Verordnungen nur bei den repräſentativen Formen des
238 518 1406 558 modernen Rechtsſtaates gemacht. Dieß iſt jedoch irrig. Allerdings tritt
238 566 1406 606 hier die Verſchiedenheit der Befehle ſchon der Form nach beſonders deutlich
235 614 1407 655 hervor, und beſtehen eigene Grundſätze über das Recht zur Erlaſſung dieſer
235 662 1404 701 drei Arten von Geſetzen; allein ein Unterſchied unter den befehlenden Nor-
234 710 1403 750 men liegt in der Natur der Sache und kommt daher bei jeder Staats-
234 757 1405 799 gattung vor, nur mit andern Benennungen und Folgerungen für die
233 806 1405 847 Handhabung. So ſind z. B. in einer Theokratie die heiligen Bücher die
235 854 1403 894 Verfaſſung; die ſpäteren Befehle der Religionshäupter aber die einfachen
233 902 1403 941 Geſetze oder, in tieferer Abſtufung, die Verordnungen. So unterſchied man
235 950 1401 992 in den mittelalterlichen Patrimonialſtaaten ſehr wohl zwiſchen den Landes-
232 996 1402 1037 privilegien, Landesgrundfeſten, Freiheitsbriefen; den einfachen Landtags-
234 1046 1402 1095 abſchieden, Manifeſten und Geſetzen; endlich den Kanzleierlaſſen, Decreten
232 1094 1402 1133 u. ſ. w. — S. über die verſchiedenen Arten von befehlenden Normen
234 1141 1400 1182 mein Staatsrecht des Königreichs Württemberg, 2. Aufl., Bd. I, S. 193 fg.
233 1189 1399 1232 — Schmitthenner, Zwölf Bücher vom St., Bd. III, S. 362 fg. —
232 1212 1400 1294 Stahl, Lehre vom Staate, 3. Aufl., S. 272 fg. — Bluntſchli, Allgem.
231 1285 866 1325 Staatsrecht, 2. Aufl., Bd. I, S. 476 fg.
356 1312 1400 1386 Es iſt ſchwer begreiflich, wie Zachariä, Vierzig Bücher, das
231 1383 1401 1429 Beſtehen eines Gewohnheitsrechtes neben der (geſchriebenen) Geſetzgebung des
231 1435 1399 1482 Staates durch das Fortbeſtehen eines Geſetzgebungsrechtes des Volkes neben
230 1485 1400 1524 dem des Staatsoberhaupres erklären will. Offenbar iſt hier eine völlige
229 1532 1399 1573 Verwechſelung von Begriffen. Recht, d. h. erzwingbare Verpflichtung zu
229 1579 1399 1620 beſtimmten Handlungen, kann aus verſchiedenen Quellen herrühren, und
228 1625 1399 1668 ſo unter Anderem aus Gewohnheit, nämlich aus dem allgemeinen Rechts-
229 1670 1400 1715 bewußtſein des Volkes. Etwas ganz Anderes aber iſt das Recht zur
228 1721 1397 1762 Geſetzgebung, d. h. zum Ausſpruche eines Befehles im Namen des Staates.
228 1768 1398 1821 Dieſes Recht kann nur dem Staatsoberhaupte zuſtehen, ſoll nicht Anarchie
227 1817 361 1855 entſtehen.
298 1839 1396 1917 Ueber Auslegung der Geſetze ſ. namentlich: Zachariä, K. S.,
225 1911 1396 1957 Verſuch einer allgemeinen Hermeneutik des Rechts. Lpz., 1805. — Thibaut,
215 1963 1396 2008 A. F. J., Theorie der logiſchen Auslegung. Alt., 1806. — Mailher,
223 2009 1395 2052 Traité de l’interpretation des lois. Par., 1822. — Savigny, Syſtem
223 2036 1397 2121 des R. R. Bd. I, S. 206 fg. — Günther, C. F., Betrachtungen über
223 2106 791 2148 das Geſetz im Staate. Lpzg., 1842.
350 2149 1394 2199 Ueber die Schranken des Geſetzgebungsrechtes ſ. Vollgraff, K.,
215 2184 1394 2242 Die hiſtoriſch-ſtaatsrechtlichen Grenzen moderner Geſetzgebung. Marbg.,
