1600 2515
155 270 1329 323 neue Aufſtehen hochgeſtellter Familien, welche auf Koſten der
157 332 1330 385 Geſammtheit reich gemacht und begünſtigt werden; das ſich wieder-
156 394 1330 449 holende Erwachen von Factionen, welche ſich um die Ernennung
155 456 1331 510 ihrer Günſtlinge ſtreiten. So wenig verſtändig es nun alſo
157 510 1331 571 auch ſcheinen mag, dem bloßen Zufalle der Geburt die Regie-
157 580 1332 634 rung von Ländern und Völkern zu überlaſſen, und für ſo wenig
158 643 1333 696 würdig man dies auch halten mag: ſo nöthigen doch Erfahrung
158 705 1333 758 und ruhiges Nachdenken zur Bevorzugung dieſer Beſetzung des
159 772 361 820 Thrones 3).
705 1925 809 1971 § 95.
176 1991 1350 2040 β. Die Ordnung des erblichen Fürſtenthums insbeſondere.
273 2072 1352 2128 Der Uebergang der fürſtlichen Gewalt nach Erbrecht iſt
181 2136 1352 2189 ohne Zweifel das richtige Syſtem; allein es bedarf doch das-
181 2197 1351 2250 ſelbe noch einer Reihe von näheren Beſtimmungen zur Siche-
707 179 777 212 619
288 851 1337 897 Hinſichtlich der Zahl der mit der Staatsgewalt Betrauten iſt eine
164 900 1337 943 freie Wahl nur etwa vorhanden: in der Patriarchie, wo ſowohl die Re-
163 948 1337 992 gierung eines Stammeshauptes, als die einer Zahl von Aelteſten, endlich
162 997 1339 1038 vielleicht eine allgemeine Verſammlung möglich iſt; in der Theokratie, wenn
164 1043 1339 1086 das Dogma ein oberſtes Collegium von Prieſtern geſtatten ſollte; endlich
165 1092 1340 1134 in der repräſentativen Demokratie, (ſo weit es ſich von der ausübenden
165 1140 1339 1183 Gewalt handelt,) wo ein Einzelner und eine kleinere oder größere Ver-
166 1188 1340 1232 ſammlung denkbar iſt. In Betreff der Uebertragungsweiſe iſt in
165 1236 1340 1278 der Theokratie, und in der Monarchie, ſowohl des klaſſiſchen als des
165 1282 1341 1324 modernen Staates, und in der Deſpotie eine Wahl zwiſchen mancherlei
166 1336 509 1376 Einrichtungen möglich.
297 1379 1343 1423 Vergleichungen über die Eigenſchaften der Einherrſchaft und der
169 1427 1343 1472 Regierung von Mehreren ſind häufig angeſtellt worden; freilich nicht immer
169 1473 1344 1518 mit Unbefangenheit und ohne vorgefaßte Vorliebe für eine beſtimmte Regie-
169 1522 1343 1568 rungsweiſe. Man ſehe z. B.: Godwin, Political justice, Bd. II, S. 1
170 1570 1344 1616 u. fg.; Lord Brougham, Political philosophy, Bd. III, S. 109 u. fg.;
171 1617 1345 1661 Rotteck, Vernunftrecht und Staatswiſſenſchaft, Bd. II, S. 177 u. fg.,
171 1668 1228 1708 und Welcker’s Staatslexikon, 2. Aufl., Bd. IX, Art. Monarchie.
296 1713 1346 1758 Ueber Erblichkeit und Wahl in der Einherrſchaft ſ. Zachariä,
172 1761 1347 1806 40 Bücher, S. 111 und fg.; Stahl, Rechts- und Staatslehre, Bd. II,
173 1813 389 1856 S. 210 u. fg.
