1600 2668
219 313 1407 369 Worte an dieſer Stelle zurückläßt. Dieſer Ausdruck
217 372 1409 428 erſcheint als mennisco und in andern ähnlichen For-
218 429 1409 484 men, im Nhd. als Menſch, von welchem Worte es
216 487 1409 554 jetzt nach Widerlegung der falſchen Meinungen, z. B.
215 546 1408 616 Adelungs, ſicher iſt, daß wir darin das Suffix isc,
214 598 1410 659 griech. ἰσκός, lat. iscus beſitzen, wie wir es auf ähn-
212 660 1409 717 liche Weiſe verkappt in Wunſch, deutſch, hübſch und
213 720 464 774 raſch haben.
330 775 1410 832 Dieſe Ableitung Menſch von Mann kann eben
212 833 1410 890 deshalb, weil ſie der Sprache, wie eben gezeigt, ſo un-
213 891 1409 947 umgänglich nöthig war, nicht jenen tadelnden Nebenbe-
212 950 1410 1006 griff haben, wie die analogen Wörter weibiſch und kin-
212 1007 1410 1062 diſch, obwohl andrerſeits die Neigung dieſer Endung zum
213 1064 1410 1120 Ausdrucke des Tadels ſich gleichfalls, im Gebrauche des
213 1120 1410 1177 Wortes Menſch als Neutrum (welches Genus doch ſtets
211 1178 1410 1235 das eigentlich Menſchliche ausſchließt), doch nur ſeit den
212 1236 1116 1292 Zeiten des Neuhochdeutſchen , offenbart.
329 1294 1409 1351 Alſo die Begriffe Welt und Menſch erklärt unſere
213 1351 1407 1419 Sprache ſo zu ſagen für ſolche, die aus dem Begriffe
212 1410 1411 1467 Mann entſtehen; die klaſſiſchen Sprachen thun das da-
211 1468 1409 1536 gegen nicht, ſondern haben für dieſe Begriffe in ihrem
214 1519 1409 1592 κοσμός, mundus, homo und ἄνϑρωπος ganz ſelbſt-
211 1581 1409 1654 ſtändige Ausdrücke. Dagegen einen andern Begriff, und
211 1641 1408 1711 zwar den der Tugend, leiten jene Sprachen in ihrem
212 1693 1409 1768 virlus und ἀνδρία dorthin ab, indem ſie ihrer mehr
209 1754 1408 1824 ſinnlich natürlichen Anſchauung zufolge, zumal in den
210 1812 1407 1868 ältern Zeiten, die Haupttugend in der Männlichkeit er-
212 1868 1406 1927 blickten. Wir dagegen haben ein viel weiteres und ſicher
1326 194 1405 235 149
392 2031 1397 2087 Aehnlich leitet das Skr. ein Wort fuͤr Menſch von
209 2076 1306 2127 Mann ab, naͤmlich manudscha = vom Manne erzeugt.
394 2105 1401 2175 Mhd. daz kristen mensche u. A. hat noch keinen
209 2174 349 2215 Anſtoß.
305 2201 1403 2281 ἄνϑρωπος iſt ſicher zuſammengeſetzt aus ἄνϑος
209 2263 1403 2317 mit dem haͤufigen Suffixe ρο und ὤψ und heißt alſo der mit
208 2314 1398 2372 dem bluͤhenden Geſichte, was noch mehr faſt als das hebr.
209 2361 1402 2412 adam (= edom. der rothe) eine auszeichnende Eigenſchaft
208 2407 584 2454 des Menſchen trifft.
