1600 2506
278 233 1515 278 aus dem Ende des vorigen Jahrhunderts bewährt, die wie Georg
277 288 1520 332 Forster, erfüllt von Rousseau’schen Träumereien, die Südseebevöl-
280 336 1520 388 kerungen als ein glückliches, dem Naturzustande treues, von Cultur-
278 393 1519 444 verirrungen noch nicht um das Menschenideal betrogenes Ge-
280 442 1519 488 schlecht beneideten. Lamanon, der Begleiter La Perouse’s be-
283 501 1519 549 hauptete eines Abends im Gespräche mit seinen Begleitern, dass
277 555 1519 595 die Wilden viel besser seien, als wir Culturmenschen. Am andern
284 608 1522 655 Tage wurde er von ihnen erschlagen . Die oft gerühmten Kör-
287 662 1521 710 perreize zwanglos einherschreitender Naturkinder werden gewöhn-
282 717 1521 763 lich auf den photographischen Nachbildungen vermisst, die jetzt so
285 769 1522 812 reichlich in unsere Hände gelangen. Selbst dort, wo sie wirklich
284 823 1523 863 vorhanden sind und den hässlichen Bedrohungen entgehen, die
284 876 1522 924 ein irre geleiteter Geschmack ihnen auferlegt, fehlt sehr häufig die
284 930 1525 976 beste Pflege des menschlichen Körpers, nämlich die Sauberkeit.
288 983 1527 1027 Das Haar bleibt ungeordnet und die Zähne ungereinigt. Gewisse
291 1035 1526 1085 Laster suchen wir nur bei hochgestiegenen und tief gesunkenen
291 1084 1526 1134 Völkern, bei den Hellenen und im späteren Rom. Wer aber ein wenig
294 1144 1528 1187 vertraut ist mit den älteren spanischen Berichten über amerikanische
292 1197 1527 1241 Stämme, der weiss recht gut, dass sie Verfeinerungen kannten, an die
286 1250 1530 1293 weder die Römer, als Tiberius auf Capri weilte, noch die Byzan-
286 1296 1529 1351 tiner gedacht haben, als Theodora, die spätere Gemahlin des
287 1358 1530 1406 Kaisers Justinian, mit Schauspielerbanden umherzog . Fügen wir
290 1408 1532 1455 noch hinzu, dass fast allen diesen Bevölkerungen die Gifte bekannt
292 1466 1532 1510 waren, die den befruchteten Menschenkeim zerstören und dass sie
291 1517 1536 1566 mit gedankenloser Leichtfertigkeit gebraucht wurden . Aus allen
295 1573 1533 1615 diesen Nachtseiten unmündiger Völker haben rohe und lieblose
292 1629 1536 1666 Ansiedler in überseeischen Gebieten sich das Recht angemasst,
269 148 340 193 138
472 132 1240 190 Die Urzustände des Menschengeschlechtes.
364 1745 959 1781 1) Ethnographie. Bd. 1. S. 5. S. 375.
411 1788 1538 1823 Schaaffhausen im Archiv für Anthropologie. Bd. 1. S. 166. Genau
296 1834 1538 1868 ebenso schrieb Helfer einen Tag, bevor ihn die Andamanen ermordeten, in
293 1878 1538 1916 sein Tagebuch: „Das also sind die so gefürchteten Wilden! Sie sind furcht-
296 1916 1539 1959 same Kinder der Natur, froh, wenn ihnen nichts Böses zugefügt wird“. Joh.
302 1968 1538 2002 Wilh. Helfers Reisen in Vorderasien und Indien. Leipzig 1873. Bd. 2. S. 260.
417 2013 1542 2051 Vespucci, Quattuor Navigationes, passim. Geschlechtliche Verirrungen
307 2058 1543 2092 der Aleuten bei Erman, Zeitschrift für Ethnologie. 1871. Heft 3. S. 164; der
300 2102 1541 2138 Tschuktschen, bei Wrangell, Reise in Sibirien, Bd. 2, S. 227; der Itelmen,
305 2150 866 2184 bei Steller, Kamtschatka. S. 289.
424 2192 1543 2229 Eine Musterung über die Völker, bei denen dieses Verbrechen ge-
306 2236 1544 2273 duldet wird, ist unlängst im Archiv für Anthropologie (Braunschweig 1872.
299 2285 848 2321 Bd, 5. S. 452) abgehalten worden.
