1600 2506
289 219 1525 272 schen und völlig entfremdet der Musterform sind die westameri-
288 273 1524 324 kanischen. „Dass die Eskimo des Polarkreises“, fährt er fort, „ein
289 327 1524 376 und dasselbe Volk sein sollen, ist eine unzulässige Ansicht, mögen
290 379 1525 430 sie auch noch so oft von Reisenden verwechselt oder Beweise in
291 432 1529 489 ihrer Sprache gefunden worden sein. Ihre Körpereigenthümlich-
294 487 1528 535 keiten sind zweifellos verschiedne “. Nun hat ein grosser Kenner
296 540 1530 589 nordischer Alterthümer jüngst gezeigt, dass die Eskimo erst seit
297 592 1528 647 der Mitte des 14. Jahrhunderts sich über Grönland verbreitet haben ,
298 646 1530 696 und ferner hätte der britische Craniolog schon aus Capt. Hall’s
297 702 1532 754 Beschreibungen sich unterrichten können, dass die Eskimomütter
300 756 1533 803 den Schädel der Neugebornen seitlich pressen und ihm eine eng-
301 809 1533 858 schliessende Lederkappe überziehen, um die gewünschte pyramidale
302 870 890 910 Gestalt künstlich zu erzeugen .
391 916 1534 965 Was den bisherigen Ergebnissen der Schädelmessungen noch
301 969 1536 1024 mangelt, ist die dürftige Anzahl der Beobachtungen, die nur durch
302 1022 1538 1080 eine fortgesetzte Bereicherung unsres Schatzes an Racenschädeln
306 1077 1540 1131 sich vergrössern lässt. Die höchste Eile ist hier dringend zu em-
309 1130 1538 1186 pfehlen, da so viele bunte Menschenracen unter unsern Augen
306 1198 676 1230 zusammenschmelzen.
391 1236 1543 1290 Von gleicher Wichtigkeit wie die Verhältnisse des Breitendurch-
305 1292 1543 1339 messers ist die Höhe der Schädel. Bei ihrer Bestimmung setzte
309 1344 1544 1392 Welcker die eine Schenkelspitze des Tastercirkels an den vorderen
313 1397 1543 1447 Rand der Hinterhauptöffnung, die andere aber gleichsam auf den
311 1450 1544 1506 Zenithpunkt des Hauptes, da wo sich die Ebenen kreuzen, welche
314 1503 1546 1554 den Schädel in eine rechte und linke, sowie in eine vordere und
314 1557 1546 1607 hintere Hälfte scheiden . Auch hier wird das Messungsergebniss
314 1611 1549 1661 in Hunderttheilen des Längendurchmessers ausgedrückt und der
315 1664 1550 1719 Höhenindex genannt. Durch eine lehrreiche Anordnung bei Welcker
315 1719 1550 1771 erkennen wir, dass im Durchschnitt die Höhe im umgekehrten
553 118 1281 169 Die Grössenverhältnisse des Gehirnschädels.
254 149 339 181 62
429 1874 916 1904 Thesaurus Craniorum. p. 224.
436 1904 1555 1948 Konrad Maurer in der Zweiten deutschen Nordpolarfahrt. Leipzig
322 1965 667 2002 1873. Bd. 1. S. 234.
440 2000 1233 2038 Life with the Esquimaux. London 1865. p. 520.
440 2038 1556 2081 Alex. Ecker misst dagegen zuerst vom vorderen Rande und sodann
322 2081 1556 2129 vom hinteren Rande des Hinterhauptloches nach der höchsten Erhebung des
324 2126 1559 2179 Hinterhauptes. Crania Germaniae merid. p. 3. Das Mittel aus beiden Mes-
324 2170 1560 2225 sungen ist wohl diejenige „Höhe“, welche der Völkerkunde für Classifications-
324 2227 914 2263 zwecke die wünschenswertheste wäre.
445 2270 1044 2311 Craniologische Mittheilungen. S. 154.
