1600 2640
260 258 1414 321 Salzburg , Augsburg  und einigen anderen
260 319 1415 383 Orten vorhanden. Im Ganzen thun hier einige
259 384 1413 443 allgemeinere Denkmaͤler gute Dienſte, als unter
261 446 1412 505 andern inſonderheit eine Art von alten Roͤmiſchen
258 508 1410 569 Landcharten, oder vielmehr Wegebeſchreibungen,
259 569 1442 629 deren eine ein Teutſcher Gelehrter Conrad Celtes
257 632 1473 694 zu Anfang des XVI. Jahrhunderts zu Augsburg
255 694 1410 753 entdeckt, und einem andern Gelehrten, Namens
253 757 1411 819 Peutinger, uͤberlaßen hat, von dem ſie den Na-
254 814 1411 877 men Peutingeriſche Tafeln bekommen haben. Dieſe
252 876 1411 938 hat zuletzt der beruͤhmte Prinz Eugen von Savoyen
252 940 1411 1001 an ſich gebracht, mit deſſen Buͤchern ſie in die
251 1005 1408 1065 kaiſerliche Bibliothek zu Wien gekommen ſind. Aus
253 1067 1424 1127 derſelben hat ſie erſt im Jahre 1753. ein gewiſſer
250 1127 1560 1197 Herr von Scheib mit Erlaubniß der Kaiſerinn
250 1189 1204 1251 Maria Thereſia in Kupfer ſtechen laßen.
346 1315 1401 1376 Dieſe und andere Denkmaͤler belehren uns,
250 1375 1339 1440 daß die Roͤmer zu Erbauung und Bevoͤlkerung einer
247 1439 1404 1502 neu angelegten Stadt gemeiniglich ſechs tauſend
248 1505 1380 1567 Veteranen (altgediente Soldaten) abfuͤhren laßen;
247 1567 1407 1626 daß ſie in großen Staͤdten ihre Amphitheater,
246 1623 1380 1689 Baͤder und andere oͤffentliche Anſtalten angelegt;
511 124 1223 206 I. Alte Zeiten bis 888.
257 139 315 193 12
1323 1694 1403 1750 daß
499 1787 1405 1843 Nachrichten vom Zuſtande der Gegenden
353 1837 1466 1887 und Stadt Juvavia vor, waͤhrend und nach Be-
347 1888 1404 1944 herrſchung der Roͤmer bis zur Ankunft des heiligen
346 1940 1403 2002 Ruperts, und von deſſen Verwandelung in das
350 1990 1403 2046 heutige Salzburg, Salzb. 1784. Ein ſtarker
348 2038 1402 2096 Foliant, wovon ein Drittel aus einem diploma-
349 2088 1401 2143 tiſchen Anhange beſteht, der eine ſchaͤtzbare Samm-
345 2135 1401 2195 lung von Urkunden enthaͤlt. Der gelehrte Verfaſſer
346 2184 1398 2242 hat ſich nicht genannt, aber weit mehr geleiſtet,
344 2234 1199 2290 als der Titel nur zu verſprechen ſcheint.
492 2310 1400 2381 Pauls von Stetten Geſchichte der Stadt
348 2374 1095 2432 Augsburg, Frkf. u. Leipz. 1743. 4.
