1600 2700
58 268 1312 324 der das Recht zuſtehe, zu einer Wahl zu ſchreiten, und ſie
59 345 1312 401 ermahnen, Einen aus ihrer Mitte zu wählen. Damit werde
58 422 1312 478 man ſie gewinnen. Zugleich werde dadurch ein ſolcher Zwie-
60 500 1312 555 ſpalt zwiſchen dem Kaiſer und dem Papſt entſtehen, daß
61 577 1313 630 dann niemals mehr an eine Ausſöhnung zwiſchen ihnen zu
60 653 1316 708 denken ſey.  Es iſt in der That dem Papſt hierüber eine
59 730 1318 784 Eröffnung gemacht worden. Er hielt es nur für nothwen-
57 807 1318 861 dig, daß beide Könige ſich über den zu Wählenden verei-
59 883 1315 937 nigen möchten, damit nicht wieder ein ähnlicher Irrthum
61 960 1315 1014 geſchehe, wie bei der erſten Wahl (Carls V); er meinte
65 1038 885 1092 auf vier Churfürſten zählen zu können.
175 1112 1320 1168 Allein auch dieß Mal blieben dem Kaiſer ſeine glück-
66 1191 526 1244 lichen Geſtirne getreu.
170 1266 1318 1321 Vor allem gelang es ihm, eins der mächtigſten Häup-
63 1343 1317 1397 ter von Italien, den Genueſen Andrea Doria für ſich zu
61 1420 1318 1475 gewinnen. Schon längſt war darüber unterhandelt wor-
62 1497 1317 1552 den; ſchon ehe Doria zuletzt in die Dienſte der Liga trat;
62 1574 1319 1627 aufs neue während einer Anweſenheit des kaiſerlichen Kanz-
62 1651 1320 1703 lers Gattinara in Oberitalien im Mai 1527; ein Augu-
63 1728 1321 1782 ſtiner-Eremit, mit einem Diener Doria’s, des Namens
65 1804 1322 1859 Erasmo einverſtanden, war das eine wie das andere Mal
66 1881 1319 1936 der geheime Vermittler.  Man kann ſich nicht wundern,
1260 170 1311 207 25
293 168 1062 219 Italieniſcher Krieg im J. 1528.
233 1989 1318 2039 Bellay au Grandmaitre. 2 Janv. 1528 (MS. Colbert Ve).
237 2045 1319 2092 Gardiner et Cassalis to C. Wolsey, o. D., jedoch vom
64 2098 1320 2145 April 28, bei Strype Eccles. Memorials 5, 427. It were, ſagt
64 2153 1322 2201 der Papſt, to be foreseen before sentence of privation, who were
63 2210 551 2245 most meet to be chosen.
228 2261 1323 2306 Die Nachrichten, die wir hieruͤber in Hormayrs Archiv 1810
64 2316 1322 2369 p. 61, und bei Bucholz finden, fließen ohne Zweifel aus denſelben
65 2370 1322 2414 Documenten des Wiener Archivs. Die Verpflichtungen Dorias zu
65 2424 1323 2473 Franz ſollen aufhoͤren 1ſten Julius 1528 und dann die zum Kaiſer
