1600 2743
87 226 1395 298 Geſichtspuncten beſetzt worden; er ſelber ward noch einmal
87 308 1393 379 „als der lebendige Brunnen des Rechts“ betrachtet;  al-
86 387 921 453 les berief ſich auf ſeine Entſcheidung.
192 469 1392 536 Da iſt es nun ſehr bezeichnend für ihn, wie er ver-
80 548 1390 621 fuhr. Er hielt darüber, daß der Friede beobachtet wurde;
79 629 1389 700 er erſchien dann ſelbſt und wohnte langen Tagleiſtungen
79 709 1389 783 bei, um der Güte zu pflegen; er ließ ſich die Mühe nicht
76 791 1387 859 verdrießen, die beiden Parteien, jede bis zu ihrem fünften
75 871 1386 940 Vortrag zu verhören; endlich berief er auch ſeinen Kam-
75 954 1383 1025 merrichter und deſſen Beiſitzer zu rechtlicher Entſcheidung
78 1034 1383 1104 in ſeine Nähe.  Aber bei alle dem hatte er doch vorzüg-
74 1107 1384 1180 lich ſein Intereſſe, er bezeichnete es ſelbſt mit dieſem Na-
72 1197 576 1255 men, ins Auge gefaßt.
184 1277 1381 1342 Er erinnerte daran was er alles ſchon wegen Baierns
71 1355 1380 1428 verſäumt, z. B. bei jenem Zuge auf das Lechfeld die Ver-
70 1434 1376 1503 fechtung ſeiner Rechte in Bretagne und in Ungern; er fand
71 1516 1374 1584 auf der einen Seite, daß Herzog Georg durch ſein unbe-
68 1596 1372 1663 fugtes Teſtament ſtarke Pönen verwirkt habe, auf der an-
65 1666 1370 1754 dern, daß doch auch die aus den Hausverträgen hergelei-
63 1758 1390 1830 teten Rechte Albrechts nicht ſo unbedingt gültig ſeyen, da
61 1837 1372 1907 dieſelben nie von Kaiſer und Reich beſtätigt worden: hierauf
60 1917 1364 1990 erhob er ſelbſt Anſpruch auf einen Theil des erledigten
59 1999 951 2059 Landes, der gar nicht unbedeutend war.
171 2081 1363 2152 Herzog Albrecht, der Schwager des Königs, ließ ſich
53 2160 1363 2230 gleich von Anfang bewegen darauf einzugehen; er ſtellte
54 2241 1363 2313 endlich einen förmlichen Verzichtbrief für die angeſproche-
414 100 1054 185 Bairiſche Irrungen 1504.
1306 133 1396 180 159
220 2381 1358 2440 Ausdruck Lamparters in ſeinem Vortrag an die Landshuter
56 2432 1272 2501 Staͤnde bei Freiberg Geſchichte der baier. Landſtaͤnde II, p. 38.
222 2494 1199 2558 Harpprecht Archiv des Kammergerichts II, p. 178.
