1600 2622
170 293 1342 366 in der Hauptſtadt von Steiermark nur noch Ein Katholik
172 362 1342 433 im Rathe. An dem Landesherrn, dem Erzherzog Carl,
173 421 1346 509 fand das Bekenntniß zwar hier keine Stuͤtze: dieſer Fuͤrſt
175 503 1347 580 fuͤhrte vielmehr die Jeſuiten ein, und beguͤnſtigte ſie nach
178 580 1217 650 Kraͤften: aber die Staͤnde waren ihm uͤberlegen. Auf
180 646 1353 718 den Landtagen, wo die Geſchaͤfte der Verwaltung und der
181 718 1355 791 Vertheidigung des Landes mit den Religionsſachen zuſam-
185 787 1359 863 menfielen, hatten ſie die Oberhand: jede ihrer Bewilli-
185 856 1361 935 gungen ließen ſie ſich durch religioͤſe Conceſſionen verguͤ-
188 931 1362 1000 ten. Im Jahre 1578 mußte der Erzherzog auf dem
190 1002 1365 1071 Landtage zu Bruck an der Muhr die freie Ausuͤbung der
191 1073 1366 1147 augsburgiſchen Confeſſion nicht allein in den Gebieten des
194 1146 1369 1210 Adels und der Landherrn, wo er ſie ohnehin nicht zu
196 1215 1371 1289 verhindern vermochte, ſondern auch in den vier vornehm-
198 1287 1373 1361 ſten Staͤdten, Graͤtz, Judenburg, Klagenfurt, Laibach, zu-
199 1360 1376 1434 geſtehn. Hierauf organiſirte ſich der Proteſtantismus
204 1430 1377 1503 in dieſen Landſchaften eben ſo, wie in den kaiſerlichen. Es
204 1500 1376 1571 ward ein proteſtantiſches Kirchenminiſterium eingerichtet:
207 1569 1380 1641 eine Kirchen- und Schulordnung nach dem Muſter der
208 1641 1382 1716 wuͤrtembergiſchen beliebt: hie und da, z. B. in St. Veit,
211 1718 1303 1792 ſchloß man die Katholiſchen von den Rathswahlen aus:
214 1786 1386 1855 in den Aemtern der Landſchaft ließ man ſie nicht mehr zu:
215 1857 1390 1934 Umſtaͤnde, unter deren Beguͤnſtigung die proteſtantiſchen
1293 201 1339 237 77
211 202 1242 266 Widerſtand der Proteſtanten in Deutſchland.
364 1964 1391 2030 Socher: Historia societatis Jesu provinciae Austriae I,
218 2038 611 2088 IV, 166. 184. V, 33.
368 2078 1398 2145 Supplication an die Roͤm. Kaiſ. Maj. umb Interceſſion der
223 2130 1395 2196 dreien Fuͤrſtenthuͤmer und Land, bei Lehmann: de pace religionis
224 2181 1398 2250 p. 461, ein Actenſtuͤck, durch welches die Darſtellung Khevenhillers
226 2244 908 2293 Ann. Ferdinandei I, 6 rectificirt wird.
375 2293 1281 2359 Hermann in der Kaͤrntneriſchen Zeitſchr. V, p. 189.
