1600 2659
136 277 1361 349 bekennt, allein von ihm gegen die Angriffe der zelotiſchen
140 352 1363 425 Scholaſtiker vertheidigt worden zu ſeyn . Nur die bei-
139 428 1365 497 nahe heidniſche Richtung, der man ſich damals zu Rom
142 502 1366 571 hingegeben, mißbilligte er: und von der Secte der Poeten
143 589 630 641 wollte er nichts wiſſen.
247 647 1370 710 Niemand konnte ernſtlicher wuͤnſchen, als Adrian VI.,
146 718 1372 787 — er behielt ſeinen Namen bei — die Uebelſtaͤnde zu hei-
147 801 930 862 len, die er in der Chriſtenheit antraf.
254 864 1374 931 Der Fortgang der tuͤrkiſchen Waffen, der Fall von
149 936 1376 1009 Belgrad und Rhodus gab ihm noch einen beſondern An-
149 1014 1379 1083 trieb, um auf die Herſtellung des Friedens zwiſchen den
151 1089 1381 1159 chriſtlichen Maͤchten zu denken. Wiewohl er der Lehrer
153 1163 1381 1234 des Kaiſers geweſen, nahm er doch ſofort eine neutrale
157 1240 1382 1310 Stellung an. Der kaiſerliche Geſandte, der ihn bei dem
157 1313 1384 1384 neu ausbrechenden Kriege zu einer entſcheidenden Erklaͤrung
159 1388 1385 1461 zu Gunſten ſeines Zoͤglings zu bewegen gehofft, mußte
160 1464 1386 1531 Rom unverrichteter Dinge verlaſſen . Als man dem
163 1538 1387 1611 Papſt die Nachricht von der Eroberung von Rhodus vor-
165 1611 1388 1681 las, ſah er zur Erde: er ſagte kein Wort: er ſeufzte tief .
163 1682 1390 1752 Die Gefahr von Ungarn war einleuchtend. Er fuͤrchtete
1310 174 1358 213 93
545 183 958 230 Unter Adrian VI.
309 1814 1390 1875 Erasmus ſagt in einem ſeiner Briefe von ihm: licet scho-
164 1872 1391 1930 lasticis disciplinis faveret satis tamen aequus in bonas literas.
168 1924 1396 1986 Burm. p. 15. Jovius erzaͤhlt mit Behagen, wie viel ihm der Ruf
169 1978 1395 2039 eines scriptor annalium valde elegans bei Adrian geholfen, beſon-
168 2045 706 2102 ders da er kein Poet geweſen.
321 2096 1395 2153 Gradenigo: relatione nennt den Vicekoͤnig von Neapel.
172 2145 1396 2209 Girolamo Negro, von dem ſich in den Lettere di principi T. I.
172 2197 1399 2261 einige ganz intereſſante Briefe uͤber dieſe Zeit finden, ſagt p. 109
172 2253 1131 2310 von Johann Manuel. „Se parti mezo disperato.“
323 2314 1402 2373 Negro aus der Erzaͤhlung des venezianiſchen Secretaͤrs.
176 2387 308 2427 p. 110.
