1600 2659
424 239 1248 289 Kap. I. Epochen des Papſtthums.
225 336 1447 397 Verguͤnſtigungen . Doch war damit die allgemeine Op-
225 412 1447 469 poſition nicht gedaͤmpft. Im Jahre 1487 widerſetzte ſich
226 487 1448 543 das geſammte Reich einem Zehnten, den der Papſt aufle-
224 560 1448 615 gen wollte, und hintertrieb ihn . Im Jahre 1500 ge-
225 631 1449 686 ſtand das Reichsregiment dem paͤpſtlichen Legaten nur den
224 703 1448 760 dritten Theil des Ertrages der Ablaßpredigten zu; zwei
225 776 1448 834 Dritttheile wollte es ſelber an ſich nehmen und zu dem Tuͤr-
225 851 635 905 kenkriege verwenden.
331 928 1448 985 In England kam man, ohne neues Concordat, ohne
223 1003 1448 1058 pragmatiſche Sanction, uͤber jene Zugeſtaͤndniſſe von Coſt-
224 1073 1448 1133 nitz weit hinaus. Das Recht, einen Candidaten zu den
223 1142 1448 1205 biſchoͤflichen Sitzen zu benennen, beſaß Heinrich VII. ohne
223 1219 1448 1283 Widerſpruch. Er war nicht zufrieden, die Befoͤrderung
223 1294 1449 1357 der Geiſtlichen in ſeiner Hand zu haben, er nahm auch
224 1366 1449 1434 die Haͤlfte der Annaten an ſich. Als hierauf Wolſey in den
224 1442 1449 1503 erſten Jahren Heinrichs VIII. zu ſeinen uͤbrigen Aemtern
223 1516 1449 1580 auch die Wuͤrde eines Legaten empfing, war die geiſtliche
225 1593 1450 1651 und weltliche Macht gewiſſermaßen vereinigt; noch ehe dort
221 1669 1449 1727 an Proteſtantismus gedacht wurde, ſchritt man zu einer
221 1744 1115 1802 ſehr gewaltſamen Einziehung von Kloͤſtern.
328 1821 1450 1880 Indeſſen blieben die ſuͤdlichen Laͤnder und Reiche nicht
222 1892 1449 1950 zuruͤck. Auch der Koͤnig von Spanien hatte die Ernen-
223 1967 1449 2021 nung zu den biſchoͤflichen Sitzen. Die Krone, mit der die
224 2038 1446 2102 Großmeiſterthuͤmer der geiſtlichen Orden verbunden waren,
222 2113 1446 2175 welche die Inquiſition eingerichtet hatte und beherrſchte,
220 2189 1447 2248 genoß eine Menge geiſtlicher Attribute und Gerechtſame.
224 243 272 277 40
371 2296 1447 2344 Schroͤckh’s Kirchengeſch. Bd. 32, p. 173. Eichhorn Staats-
219 2348 1015 2397 und Rechtsgeſchichte Bd. III. §. 472. n. c.
372 2425 1189 2471 Muͤller’s Reichstheatrum Vorſt. VI. p. 130.
