1600 2638
101 288 1322 340 gen zurück, nur den Urkunden des Glaubens erkannte man
94 348 1322 420 fortan religiöſes Anſehen zu. Der Werth der kirchlichen
94 422 1321 492 Werke und der ganze bisher gebotene Dienſt fielen in ſich
95 493 1321 565 ſelbſt zuſammen.  Mochte dann auch manche andre Äußer-
97 565 1322 639 lichkeit beibehalten werden, wie es hier geſchah, ſo war doch
96 640 1322 713 die Hauptſache gethan: die reformatoriſche Bewegung ward
94 711 775 788 ihrem Weſen nach aufgenommen.
200 802 1322 862 Joachim fühlte ſich glücklich, daß er ſo weit gekommen.
107 865 1323 946 „Wir wollen Gott bitten,“ antwortete er auf ein glückwün-
104 931 1324 1018 ſchendes Schreiben des Fürſten Georg von Anhalt, „daß
109 1017 1325 1085 er uns in dem angefangenen Werke Beſtändigkeit verleihe,
112 1078 1326 1160 bis auf unſre letzte Stunde.“  Die Art wie er von dieſer
154 1174 1324 1242 Tugend redet, „damit er nicht wie ein leichtes Rohr von den
110 1229 1324 1307 Winden hin und her geweht werde,“ zeigt faſt eine Beſorg-
112 1306 1326 1389 niß an daß es geſchehen könnte. Aber ich denke, ſie bürgt
112 1388 1325 1456 auch um ſo mehr für die Reinheit der Motive aus denen
106 1451 627 1534 der Entſchluß hervorgieng.
204 1547 1325 1609 Sein Standpunct überhaupt und der Grund, aus wel-
104 1604 1334 1689 chem er ſeine Befugniß zu dieſem Verfahren herleitet, erhellt
109 1687 1326 1758 aus den Vorreden zu den verſchiedenen Theilen der Kirchen-
108 1757 1327 1830 ordnung, die er unverzüglich zu Stande brachte.  Er geht
1250 201 1320 236 157
224 190 1186 247 Reformation in der Mark Brandenburg.
257 1864 1325 1912 Mit großer Naivetaͤt druͤckte ſich uͤber den Sinn des Evan-
105 1901 1325 1984 geliſchwerdens der alte Prediger aus, deſſen Schmidt (Brandenburg.
154 1968 1000 2021 Reformationshiſt. p. 185.) aus Scultetus gedenkt.
256 2017 1327 2067 Schreiben des Churfuͤrſten vom 30ſten Nov. in dem anhal-
225 2068 540 2119 tiſchen Archiv zu Deſſau.
250 2122 1327 2172 Kirchen Ordnung im Churfurſtenthum der Marcken zu Bran-
103 2153 1326 2244 demburg, wie man ſich beide mit der Leer und Ceremonien halten ſol.
171 2215 1328 2274 M. D. XL. Bei der Abfaſſung derſelben iſt unter andern auch Georg
103 2261 1329 2327 von Anhalt zu Rathe gezogen worden. Die Lehrartikel ſind faſt
102 2306 1329 2377 durchweg aus der fraͤnkiſch-brandenburgiſchen Kirchenordnung heruͤber-
104 2366 287 2413 genommen.
