1600 2743
246 224 1567 301 lichkeit allenthalben den Vortritt. Im transjuraniſchen
244 306 1566 376 Burgund waren es „die heiligen Väter, bei Mantala ver-
226 386 1563 460 ſammelt, die heilige Synode zugleich mit den Vornehm-
240 468 1559 539 ſten,“ die „unter Inſpiration der Gottheit“ den Grafen
239 548 1559 628 Boſo zum König wählten.  Aus dem Wahldecret für
239 628 1557 701 Guido von Spoleto ſieht man, daß „die demüthigen Bi-
237 709 1556 785 ſchöfe, von verſchiednen Seiten nach Pavia zuſammenge-
234 791 1554 866 kommen,“ es waren, welche ihn zu ihrem Herrn und König
233 872 1554 944 wählten,  vor allem „weil er verſprochen hat, die hei-
232 952 1552 1026 lige römiſche Kirche zu erhöhen und die kirchlichen Gerecht-
225 1032 1549 1105 ſame aufrecht zu erhalten.“ Auch die Zuſagen, zu wel-
230 1112 1549 1186 chen ſich Odo von Paris bei ſeiner Krönung verſtand,
228 1194 1547 1267 ſind lediglich zu Gunſten der Geiſtlichkeit: er verſpricht die
228 1274 1545 1348 Rechte der Kirchen nicht allein zu beſchützen, ſondern nach
226 1353 1545 1428 ſeinem beſten Wiſſen und Können zu vermehren.  Ganz an-
224 1426 1544 1503 ders gieng die Sache in Deutſchland. Hier waren es vor
211 1516 1541 1589 allem die weltlichen Großen, Sachſen, Franken und Baiern,
220 1588 1541 1678 welche ſich unter Leitung eines mißvergnügten kaiſerlichen
220 1676 1539 1756 Miniſters um Arnulf ſammelten und ihm die Krone über-
221 1759 1539 1834 trugen. Die Biſchöfe, ſelbſt der Biſchof von Mainz, wa-
219 1837 1539 1907 ren eher dagegen, und erſt nach einigen Jahren verſtän-
218 1909 1536 2003 digten ſie ſich durch förmliche Unterhandlung  mit dem
250 121 341 163 18
767 127 1046 184 Einleitung.
391 2039 1535 2106 „nutu dei, per suffragia sanctorum, ob instantem neces-
216 2104 1136 2171 sitatem.“ Electio Bosonis. Monum. III, 547.
388 2173 1535 2240 Nos humiles episcopos ex diversis partibus Papiae con-
214 2230 1535 2298 venientibus pro ecclesiarum nostrarum ereptione et omnis chri-
214 2289 1474 2357 stianitatis salvatione etc. Electio Widonis regis. Ibid. 554.
388 2358 1012 2416 Capitulum Odonis regis. Ibid.
376 2427 1537 2497 De collegio sacerdotum gnaros direxerunt mediatores ad
209 2482 1541 2557 praefatum regem etc. Arnulfi concilium Triburiense. Ib. 560.
