1600 2676
69 285 1286 346 gen und fuͤhrte eine muſterhafte Haushaltung. In kurzem
69 357 1287 419 rechnete man die regelmaͤßige Einnahme der drei Bruͤder
71 431 1288 492 zuſammen jaͤhrlich auf eine halbe Million Scudi. Die
69 504 1290 566 wichtigſten Aemter gehoͤrten ihnen. Wie das Camerlengat
69 581 1289 641 an Antonio, ſo war das Vicecancellariat an Francesco,
68 653 1290 718 die Praͤfectur, die durch den Tod des Herzogs von Urbino
68 728 1291 792 erledigt worden, an Don Taddeo gelangt. Man wollte
69 800 1291 867 berechnen, daß im Laufe dieſes Pontificats den Barberini
69 876 1291 938 die unglaubliche Summe von 105 Millionen Scudi zu-
68 953 1292 1012 gefallen ſey . „Die Pallaͤſte,“ faͤhrt der Autor dieſer
68 1024 1293 1096 Nachricht fort, „zum Beiſpiel der Pallaſt an den Quattro
69 1099 1292 1158 Fontane, ein koͤnigliches Werk, die Vignen, die Ge-
70 1172 1293 1232 maͤhlde, Bildſaͤulen, das verarbeitete Silber und Gold, die
71 1248 1292 1309 Edelſteine, die ihnen zu Theil geworden, ſind mehr werth
72 1323 1293 1387 als man glauben und ausſprechen kann.“ Dem Papſte
72 1398 1295 1461 ſelbſt ſcheint eine ſo reiche Ausſtattung ſeines Geſchlechtes
72 1474 1296 1537 doch zuweilen bedenklich geworden zu ſeyn: im Jahre 1640
73 1548 1297 1610 ſetzte er foͤrmlich eine Commiſſion nieder, um die Recht-
73 1621 1298 1682 maͤßigkeit derſelben zu pruͤfen . Zunaͤchſt ſprach dieſe
1240 197 1288 231 23
359 186 995 243 Gruͤndung neuer Familien.
74 1727 1296 1779 ſtuͤcken: per li novi acquisti, ſagt Al. Contarini, di Palestrina,
73 1780 1299 1829 Monterotondo e Valmontone, fatto vendere a forza dai Colon-
75 1835 1300 1886 nesi e Sforzeschi per pagare i debiti loro — — das Amt eines
76 1886 869 1935 Generals der Kirche trug 20000 Scudi ein.
225 1951 1301 1994 Conclave di Innocenzo X. Si contano caduti nella Bar-
75 2000 1302 2056 berina, come risulta da sincera notitia di partite distinte, 105
77 2055 1303 2111 milioni di contanti. Dieſe Summe iſt ſo unglaublich, daß ſie wohl
77 2103 1301 2160 fuͤr einen Schreibfehler gehalten werden koͤnnte. Doch findet ſie ſich
80 2156 1302 2217 in mehreren Manuſcripten gleichfoͤrmig, unter andern in dem fosca-
79 2211 848 2269 riniſchen zu Wien, und in meinem eigenen.
229 2280 1303 2330 Niccolini handelt hievon. Auch ſah ich noch ein beſonderes
84 2320 1303 2384 Schriftchen: Motivi a far decidere quid possit papa donare, al 7
84 2373 1115 2437 di Luglio 1640, von einem Mitgliede dieſer Commiſſion.
