1600 2700
230 278 1473 332 Gebrauch nach durch den mehrern Theil der Churfürſten und
227 354 1474 409 Fürſten gefaßt worden,“ ſo daß auch die übrigen ſich den-
226 431 1473 486 ſelben zu unterwerfen haben würden.  Die evangeliſchen
223 508 1473 567 Fürſten, durch eine ſo völlig abſchlägliche Antwort, die wie
226 585 1473 638 eine Zurechtweiſung ausſah,  und nun, wie ſie vor allen
226 661 1475 724 Ständen verleſen worden, zu den Acten des Reiches ge-
228 737 1473 792 legt werden ſollte, traten einen Augenblick in ein Nebenzim-
225 815 1471 879 mer, um ſich unverzüglich zu einer Antwort zu vereinigen.
223 892 1472 945 Allein der König und die kaiſerlichen Commiſſarien waren
222 968 1474 1025 nicht gemeint, dieſelbe zu erwarten. Auf die Bitte der Für-
223 1044 1474 1098 ſten, ſich einen kurzen Verzug nicht beſchweren zu laſſen,
224 1121 1475 1174 antwortete König Ferdinand: er habe einen Befehl von kai-
226 1197 1473 1251 ſerlicher Majeſtät: den habe er ausgerichtet und dabei müſſe
224 1273 1413 1330 es ſein Verbleiben haben: die Artikel ſeyen beſchloſſen;
222 1349 1470 1404 hierauf verließ er ſammt den Commiſſarien das Haus.
219 1423 1471 1483 Durch die Mißachtung ihrer Würde und ihrer Rechte, die
219 1486 1522 1558 in dieſem Verfahren lag, noch mehr gereizt, beſchloſſen nun
220 1580 1471 1635 die evangeliſchen Stände, einen Gedanken auszuführen, den
221 1656 1472 1713 ſie ſchon einige Wochen früher, ſo wie ſie ſahen, welche
221 1733 1470 1788 Wendung die Geſchäfte am Reichstag nehmen würden, ge-
222 1809 1470 1872 faßt hatten. Rückgängig machen ließen ſich, wie vor Au-
219 1886 1471 1942 gen lag, die Beſchlüſſe der Verſammlung nicht; ſich ihnen
218 1962 1471 2024 unterwerfen, hieß das eigene Daſeyn aufgeben. Sie
219 2039 1468 2094 beſchloſſen das Rechtsmittel der Appellation zu ergrei-
219 2115 1469 2171 fen. Noch in derſelben Sitzung erſchienen ſie, zwar nicht
235 181 302 217 154
462 177 1246 228 Fuͤnftes Buch. Fuͤnftes Capitel.
382 2212 1467 2259 Vermeinter Beſcheid, ſo koͤnigl. Durchlauchtigkeit etc. haben
218 2266 1466 2316 vorleſen laſſen in dem Inſtrumentum Appellationis bei Muͤller p. 72.
385 2319 1259 2367 Sie nennen es „faſt eine angemaßte Weiſung.“
384 2375 1466 2424 Erzaͤhlung in dem Appellationsinſtrument p. 75 und in dem
217 2427 1428 2480 Schreiben der Strasburger Geſandten 21. April bei Jung nr. 44.
