1600 2700
345 283 1487 343 Die Kaiſerlichen, die ſo eben verloren geſchienen, blieben
236 359 1486 418 vollkommen Sieger und nahmen das Königreich wieder ein.
343 436 1488 496 Wie glücklich war der Papſt, daß er ſich dieß Mal
235 512 1488 569 neutral gehalten! Ohne dieß, ſchrieb ſein Staatsſecre-
235 588 1487 649 tär Sanga, jetzt ſein vornehmſter Miniſter,  in welchem
236 661 1486 725 Abgrund von Verderben würden wir ſeyn! Es war in
239 739 1485 801 einer Conferenz zwiſchen Clemens VII und Sanga, am
238 815 1485 877 6. September, daß der Entſchluß gefaßt wurde, ſich nun
210 869 1485 953 ernſtlicher an den Kaiſer anzuſchließen. Schon öfter hatte
235 969 1483 1029 man den Papſt erſucht nach Rom zurückzukommen, wo
235 1045 1484 1105 man ihn nach dem Befehl des Kaiſers gegen Jedermann
234 1121 1483 1184 vertheidigen werde.  Jetzt entſchloß er ſich dazu. Am
234 1197 1168 1253 6. October finden wir ihn wieder in Rom.
341 1274 1482 1336 Aber wir dürften nicht glauben, daß er nun ſchon ein
228 1350 1482 1411 Verbündeter des Kaiſers geweſen ſey. Noch im Novem-
228 1425 1481 1488 ber 1528 ermunterte er Franz I, die Bewegungen in
227 1499 1496 1564 Deutſchland, durch welche Carl in ſeiner kaiſerlichen Würde
217 1570 1481 1636 gefährdet werde, zu unterhalten, den Woiwoden von Sie-
229 1654 1482 1718 benbürgen zu unterſtützen.  Im December 1528 verſichert
230 1731 1478 1795 der franzöſiſche Geſandte, wie ganz anders die Sache auch
242 182 290 220 28
488 182 1235 238 Fuͤnftes Buch. Erſtes Capitel.
377 1840 1480 1895 Al Cl Campeggio Lettere di principi II, 127. Se sua San-
228 1895 1478 1949 tità non faceva cosi, hora si sarebbe nel profondo della total ruina.
396 1949 1324 2004 Lra di Roma a B. Castiglione L. d. p. II, 140.
399 2003 1479 2055 Gio Joachim a Montmorency Roma 7 Nov. 1528 bei Mo-
225 2056 1479 2112 lini II, 122. Mi disse S. Santità, che l’imperatore fosse quasi
226 2112 1479 2167 costretto, in persona trovarsi ben tosto in Alamagna, per dar
225 2163 1476 2220 ordine a molte cose, — le quali non ordinate — producevano
224 2218 1490 2275 gran pregiudizio e non minor movimento, minacciavano a l’impe-
223 2275 1477 2324 ratore suo stato, titulo e dignità (er zielt ohne Zweifel auf die
221 2324 1477 2379 Abſichten des Hauſes Baiern, zum Roͤmiſchen Koͤnigsthron zu gelan-
220 2378 1477 2424 gen) — Se mo le cose in Germania fussero nel stato che si
221 2431 1477 2492 dice, a S. Sà parrebbe chel chrmo re per ben degli suoi affari
221 2485 1245 2539 le mantenesse, augumentasse e fomentasse.
