1600 2676
151 297 1367 367 eroͤrtern, in welche Clemens XI. verwickelt ward ; end-
151 372 1368 442 lich ſetzten ihm die Kaiſerlichen einen Termin zur Annahme
147 446 1368 517 ihrer Friedensvorſchlaͤge, unter denen die Anerkennung des
147 517 1367 589 oͤſtreichiſchen Praͤtendenten die wichtigſte war. Vergebens
145 594 1371 666 ſah ſich der Papſt nach Huͤlfe um. Er wartete bis auf
144 668 1364 736 den feſtgeſetzten Tag, nach deſſen unbenutztem Verlaufe die
141 740 1363 812 Kaiſerlichen Stadt und Staat feindſelig zu uͤberziehen ge-
141 815 1363 881 droht hatten, 15. Jan. 1709; erſt in der letzten Stunde
143 889 1264 952 deſſelben, eilf Uhr Abends, gab er ſeine Unterſchrift . Er
138 960 1357 1029 hatte fruͤher Philipp V. begluͤckwuͤnſcht; jetzt ſah er ſich
136 1036 1356 1103 genoͤthigt deſſen Gegner Carl III. als katholiſchen Koͤnig
136 1114 457 1164 anzuerkennen .
240 1186 1354 1248 Damit bekam nun nicht allein die ſchiedsrichterliche
136 1257 1354 1319 Autoritaͤt des Papſtthums einen harten Stoß, ſondern alle
133 1333 1354 1398 politiſche Freiheit und Selbſtbeſtimmung ward ihm entriſ-
131 1409 1354 1466 ſen. Der franzoͤſiſche Geſandte verließ Rom mit der Er-
131 1481 1288 1546 klaͤrung, es ſey gar nicht mehr der Sitz der Kirche .
235 1556 1351 1617 Schon nahm auch die Lage der Welt uͤberhaupt eine
128 1628 1349 1688 andere Geſtalt an. Am Ende war es doch das proteſtan-
1298 210 1369 246 175
521 198 1000 254 Spaniſche Erbfolge.
214 1731 1346 1790 Z. B. uͤber die Einquartierung von Parma und Piacenza;
126 1786 1347 1842 wo auch die Geiſtlichen zu den Kriegscontributionen herbeigezogen
125 1836 1346 1882 worden. Accord avec les députés du duc et de la ville de Plai-
125 1887 1346 1941 sance 14 déc. 1706 art. IX, que pour soulager l’état tous
124 1938 1347 1989 les particuliers quoique très privilégiés contribueroient à la sus-
124 1991 1344 2043 ditte somme. Eben dieß wollte der Papſt nicht leiden. Die kai-
122 2042 1345 2098 ſerlichen Anſpruͤche wurden hierauf mit doppelter Lebhaftigkeit er-
122 2097 1283 2149 neuert. Contredéclaration de l’empereur bei Lamberty V, 85.
278 1731 1346 1790 Z. B. uͤber die Einquartierung von Parma und Piacenza;
126 1786 1347 1842 wo auch die Geiſtlichen zu den Kriegscontributionen herbeigezogen
125 1836 1346 1882 worden. Accord avec les députés du duc et de la ville de Plai-
125 1887 1346 1941 sance 14 déc. 1706 art. IX, que pour soulager l’état tous
124 1938 1347 1989 les particuliers quoique très privilégiés contribueroient à la sus-
124 1991 1344 2043 ditte somme. Eben dieß wollte der Papſt nicht leiden. Die kai-
122 2042 1345 2098 ſerlichen Anſpruͤche wurden hierauf mit doppelter Lebhaftigkeit er-
122 2097 1283 2149 neuert. Contredéclaration de l’empereur bei Lamberty V, 85.
270 2161 1341 2210 Die Bedingung, anfangs geheim gehalten, ward durch ein
121 2209 1340 2264 Schreiben des oͤſtreichiſchen Geſandten an den Herzog von Marlbo-
118 2264 793 2312 rough bekannt, bei Lamberty V, 242.
269 2328 1338 2374 Lettre du maréchal Thessé au pape 12 juillet 1709.
