1600 2659
242 283 1465 352 beiten der unmittelbaren Nachahmer, ſo konnte er ſelbſtſtaͤn-
240 358 1461 425 digen Werken ſeiner Zeitgenoſſen ſeine Theilnahme nicht ent-
240 431 1459 498 ziehen. In ſeiner Gegenwart hat man die erſte Tragoͤdie,
240 506 1461 572 und ſo vielen Anſtoß bei dem plautiniſch-bedenklichen In-
237 577 1461 646 halt das gab, auch die erſten Comoͤdien in italieniſcher
237 648 1461 720 Sprache aufgefuͤhrt. Es iſt faſt keine, die er nicht zuerſt
235 720 1435 792 geſehn haͤtte. Arioſt gehoͤrte zu den Bekannten ſeiner Jugend;
235 797 1459 867 Machiavell hat eins und das andre ausdruͤcklich fuͤr ihn ge-
233 873 1458 937 ſchrieben; ihm erfuͤllte Raphael Zimmer, Gallerie und Ca-
231 949 1457 1013 pelle mit den Idealen menſchlicher Schoͤnheit und rein
231 1024 1455 1091 ausgeſprochener Exiſtenz. Leidenſchaftlich liebte er die Muſik,
231 1093 1458 1163 die ſich in kunſtreicherer Uebung eben damals in Italien
230 1166 1457 1240 ausbreitete; taͤglich hoͤrte man den Pallaſt von Muſik er-
229 1242 1455 1317 ſchallen; murmelnd ſang der Papſt ihre Melodien nach.
228 1317 1454 1390 Es mag ſeyn, daß dieß eine Art geiſtiger Schwelgerei iſt;
226 1392 1451 1464 es iſt dann wenigſtens die einzige, die einem Menſchen an-
226 1466 1454 1539 ſteht. Uebrigens war Leo X. voller Guͤte und perſoͤnli-
225 1542 1453 1612 cher Theilnahme: nie, oder nur in den glimpflichſten Aus-
224 1616 1452 1692 druͤcken ſchlug er etwas ab, obgleich es freilich unmoͤglich
222 1697 1451 1766 war, alles zu gewaͤhren. „Er iſt ein guter Menſch,“
220 1773 1448 1841 ſagt einer dieſer aufmerkſamen Geſandten, „ſehr freigebig,
220 1850 1450 1916 von gutartiger Natur; wenn ſeine Verwandten ihn nicht
219 1919 1448 1990 dazu braͤchten, wuͤrde er alle Irrungen vermeiden“ .
219 1991 1447 2057 „Er iſt gelehrt,“ ſagt ein andrer, „ein Freund der Ge-
219 2067 1446 2141 lehrten, zwar religioͤs, doch will er leben“ . Wohl nicht
337 183 1382 247 Kap. II. Die Kirche im Anf. d. 16. Jahrh.
243 185 291 223 70
374 2195 1446 2258 Zorzi. Per il papa non voria ni guerra ni fatiche, ma
216 2251 609 2294 questi soi lo intriga.
372 2326 1442 2387 Marco Minio: Relazione. E docto e amador di docti,
214 2377 1307 2436 ben religioso ma vol viver. Er nennt ihn bona persona.
