1600 2743
251 259 1507 337 genannt zu werden das Recht hatte, König der Römer.
251 350 1546 417 Man betrachtete auch in dem funfzehnten Jahrhundert den
250 432 1546 498 Kaiſer vor allen Dingen als den Nachfolger der altrömi-
250 512 1545 578 ſchen Cäſaren, deren Würde und Recht erſt an die Grie-
249 592 1544 658 chen, dann in Carl und Otto den Großen auf die Deut-
247 672 1544 743 ſchen übergegangen, als das eigentliche weltliche Oberhaupt
244 753 1542 822 der Chriſtenheit. Kaiſer Siegmund befahl, ſeine Leiche ei-
244 829 1541 904 nige Tage zu zeigen, damit Jedermann ſehen möge, daß
243 915 1541 981 „all der Welt Herr todt und geſtorben ſey.“  „Wir ha-
241 992 1537 1066 ben, ſchreiben die Churfürſten 1440 an Friedrich III, Ew.
240 1074 1539 1144 Kön. Gnade zu einem Haupt, Schützer und Vogt der ganzen
240 1153 1539 1225 Chriſtenheit erwählt:“ ſie ſprechen die Hofnung aus, daß
238 1234 1538 1302 das der römiſchen Kirche, der ganzen Chriſtenheit, dem hei-
237 1314 1503 1393 ligen Reiche und gemeinen Chriſtenleuten nützlich ſeyn ſolle.
236 1391 1538 1469 Selbſt ein fremder König Wladislaw von Polen, preiſt
236 1474 1538 1538 den Erwählten glücklich, daß er einſt das Diadem der
234 1547 1537 1629 Monarchie der Welt empfangen werde.  Man war in
233 1624 1548 1710 Deutſchland unbedenklich der Meinung, daß auch die übri-
232 1707 1542 1794 gen chriſtlichen Könige, namentlich von England, Spanien
232 1796 1544 1876 und von Frankreich dem Kaiſerthume von Rechtswegen un-
232 1869 1543 1965 terworfen ſeyen, und war nur darüber in Streit, ob ihr
119 1908 1535 2112 Ungehorſam entſchuldigt werden könne, oder als ſündlich
251 168 303 206 54
762 172 1033 228 Einleitung.
398 2117 1534 2214 Henrici VII Bannitio Florentiae bei Pertz IV, 520. sup-
227 2203 1534 2299 primentes, heißt es da, ipsius veri nominis (Regis Romanorum)
228 2263 1166 2319 dignitatem in ipsius opprobrium et despectum.
400 2321 1389 2401 Eberhard Windeck bei Mencken Scriptt. I, 1278.
398 2366 1529 2499 Schreiben der Churfuͤrſten 2ten Febr. 1440 bei Chmel Ma-
82 2446 1163 2525 terialien zur oͤſtreichiſchen Geſch. Heft II, p. 70.
397 2514 1341 2608 Literae Vladislai ap. Kollar Anal. II, p. 830.
