1600 2676
135 302 1351 365 mit den Franzoſen verſoͤhnt war, habe Carl dem II. von
135 376 1351 447 Spanien den Rath ertheilt den franzoͤſiſchen Prinzen zum
134 450 1350 516 Erben einzuſetzen, und dieſer Rath des h. Vaters habe bei
133 525 1348 594 der Abfaſſung jenes Teſtamentes, auf das ſo viel ankam,
130 599 571 655 vorzuͤglich mitgewirkt.
237 676 1350 735 Auf jeden Fall verließ der roͤmiſche Stuhl die anti-
130 746 1349 809 franzoͤſiſche Politik, die er ſeit Urban VIII. faſt ohne Aus-
129 822 1348 883 nahme befolgt hatte: er mochte es als die geringere Ver-
129 894 1348 957 aͤnderung, als das mindere Uebel anſehen, wenn die ganze
128 968 1346 1028 Monarchie ohne Theilung an einen Prinzen aus einem
126 1040 1344 1104 Hauſe uͤberging das ſich damals ſo vorzugsweiſe katholiſch
126 1117 1343 1174 hielt. Clemens XI, Gianfranc. Albani, gewaͤhlt 16. Nov.
127 1189 1343 1247 1700, lobte den Entſchluß Ludwigs XIV, die Erbſchaft an-
124 1259 1341 1322 zunehmen, oͤffentlich; er erließ ein Gluͤckwuͤnſchungsſchrei-
124 1336 1342 1399 ben an Philipp V, und gewaͤhrte ihm Subſidien aus geiſt-
123 1411 1341 1472 lichen Guͤtern, gleich als walte kein Zweifel an ſeinem Rechte
123 1486 1341 1547 ob . Clemens XI. konnte als ein Zoͤgling, recht als ein
121 1560 1340 1618 Repraͤſentant des roͤmiſchen Hofes angeſehen werden, den
121 1633 1339 1690 er niemals verlaſſen hatte; leutſeliges Weſen, literariſches
119 1705 1337 1760 Talent, untadelhaftes Leben hatten ihm den allgemeinen
120 1780 1337 1838 Beifall verſchafft ; den drei letzten Paͤpſten, ſo verſchieden
119 1852 1337 1913 ſie auch waren, hatte er ſich gleich ſehr anzuſchmiegen, noth-
1284 212 1353 248 173
507 202 982 258 Spaniſche Erbfolge.
118 2001 1336 2052 con l’armi che con le carte. L’altro che il papa non s’astenne
117 2055 1334 2105 di far publici elogj al christmo d’essersi ritirato dal partaggio
115 2107 970 2152 ricevendo la monarchia intiera per il nepote.
266 2171 1306 2218 Buder: Leben und Thaten Clemens XI, tom. I, p. 148.
264 2233 1332 2280 Erizzo: Relatione di Roma 1702. Infatti pareva egli la
115 2284 1332 2332 delizia di Roma, e non eravi ministro regio nè natione che non
115 2334 1331 2382 credesse tutto suo il cardinale Albani. Tanto bene, fuͤgt er
113 2390 1232 2433 hinzu, sapeva fingere affetti e variare linguaggio con tutti.
