1600 2700
101 246 1342 314 ſer nun auch den römiſchen Stuhl in den Beſitz der ihm von
101 327 1343 381 Ferrara und Venedig entriſſenen Landſchaften — jedoch mit
104 404 1340 458 ausdrücklichem Vorbehalt der Rechte des Reichs, — und
105 468 1343 535 die mediceiſche Familie in den Beſitz von Florenz wieder-
106 557 1344 610 herzuſtellen.  In die engſte Verbindung trat der Kaiſer
105 633 1348 686 mit dieſem Hauſe. Er ſagte ſeine natürliche Tochter dem
102 708 1348 763 jungen Aleſſandro Medici zu, an den die Herrſchaft in Flo-
101 783 1348 838 renz kommen ſollte. Denn ſo ſehr hatten ſich die Dinge
97 861 1345 917 geändert, daß der Kaiſer jetzt ſelbſt den Papſt gegen die
101 938 1343 992 unmittelbaren Wirkungen der Ligue in Schutz nehmen mußte.
102 1013 1347 1069 Aufs neue vereinte er ſich mit einem Papſt vom Hauſe
105 1090 1349 1143 Medici, wie im Jahre 1521. Allein welch ein Unterſchied
105 1166 1350 1220 gegen damals! Leo X hatte hoffen dürfen, in Mailand und
105 1243 1350 1297 Genua Herr zu werden, Ferrara zu erobern: Clemens VII
103 1318 1349 1373 mußte ſich begnügen, daß ihm durch fremde Hülfe der
104 1395 1372 1460 Kirchenſtaat wieder zurückgegeben, ſeine Vaterſtadt wieder-
105 1472 539 1522 erobert werden ſollte.
210 1549 1349 1602 Dieſer Anordnung der italieniſchen Angelegenheiten gin-
105 1624 1351 1679 gen nun noch andere Verabredungen zur Seite, obwohl ſie
106 1700 1352 1756 nicht eben alle in den Vertrag aufgenommen worden ſind.
214 1777 1353 1833 Johann Zapolya, der bis jetzt die Gnade des apoſto-
109 1849 1351 1908 liſchen Stuhles genoſſen, ward nunmehr verlaſſen, und bald
108 1930 1314 1985 darauf mit den ſtrengſten kirchlichen Cenſuren heimgeſucht
103 2007 1349 2060 In der engliſchen Sache vereinigte der Geſandte Ferdinands
441 150 997 198 Friede von Barcellona.
1272 153 1341 190 121
273 2082 1350 2130 Tractatus confoederationis inter Carolum V Imperatorem
103 2136 1351 2186 Romanorum — — et Clementem VII Romanum pontificem con-
106 2190 715 2233 clusus bei Du Mont IV, II, 1.
265 2243 1351 2288 Bei Katona XX, I, 551 die Klage Zapolya’s uͤber die Bulle,
106 2298 1352 2345 aus der er ſah, S. Sem — — me et incolas regni per censuras
105 2350 1351 2402 ecclesiasticas devovisse et a capite nostro Jesu Christo quod in
109 2404 628 2445 ea erat resectos declarasse.
