1600 2670
54 290 1276 349 Angelegenheit die in Bologna verſammelten Prälaten ſelbſt
54 366 365 419 zu Rathe ziehe.
162 440 1273 493 Sehr beſonders: dieſelbe Verſammlung, deren Berech-
56 514 1281 569 tigung der Kaiſer leugnete, wurde aufgefordert, ſich über die
56 589 939 643 Anträge zu äußern die er gegen ſie machte.
160 663 1275 723 Und dieſe lehnte nun nicht mit dürren Worten ab, nach
53 738 1274 792 Trient zurückzugehn, aber ſie machte Bedingungen die eben
55 813 1274 867 ſo gut waren wie eine vollkommen abſchlägliche Antwort. Vor
55 888 1272 944 allem ſollten die in Trient zurückgebliebenen Prälaten nach
55 963 1285 1016 Bologna kommen und ſich mit ihr vereinigen; dann wollte
56 1036 1273 1092 ſie im Voraus wiſſen, ob die deutſche Nation ſich dem Con-
59 1113 1276 1166 cil dergeſtalt unterwerfe, daß ſie die in Trient beſchloſſenen
58 1187 1275 1240 und bereits bekannt gemachten Decrete über die Glaubensfra-
58 1255 1275 1316 gen anerkenne, ſolche niemals in Zweifel zu ziehen ſich ver-
55 1337 1274 1392 pflichte; ferner ob der Kaiſer nicht etwa die bisher beobach-
54 1411 1274 1465 teten conciliaren Formen abzuändern gedenke; ob es der
55 1486 1271 1540 Mehrheit des Conciliums frei ſtehn werde, über neue Trans-
54 1560 1008 1615 lation oder Beendigung definitiv zu beſchließen.
159 1636 1270 1689 Eine Antwort die den Forderungen der deutſchen Na-
54 1703 1269 1766 tion und den Abſichten des Kaiſers ſchlechthin entgegenlief.
52 1787 1270 1843 Der Papſt händigte ſie dem kaiſerlichen Bevollmächtigten als
53 1862 1270 1915 ſeine eigne ein; dieſer erkannte, daß hier weiter nichts aus-
54 1937 907 1994 zurichten ſey, und trat ſeine Rückreiſe an.
158 2012 1273 2066 Dem Kaiſer konnte dieß wohl nicht unerwartet kommen;
189 191 1140 241 Entzweiung zwiſchen Kaiſer und Papſt.
1228 193 1274 229 13
218 2133 1271 2178 Schreiben des Cardinal de Monte an den Papſt, Bologna
54 2186 1268 2231 20 Dec. 1547. Am 19ten war die Congregation gehalten, in wel-
53 2238 747 2283 cher die Beſchluͤſſe gefaßt worden ſind.
213 2290 1268 2340 Vedendo il Cle che con tutto il negotio che si è pos-
51 2343 1265 2392 suto fare non s’havea altra resolutione, pigliò da S. Sà licentia.
51 2396 521 2440 (Rel. del Cl di Trento.)
