1600 2670
338 259 1464 317 In Bologna wagte man doch wirklich nicht, zu con-
229 332 1465 391 ciliaren Handlungen zu ſchreiten:  man begnügte ſich mit
226 407 780 460 vorläufigen Beſprechungen.
337 482 1464 539 Wie die beiden Häupter dort einwirkten, davon iſt ein
226 555 1464 614 Beiſpiel, daß als eine ſolenne Seſſion für die Mitte Sep-
225 629 1461 688 tember angekündigt war und der Papſt ſich Ende Auguſt aus
222 705 1461 762 Rom erhob, um ihr durch ſeine Gegenwart ſo größeres An-
222 778 1461 836 ſehn zu geben, — er verſäumte nicht vorher die Geſtirne um
220 853 1461 910 die glückliche Stunde zu befragen, — der kaiſerliche Geſandte
219 927 1461 987 ihm nacheilte und ihn durch Drohungen dahin brachte, daß die
222 1001 1392 1059 Sitzung nur in Form einer Congregation gehalten ward.
334 1074 1456 1135 So recht römiſch kam es dem Kaiſer vor, daß der päpſt-
232 1146 1459 1208 liche Geſandte, der ihn in Bamberg traf, ihn zu überreden
237 1219 1458 1285 ſuchte, ſeine ſiegreichen Waffen nun gegen England zu wen-
239 1294 1456 1360 den. Er antwortete, er wolle nicht aufs neue den Haupt-
236 1369 1452 1434 mann eines Mannes machen, der ihn in der Mitte der letz-
231 1444 1454 1499 ten Unternehmung verlaſſen habe. Der Nuntius erinnerte
226 1515 1453 1582 ihn mit officieller Frömmigkeit an ſeine Pflichten gegen die
220 1588 1452 1657 Religion. Der Kaiſer entgegnete, er wünſche nur, daß An-
218 1663 1452 1733 dere ihre Pflicht in dieſer Beziehung ſo gut erfüllen möchten
213 1737 546 1789 wie er die ſeine.
320 1812 1450 1878 Blieb er aber dabei, die Sache des Conciliums in ſei-
213 1886 1449 1955 nem Sinne durchzuſetzen, ſo fand er dafür eine mächtige
212 1958 1447 2031 Unterſtützung in dem Übergewicht das er jetzt in Deutſch-
214 2033 515 2079 land erworben.
230 163 253 197 4
471 161 1226 213 Neuntes Buch. Erſtes Capitel.
375 2120 1460 2173 Mendoza an den Kaiſer 26 Mai. Ha sido necesario ha-
212 2168 1441 2236 blar a Farnesio, para que alli (a Bologna) no hiziesse algun acto,
211 2229 1440 2289 y asegurarme primero con la palabra del papa diziendo que de
211 2278 870 2331 otra maniera yo haria el protesto.
372 2330 1371 2391 Mendoza an den Kaiſer 27 Aug., 2 Sept., 10 Sept.
369 2382 1160 2435 Bericht von Sfondrato. Pallavicini X, iii.
