<?xml version="1.0" encoding="UTF-8"?>
<PcGts xmlns="http://schema.primaresearch.org/PAGE/gts/pagecontent/2019-07-15" xmlns:xsi="http://www.w3.org/2001/XMLSchema-instance" xsi:schemaLocation="http://schema.primaresearch.org/PAGE/gts/pagecontent/2019-07-15 http://schema.primaresearch.org/PAGE/gts/pagecontent/2019-07-15/pagecontent.xsd">
<Metadata>
<Creator>regJS2PAGE.py</Creator>
<Created>2021-02-16T10:53:13.462542</Created>
<LastChange>2021-02-16T10:53:13.462542</LastChange>
</Metadata>
<Page imageFilename="tmp/ranke_paepste02_1836_0197.png" imageWidth="1600" imageHeight="2622">
<TextRegion id="block_0" custom="structure {type:body;}">
<Coords points="179,331 179,390 181,403 181,462 183,472 183,533 184,543 184,602 185,615 185,672 186,686 186,744 186,757 186,814 189,828 189,884 190,895 190,956 192,969 192,1026 191,1040 191,1101 192,1112 192,1171 194,1186 194,1241 196,1256 196,1311 196,1326 196,1383 197,1399 197,1457 199,1471 199,1535 1371,1535 1371,1471 1369,1457 1369,1399 1369,1383 1369,1326 1366,1311 1366,1256 1367,1241 1367,1186 1366,1171 1366,1112 1364,1101 1364,1040 1364,1026 1364,969 1363,956 1363,895 1362,884 1362,828 1360,814 1360,757 1356,744 1356,686 1357,672 1357,615 1355,602 1355,543 1353,533 1353,472 1351,462 1351,403 1350,390 1350,331 179,331"/>
<TextLine id="line_0">
<Coords points="179,342 304,342 318,338 622,338 648,337 819,337 836,345 918,345 935,344 975,344 1000,332 1209,332 1254,331 1350,331 1350,371 1254,371 1209,381 1000,381 975,384 935,384 918,375 836,375 819,383 648,383 622,390 318,390 304,390 179,390 179,342"/>
<Baseline points="179,390 304,390 318,390 622,390 648,383 819,383 836,375 918,375 935,384 975,384 1000,381 1209,381 1254,371 1350,371"/>
<TextEquiv><Unicode>Macht zuruͤckzunehmen, und aufs neue zu uͤbertragen. Man</Unicode></TextEquiv>
</TextLine>

<TextLine id="line_1">
<Coords points="181,412 310,412 331,410 440,410 467,406 534,406 560,405 635,405 663,407 839,407 857,405 1072,405 1089,403 1223,403 1248,410 1351,410 1351,450 1248,450 1223,452 1089,452 1072,446 857,446 839,454 663,454 635,454 560,454 534,454 467,454 440,457 331,457 310,462 181,462 181,412"/>
<Baseline points="181,462 310,462 331,457 440,457 467,454 534,454 560,454 635,454 663,454 839,454 857,446 1072,446 1089,452 1223,452 1248,450 1351,450"/>
<TextEquiv><Unicode>glaube nicht, daß dieß nur ſeine individuelle Anſicht gewe-</Unicode></TextEquiv>
</TextLine>

<TextLine id="line_2">
<Coords points="183,485 236,485 262,485 333,485 367,481 407,481 441,478 482,478 515,478 551,478 578,478 634,478 659,477 750,477 776,477 828,477 862,476 1065,476 1090,474 1265,474 1290,472 1353,472 1353,520 1290,520 1265,522 1090,522 1065,524 862,524 828,517 776,517 750,525 659,525 634,517 578,517 551,517 515,517 482,526 441,526 407,519 367,519 333,533 262,533 236,532 183,532 183,485"/>
<Baseline points="183,532 236,532 262,533 333,533 367,519 407,519 441,526 482,526 515,517 551,517 578,517 634,517 659,525 750,525 776,517 828,517 862,524 1065,524 1090,522 1265,522 1290,520 1353,520"/>
<TextEquiv><Unicode>ſen ſey: es iſt in der That die herrſchende Lehre der Je-</Unicode></TextEquiv>
</TextLine>

<TextLine id="line_3">
<Coords points="184,551 417,551 436,550 535,550 551,549 635,549 661,548 718,548 735,548 840,548 854,545 1059,545 1076,543 1134,543 1151,545 1204,545 1221,544 1355,544 1355,595 1221,595 1204,598 1151,598 1134,593 1076,593 1059,597 854,597 840,588 735,588 718,597 661,597 635,596 551,596 535,598 436,598 417,602 184,602 184,551"/>
<Baseline points="184,602 417,602 436,598 535,598 551,596 635,596 661,597 718,597 735,588 840,588 854,597 1059,597 1076,593 1134,593 1151,598 1204,598 1221,595 1355,595"/>
<TextEquiv><Unicode>ſuitenſchulen dieſer Zeit. In einem Handbuche fuͤr die Beicht-</Unicode></TextEquiv>
</TextLine>

<TextLine id="line_4">
<Coords points="185,624 281,624 289,648 299,648 334,625 400,625 433,623 496,623 530,621 630,621 665,621 717,621 741,629 844,629 876,617 1069,617 1094,616 1191,616 1215,615 1357,615 1357,655 1215,655 1191,656 1094,656 1069,665 876,665 844,668 741,668 717,660 665,660 630,669 530,669 496,672 433,672 400,663 334,663 299,672 289,672 281,665 185,665 185,624"/>
<Baseline points="185,665 281,665 289,672 299,672 334,663 400,663 433,672 496,672 530,669 630,669 665,660 717,660 741,668 844,668 876,665 1069,665 1094,656 1191,656 1215,655 1357,655"/>
<TextEquiv><Unicode>vaͤter, das ſich durch die ganze katholiſche Welt verbrei-</Unicode></TextEquiv>
</TextLine>

<TextLine id="line_5">
<Coords points="186,702 266,702 300,696 371,696 404,703 474,703 508,694 580,694 615,689 785,689 820,688 903,688 944,686 1067,686 1099,686 1238,686 1270,694 1356,694 1356,734 1270,734 1238,726 1099,726 1067,738 944,738 903,738 820,738 785,739 615,739 580,733 508,733 474,734 404,734 371,735 300,735 266,744 186,744 186,702"/>
<Baseline points="186,744 266,744 300,735 371,735 404,734 474,734 508,733 580,733 615,739 785,739 820,738 903,738 944,738 1067,738 1099,726 1238,726 1270,734 1356,734"/>
<TextEquiv><Unicode>tete, und von dem Magiſter ſacri palatii revidirt war,</Unicode></TextEquiv>
</TextLine>

<TextLine id="line_6">
<Coords points="186,767 275,767 301,766 352,766 378,763 544,763 569,762 709,762 735,761 824,761 849,760 951,760 983,759 1041,759 1068,759 1141,759 1166,757 1272,757 1298,767 1360,767 1360,796 1298,796 1272,808 1166,808 1141,798 1068,798 1041,799 983,799 951,800 849,800 824,810 735,810 709,805 569,805 544,814 378,814 352,805 301,805 275,807 186,807 186,767"/>
<Baseline points="186,807 275,807 301,805 352,805 378,814 544,814 569,805 709,805 735,810 824,810 849,800 951,800 983,799 1041,799 1068,798 1141,798 1166,808 1272,808 1298,796 1360,796"/>
<TextEquiv><Unicode>wird die fuͤrſtliche Gewalt nicht allein als dem Papſt un-</Unicode></TextEquiv>
</TextLine>

<TextLine id="line_7">
<Coords points="189,837 370,837 403,835 579,835 621,834 657,834 692,834 725,834 758,832 839,832 871,833 911,833 944,832 1011,832 1037,829 1118,829 1151,830 1206,830 1233,828 1362,828 1362,869 1233,869 1206,869 1151,869 1118,879 1037,879 1011,870 944,870 911,870 871,870 839,872 758,872 725,881 692,881 657,873 621,873 579,884 403,884 370,884 189,884 189,837"/>
<Baseline points="189,884 370,884 403,884 579,884 621,873 657,873 692,881 725,881 758,872 839,872 871,870 911,870 944,870 1011,870 1037,879 1118,879 1151,869 1206,869 1233,869 1362,869"/>
<TextEquiv><Unicode>terworfen betrachtet in ſo weit es das Heil der Seelen</Unicode></TextEquiv>
</TextLine>

<TextLine id="line_8">
<Coords points="190,909 370,909 397,909 434,909 461,909 499,909 534,904 624,904 650,905 748,905 773,903 838,903 864,895 987,895 1012,903 1174,903 1206,899 1260,899 1292,896 1363,896 1363,939 1292,939 1260,939 1206,939 1174,943 1012,943 987,943 864,943 838,943 773,943 748,945 650,945 624,954 534,954 499,947 461,947 434,956 397,956 370,956 190,956 190,909"/>
<Baseline points="190,956 370,956 397,956 434,956 461,947 499,947 534,954 624,954 650,945 748,945 773,943 838,943 864,943 987,943 1012,943 1174,943 1206,939 1260,939 1292,939 1363,939"/>
<TextEquiv><Unicode>erfordere:  es heißt darin mit duͤrren Worten: ein Koͤ-</Unicode></TextEquiv>
</TextLine>

<TextLine id="line_9">
<Coords points="192,979 252,979 285,976 389,976 420,986 535,986 576,975 749,975 790,976 868,976 907,970 1228,970 1263,969 1364,969 1364,1016 1263,1016 1228,1020 907,1020 868,1013 790,1013 749,1024 576,1024 535,1024 420,1024 389,1017 285,1017 252,1026 192,1026 192,979"/>
<Baseline points="192,1026 252,1026 285,1017 389,1017 420,1024 535,1024 576,1024 749,1024 790,1013 868,1013 907,1020 1228,1020 1263,1016 1364,1016"/>
<TextEquiv><Unicode>nig koͤnne wegen Tyrannei oder Vernachlaͤßigang ſeiner</Unicode></TextEquiv>
</TextLine>

<TextLine id="line_10">
<Coords points="191,1048 357,1048 384,1055 452,1055 479,1047 551,1047 569,1045 676,1045 702,1042 864,1042 892,1043 962,1043 975,1042 1067,1042 1084,1049 1154,1049 1172,1042 1228,1042 1244,1040 1364,1040 1364,1089 1244,1089 1228,1081 1172,1081 1154,1083 1084,1083 1067,1082 975,1082 962,1083 892,1083 864,1093 702,1093 676,1088 569,1088 551,1087 479,1087 452,1087 384,1087 357,1101 191,1101 191,1048"/>
<Baseline points="191,1101 357,1101 384,1087 452,1087 479,1087 551,1087 569,1088 676,1088 702,1093 864,1093 892,1083 962,1083 975,1082 1067,1082 1084,1083 1154,1083 1172,1081 1228,1081 1244,1089 1364,1089"/>
<TextEquiv><Unicode>Pflichten von dem Volke abgeſetzt, und dann von der Mehr-</Unicode></TextEquiv>
</TextLine>

<TextLine id="line_11">
<Coords points="192,1121 268,1121 293,1122 349,1122 374,1119 510,1119 536,1119 590,1119 617,1118 764,1118 790,1116 945,1116 970,1114 1084,1114 1109,1112 1258,1112 1283,1123 1366,1123 1366,1154 1283,1154 1258,1164 1109,1164 1084,1156 970,1156 945,1164 790,1164 764,1159 617,1159 590,1159 536,1159 510,1162 374,1162 349,1161 293,1161 268,1171 192,1171 192,1121"/>
<Baseline points="192,1171 268,1171 293,1161 349,1161 374,1162 510,1162 536,1159 590,1159 617,1159 764,1159 790,1164 945,1164 970,1156 1084,1156 1109,1164 1258,1164 1283,1154 1366,1154"/>
<TextEquiv><Unicode>zahl der Nation ein Anderer an ſeine Stelle gewaͤhlt wer-</Unicode></TextEquiv>
</TextLine>

<TextLine id="line_12">
<Coords points="194,1194 257,1194 281,1195 330,1195 381,1192 597,1192 613,1190 761,1190 788,1189 958,1189 977,1187 1169,1187 1190,1188 1244,1188 1261,1186 1367,1186 1367,1232 1261,1232 1244,1226 1190,1226 1169,1236 977,1236 958,1240 788,1240 761,1238 613,1238 597,1241 381,1241 330,1241 281,1241 257,1232 194,1232 194,1194"/>
<Baseline points="194,1232 257,1232 281,1241 330,1241 381,1241 597,1241 613,1238 761,1238 788,1240 958,1240 977,1236 1169,1236 1190,1226 1244,1226 1261,1232 1367,1232"/>
<TextEquiv><Unicode>den . Franciscus Suarez, Profeſſor primarius der Theo-</Unicode></TextEquiv>
</TextLine>

<TextLine id="line_13">
<Coords points="196,1263 284,1263 316,1272 357,1272 389,1261 552,1261 586,1261 697,1261 729,1261 770,1261 804,1259 866,1259 901,1258 938,1258 971,1258 1072,1258 1097,1256 1366,1256 1366,1304 1097,1304 1072,1306 971,1306 938,1297 901,1297 866,1308 804,1308 770,1298 729,1298 697,1309 586,1309 552,1303 389,1303 357,1311 316,1311 284,1311 196,1311 196,1263"/>
<Baseline points="196,1311 284,1311 316,1311 357,1311 389,1303 552,1303 586,1309 697,1309 729,1298 770,1298 804,1308 866,1308 901,1297 938,1297 971,1306 1072,1306 1097,1304 1366,1304"/>
<TextEquiv><Unicode>logie zu Coimbra macht es ſich in ſeiner Vertheidigung</Unicode></TextEquiv>
</TextLine>

<TextLine id="line_14">
<Coords points="196,1336 252,1336 273,1333 495,1333 528,1331 647,1331 680,1341 782,1341 809,1330 861,1330 893,1329 1132,1329 1158,1339 1232,1339 1258,1326 1369,1326 1369,1377 1258,1377 1232,1379 1158,1379 1132,1378 893,1378 861,1370 809,1370 782,1380 680,1380 647,1380 528,1380 495,1383 273,1383 252,1376 196,1376 196,1336"/>
<Baseline points="196,1376 252,1376 273,1383 495,1383 528,1380 647,1380 680,1380 782,1380 809,1370 861,1370 893,1378 1132,1378 1158,1379 1232,1379 1258,1377 1369,1377"/>
<TextEquiv><Unicode>der katholiſchen Kirche gegen die anglicaniſche zum beſon-</Unicode></TextEquiv>
</TextLine>

<TextLine id="line_15">
<Coords points="197,1408 278,1408 303,1404 461,1404 486,1405 538,1405 563,1404 657,1404 684,1405 744,1405 761,1402 954,1402 981,1411 1019,1411 1037,1399 1206,1399 1233,1401 1303,1401 1330,1410 1369,1410 1369,1450 1330,1450 1303,1441 1233,1441 1206,1442 1037,1442 1019,1452 981,1452 954,1445 761,1445 744,1444 684,1444 657,1453 563,1453 538,1446 486,1446 461,1457 303,1457 278,1448 197,1448 197,1408"/>
<Baseline points="197,1448 278,1448 303,1457 461,1457 486,1446 538,1446 563,1453 657,1453 684,1444 744,1444 761,1445 954,1445 981,1452 1019,1452 1037,1442 1206,1442 1233,1441 1303,1441 1330,1450 1369,1450"/>
<TextEquiv><Unicode>dern Geſchaͤft die Lehre des Bellarmin zu erlaͤutern und zu</Unicode></TextEquiv>
</TextLine>

<TextLine id="line_16">
<Coords points="199,1479 380,1479 408,1480 460,1480 520,1477 600,1477 631,1474 949,1474 970,1473 1131,1473 1157,1471 1236,1471 1267,1471 1371,1471 1371,1510 1267,1510 1236,1511 1157,1511 1131,1514 970,1514 949,1535 631,1535 600,1518 520,1518 460,1526 408,1526 380,1528 199,1528 199,1479"/>
<Baseline points="199,1528 380,1528 408,1526 460,1526 520,1518 600,1518 631,1535 949,1535 970,1514 1131,1514 1157,1511 1236,1511 1267,1510 1371,1510"/>
<TextEquiv><Unicode>beſtaͤtigen . Mit augenſcheinlicher Vorliebe aber bildet</Unicode></TextEquiv>
</TextLine>

</TextRegion>
<TextRegion id="block_1" custom="structure {type:pageNum;}">
<Coords points="1281,237 1281,272 1350,272 1350,237 1281,237"/>
<TextLine id="line_17">
<Coords points="1281,237 1350,237 1350,272 1281,272 1281,237"/>
<Baseline points="1281,272 1350,272"/>
<TextEquiv><Unicode>185</Unicode></TextEquiv>
</TextLine>

</TextRegion>
<TextRegion id="block_2" custom="structure {type:header;}">
<Coords points="447,235 447,287 1070,287 1070,235 447,235"/>
<TextLine id="line_18">
<Coords points="447,240 635,240 660,238 864,238 887,235 1070,235 1070,282 887,282 864,284 660,284 635,287 447,287 447,240"/>
<Baseline points="447,287 635,287 660,284 864,284 887,282 1070,282"/>
<TextEquiv><Unicode>Kirchlich politiſche Theorie.</Unicode></TextEquiv>
</TextLine>

</TextRegion>
<TextRegion id="block_3" custom="structure {type:note;}">
<Coords points="343,1565 343,1618 343,1621 199,1621 199,1670 200,1670 200,1719 201,1722 201,1772 201,1773 201,1822 202,1832 202,1872 202,1885 347,1885 347,1931 347,1935 204,1935 204,1982 206,1985 206,2033 205,2036 205,2084 205,2096 349,2096 349,2135 349,2146 207,2146 207,2194 207,2196 207,2243 209,2248 209,2292 210,2296 210,2343 210,2350 210,2394 814,2394 814,2350 1381,2350 1381,2343 1381,2296 1381,2292 1381,2248 1381,2243 1381,2196 1378,2194 1378,2146 1380,2135 1380,2096 1356,2096 1356,2084 1356,2036 1378,2036 1378,2033 1378,1985 1377,1982 1377,1935 1377,1931 1377,1885 471,1885 471,1872 471,1832 1374,1832 1374,1822 1374,1773 1373,1772 1373,1722 1372,1719 1372,1670 1371,1670 1371,1621 1371,1618 1371,1565 343,1565"/>
<TextLine id="line_19">
<Coords points="343,1577 526,1577 553,1565 821,1565 848,1581 887,1581 919,1573 1083,1573 1114,1571 1278,1571 1306,1571 1371,1571 1371,1601 1306,1601 1278,1601 1114,1601 1083,1602 919,1602 887,1602 848,1602 821,1606 553,1606 526,1618 343,1618 343,1577"/>
<Baseline points="343,1618 526,1618 553,1606 821,1606 848,1602 887,1602 919,1602 1083,1602 1114,1601 1278,1601 1306,1601 1371,1601"/>
<TextEquiv><Unicode>Aphorismi confessariorum ex doctorum sententiis col-</Unicode></TextEquiv>
</TextLine>

<TextLine id="line_20">
<Coords points="199,1632 290,1632 319,1633 429,1633 453,1625 628,1625 654,1623 713,1623 740,1631 841,1631 869,1626 1014,1626 1041,1621 1250,1621 1275,1628 1371,1628 1371,1652 1275,1652 1250,1660 1041,1660 1014,1652 869,1652 841,1662 740,1662 713,1663 654,1663 628,1657 453,1657 429,1660 319,1660 290,1670 199,1670 199,1632"/>
<Baseline points="199,1670 290,1670 319,1660 429,1660 453,1657 628,1657 654,1663 713,1663 740,1662 841,1662 869,1652 1014,1652 1041,1660 1250,1660 1275,1652 1371,1652"/>
<TextEquiv><Unicode>lecti, autore Emanuele Sa, nuper accurate expurgati a revmo</Unicode></TextEquiv>
</TextLine>

<TextLine id="line_21">
<Coords points="200,1681 241,1681 262,1680 310,1680 343,1679 427,1679 449,1677 574,1677 603,1675 652,1675 675,1674 771,1674 802,1684 833,1684 857,1673 930,1673 993,1673 1077,1673 1103,1670 1171,1670 1197,1673 1247,1673 1267,1673 1372,1673 1372,1713 1267,1713 1247,1705 1197,1705 1171,1714 1103,1714 1077,1712 993,1712 930,1706 857,1706 833,1715 802,1715 771,1706 675,1706 652,1707 603,1707 574,1719 449,1719 427,1711 343,1711 310,1712 262,1712 241,1713 200,1713 200,1681"/>
<Baseline points="200,1713 241,1713 262,1712 310,1712 343,1711 427,1711 449,1719 574,1719 603,1707 652,1707 675,1706 771,1706 802,1715 833,1715 857,1706 930,1706 993,1712 1077,1712 1103,1714 1171,1714 1197,1705 1247,1705 1267,1713 1372,1713"/>
<TextEquiv><Unicode>P. M. sacri palatii, ed. Antv. p. 480. Doch fuͤgt der Autor,</Unicode></TextEquiv>
</TextLine>

<TextLine id="line_22">
<Coords points="201,1731 287,1731 310,1732 356,1732 378,1731 452,1731 473,1739 502,1739 523,1728 617,1728 637,1737 672,1737 693,1725 790,1725 812,1725 920,1725 942,1725 1010,1725 1032,1724 1136,1724 1170,1722 1305,1722 1327,1728 1373,1728 1373,1754 1327,1754 1305,1761 1170,1761 1136,1765 1032,1765 1010,1762 942,1762 920,1767 812,1767 790,1767 693,1767 672,1769 637,1769 617,1761 523,1761 502,1761 473,1761 452,1770 378,1770 356,1763 310,1763 287,1772 201,1772 201,1731"/>
<Baseline points="201,1772 287,1772 310,1763 356,1763 378,1770 452,1770 473,1761 502,1761 523,1761 617,1761 637,1769 672,1769 693,1767 790,1767 812,1767 920,1767 942,1762 1010,1762 1032,1765 1136,1765 1170,1761 1305,1761 1327,1754 1373,1754"/>
<TextEquiv><Unicode>gleich als habe er damit zu wenig geſagt, noch hinzu: Quidem ta-</Unicode></TextEquiv>
</TextLine>

<TextLine id="line_23">
<Coords points="201,1790 274,1790 291,1782 374,1782 395,1779 488,1779 509,1781 661,1781 682,1786 836,1786 858,1775 1039,1775 1061,1783 1186,1783 1189,1773 1304,1773 1317,1782 1374,1782 1374,1813 1317,1813 1304,1805 1189,1805 1186,1815 1061,1815 1039,1816 858,1816 836,1809 682,1809 661,1821 509,1821 488,1821 395,1821 374,1822 291,1822 274,1812 201,1812 201,1790"/>
<Baseline points="201,1812 274,1812 291,1822 374,1822 395,1821 488,1821 509,1821 661,1821 682,1809 836,1809 858,1816 1039,1816 1061,1815 1186,1815 1189,1805 1304,1805 1317,1813 1374,1813"/>
<TextEquiv><Unicode>men juris periti putarunt summum pontificem suprema civili po-</Unicode></TextEquiv>
</TextLine>

<TextLine id="line_24">
<Coords points="202,1835 316,1835 336,1832 471,1832 471,1872 336,1872 316,1863 202,1863 202,1835"/>
<Baseline points="202,1863 316,1863 336,1872 471,1872"/>
<TextEquiv><Unicode>testate pollere.</Unicode></TextEquiv>
</TextLine>

<TextLine id="line_25">
<Coords points="347,1892 432,1892 461,1901 492,1901 515,1890 578,1890 604,1889 675,1889 700,1886 816,1886 837,1896 871,1896 893,1885 976,1885 998,1885 1069,1885 1094,1887 1199,1887 1218,1894 1275,1894 1294,1894 1377,1894 1377,1915 1294,1915 1275,1925 1218,1925 1199,1925 1094,1925 1069,1916 998,1916 976,1926 893,1926 871,1927 837,1927 816,1919 700,1919 675,1929 604,1929 578,1922 515,1922 492,1931 461,1931 432,1923 347,1923 347,1892"/>
<Baseline points="347,1923 432,1923 461,1931 492,1931 515,1922 578,1922 604,1929 675,1929 700,1919 816,1919 837,1927 871,1927 893,1926 976,1926 998,1916 1069,1916 1094,1925 1199,1925 1218,1925 1275,1925 1294,1915 1377,1915"/>
<TextEquiv><Unicode>Ibid. p. 508 (ed. Colon. p. 313) Rex potest per rem-</Unicode></TextEquiv>
</TextLine>

<TextLine id="line_26">
<Coords points="204,1943 360,1943 382,1942 498,1942 521,1941 561,1941 583,1939 780,1939 803,1940 835,1940 866,1937 895,1937 915,1947 980,1947 1001,1936 1099,1936 1124,1935 1265,1935 1287,1944 1377,1944 1377,1965 1287,1965 1265,1966 1124,1966 1099,1967 1001,1967 980,1968 915,1968 895,1969 866,1969 835,1969 803,1969 780,1980 583,1980 561,1972 521,1972 498,1982 382,1982 360,1982 204,1982 204,1943"/>
<Baseline points="204,1982 360,1982 382,1982 498,1982 521,1972 561,1972 583,1980 780,1980 803,1969 835,1969 866,1969 895,1969 915,1968 980,1968 1001,1967 1099,1967 1124,1966 1265,1966 1287,1965 1377,1965"/>
<TextEquiv><Unicode>publicam privari ob tyrannidem et si non faciat officium suum</Unicode></TextEquiv>
</TextLine>

<TextLine id="line_27">
<Coords points="206,1995 239,1995 264,2003 335,2003 360,1997 410,1997 435,1993 543,1993 571,2000 667,2000 693,1990 800,1990 831,1991 864,1991 884,1988 960,1988 980,1989 1085,1989 1113,1986 1194,1986 1215,1995 1235,1995 1255,1985 1378,1985 1378,2024 1255,2024 1235,2016 1215,2016 1194,2017 1113,2017 1085,2026 980,2026 960,2027 884,2027 864,2022 831,2022 800,2030 693,2030 667,2022 571,2022 543,2033 435,2033 410,2024 360,2024 335,2025 264,2025 239,2022 206,2022 206,1995"/>
<Baseline points="206,2022 239,2022 264,2025 335,2025 360,2024 410,2024 435,2033 543,2033 571,2022 667,2022 693,2030 800,2030 831,2022 864,2022 884,2027 960,2027 980,2026 1085,2026 1113,2017 1194,2017 1215,2016 1235,2016 1255,2024 1378,2024"/>
<TextEquiv><Unicode>et cum est aliqua causa justa, et eligi potest alius a majore</Unicode></TextEquiv>
</TextLine>

<TextLine id="line_28">
<Coords points="205,2046 295,2046 316,2044 440,2044 469,2042 594,2042 615,2044 720,2044 744,2039 846,2039 867,2037 1066,2037 1088,2046 1215,2046 1235,2036 1356,2036 1356,2075 1235,2075 1215,2068 1088,2068 1066,2077 867,2077 846,2071 744,2071 720,2071 615,2071 594,2083 469,2083 440,2084 316,2084 295,2082 205,2082 205,2046"/>
<Baseline points="205,2082 295,2082 316,2084 440,2084 469,2083 594,2083 615,2071 720,2071 744,2071 846,2071 867,2077 1066,2077 1088,2068 1215,2068 1235,2075 1356,2075"/>
<TextEquiv><Unicode>parte populi: quidam tamen solum tyrannidem causam putant.</Unicode></TextEquiv>
</TextLine>

<TextLine id="line_29">
<Coords points="349,2104 391,2104 414,2103 454,2103 476,2102 590,2102 615,2101 735,2101 757,2098 967,2098 985,2102 1044,2102 1069,2098 1211,2098 1235,2096 1308,2096 1330,2104 1380,2104 1380,2125 1330,2125 1308,2126 1235,2126 1211,2128 1069,2128 1044,2129 985,2129 967,2128 757,2128 735,2130 615,2130 590,2132 476,2132 454,2134 414,2134 391,2135 349,2135 349,2104"/>
<Baseline points="349,2135 391,2135 414,2134 454,2134 476,2132 590,2132 615,2130 735,2130 757,2128 967,2128 985,2129 1044,2129 1069,2128 1211,2128 1235,2126 1308,2126 1330,2125 1380,2125"/>
<TextEquiv><Unicode>R. P. Franc. Suarez Granatensis etc. defensio fidei ca-</Unicode></TextEquiv>
</TextLine>

<TextLine id="line_30">
<Coords points="207,2151 344,2151 366,2159 397,2159 419,2153 613,2153 635,2150 783,2150 810,2148 1007,2148 1036,2150 1140,2150 1168,2156 1293,2156 1321,2146 1378,2146 1378,2175 1321,2175 1293,2177 1168,2177 1140,2179 1036,2179 1007,2187 810,2187 783,2180 635,2180 613,2194 419,2194 397,2185 366,2185 344,2185 207,2185 207,2151"/>
<Baseline points="207,2185 344,2185 366,2185 397,2185 419,2194 613,2194 635,2180 783,2180 810,2187 1007,2187 1036,2179 1140,2179 1168,2177 1293,2177 1321,2175 1378,2175"/>
<TextEquiv><Unicode>tholicae et apostolicae adversus Anglicanae sectae errores lib.</Unicode></TextEquiv>
</TextLine>

<TextLine id="line_31">
<Coords points="207,2199 272,2199 304,2205 344,2205 376,2205 491,2205 523,2201 682,2201 715,2208 811,2208 844,2201 1036,2201 1068,2207 1161,2207 1194,2196 1381,2196 1381,2229 1194,2229 1161,2238 1068,2238 1036,2240 844,2240 811,2239 715,2239 682,2243 523,2243 491,2236 376,2236 344,2236 304,2236 272,2234 207,2234 207,2199"/>
<Baseline points="207,2234 272,2234 304,2236 344,2236 376,2236 491,2236 523,2243 682,2243 715,2239 811,2239 844,2240 1036,2240 1068,2238 1161,2238 1194,2229 1381,2229"/>
<TextEquiv><Unicode>III: de summi pontificis supra temporales reges excellentia</Unicode></TextEquiv>
</TextLine>

<TextLine id="line_32">
<Coords points="209,2253 242,2253 260,2258 430,2258 493,2253 559,2253 560,2251 684,2251 712,2252 769,2252 796,2252 845,2252 865,2250 990,2250 1018,2249 1206,2249 1237,2257 1295,2257 1317,2248 1381,2248 1381,2278 1317,2278 1295,2282 1237,2282 1206,2285 1018,2285 990,2290 865,2290 845,2284 796,2284 769,2291 712,2291 684,2291 560,2291 559,2288 493,2288 430,2292 260,2292 242,2282 209,2282 209,2253"/>
<Baseline points="209,2282 242,2282 260,2292 430,2292 493,2288 559,2288 560,2291 684,2291 712,2291 769,2291 796,2284 845,2284 865,2290 990,2290 1018,2285 1206,2285 1237,2282 1295,2282 1317,2278 1381,2278"/>
<TextEquiv><Unicode>et potestate. Man ſieht, daß der Lehrſatz Bellarmins von dem</Unicode></TextEquiv>
</TextLine>

<TextLine id="line_33">
<Coords points="210,2300 316,2300 341,2305 392,2305 418,2304 532,2304 559,2304 604,2304 629,2301 819,2301 846,2300 971,2300 995,2300 1101,2300 1124,2296 1381,2296 1381,2341 1124,2341 1101,2334 995,2334 971,2336 846,2336 819,2343 629,2343 604,2336 559,2336 532,2338 418,2338 392,2337 341,2337 316,2341 210,2341 210,2300"/>
<Baseline points="210,2341 316,2341 341,2337 392,2337 418,2338 532,2338 559,2336 604,2336 629,2343 819,2343 846,2336 971,2336 995,2334 1101,2334 1124,2341 1381,2341"/>
<TextEquiv><Unicode>Rechte des Volkes die uͤbertragene Gewalt wieder zuruͤckzunehmen</Unicode></TextEquiv>
</TextLine>

<TextLine id="line_34">
<Coords points="210,2350 366,2350 386,2352 589,2352 613,2355 705,2355 726,2352 814,2352 814,2391 726,2391 705,2393 613,2393 589,2394 386,2394 366,2388 210,2388 210,2350"/>
<Baseline points="210,2388 366,2388 386,2394 589,2394 613,2393 705,2393 726,2391 814,2391"/>
<TextEquiv><Unicode>beſondern Widerſpruch erregt hatte.</Unicode></TextEquiv>
</TextLine>

</TextRegion>
</Page>
</PcGts>