1600 2638
325 309 1554 368 Gerſon habe einſt hundert Mängel der kirchlichen Verfaſ-
326 374 1555 443 ſung aufgezählt: von denen ſey keiner gehoben, und viele
325 453 1553 514 neue ſeyen hinzugekommen. Ein eifriger Gegner der Pro-
325 527 1555 587 teſtanten, der Auguſtinerprior Johann Hofmeiſter, bemerkt
325 602 1554 664 doch, daß man noch fortfahre die unwürdigſten Prieſter zu
323 677 1552 737 weihen, daß die höhere Geiſtlichkeit ſich noch immer den
323 751 1552 809 kirchlichen Functionen entziehe, auf die Herſtellung der geiſt-
323 808 1550 881 lichen Güter einen ganz unverhältnißmäßigen Werth lege.
323 898 1552 957 Er warnt bereits, an den Gegnern nicht etwa Lehren zu
321 972 1551 1031 verdammen, welche die alten Väter vorgetragen.  Ganz
322 1045 1551 1100 allgemein erhob ſich aus dem Innern der bei dem alten
321 1121 1552 1175 Glauben verharrenden Länder, noch einmal im Sinne der
321 1196 1551 1255 alten Zeit, der Wunſch einer Reformation der Kirche. Ich
320 1271 1552 1329 finde ihn in Dedicationen fremdartiger Bücher, z. B. der
318 1345 1550 1403 Kaiſer-Biographien von Cuspinian, Carl dem V ans Herz
318 1420 1565 1482 gelegt. Jacob Spiegel drückt dem Coadjutor zu Wien, Fried-
318 1495 1549 1554 rich Nauſea, die Hofnung aus, ihn auf dem nächſten Reichs-
318 1561 1550 1627 tag an das Werk der Kirchenreformation Hand anlegen zu
319 1641 1549 1712 ſehen; dann will auch er die ſchöne und geräumige Behau-
319 1715 1548 1772 ſung die er ſich erbaut, verlaſſen, herbeieilen und an der Ar-
317 1788 695 1839 beit Theil nehmen.
423 1863 1548 1927 Auch deshalb eröffnete es eine ſo weite Ausſicht daß
315 1938 1547 2001 ſich der Kaiſer bewogen fühlte, Hand an dieß Werk zu le-
313 2013 1546 2075 gen. Merkwürdig, er hatte die Verabredungen von Frank-
312 2089 1544 2151 furt nicht formell beſtätigt, aber er ſetzte ſie in Vollziehung.
311 2164 1545 2225 In Hagenau ward verabſchiedet, daß von beiden Theilen
327 218 397 254 194
521 214 1363 268 Siebentes Buch. Fuͤnftes Capitel.
310 2258 1544 2316 ipse in lingua germanica non erat adeo perfectus, et deinde suum
310 2307 657 2358 judicium indicaret.
470 2363 1055 2418 Epp. ad Nauseam p. 302. 282.
467 2414 1228 2472 Epp. ad Nauseam 15 Nov. 1540 p. 288.
