1600 2700
244 256 1494 314 gen ſich darin den Kaiſer durch gemeinſchaftliche Geſandte
243 334 1493 391 zur Herausgabe der franzöſiſchen Prinzen unter annehm-
243 409 1492 469 baren Bedingungen und zur Befriedigung der engliſchen
242 483 1491 550 Geldanſprüche aufzufordern, und wenn er ihrem Vorſchlage
240 562 1492 621 kein Gehör gebe ihm ohne Verzug den Krieg anzukündi-
241 638 1491 697 gen.  Wie viel mehr aber mußte nun ihr Kriegseifer
242 714 1490 773 durch die Eroberung von Rom entflammt werden. Hein-
240 782 1490 854 rich VIII ſagt in der Vollmacht zu neuen Tractaten, die
238 856 1489 927 er dem Cardinal Wolſey ertheilt: die Sache des heiligen
195 943 1488 1004 Stuhles ſey eine gemeinſchaftliche aller Fürſten; nie ſey
238 1019 1488 1077 aber demſelben eine größere Schmach zugefügt worden als
236 1096 1489 1156 jetzt; und da dieſe nun von keiner Art von Beleidigung
237 1172 1489 1232 veranlaßt ſey, ſondern lediglich in ungezähmter Herrſchſucht
235 1248 1489 1309 ihren Grund habe, ſo müſſe man ſolchem ſeiner ſelbſt nicht
232 1324 1488 1384 mächtigen Ehrgeiz bei Zeiten mit gemeinſchaftlichen Kräf-
232 1400 1486 1461 ten begegnen.  Seine erſte Idee war, daß die noch freien
231 1477 1484 1540 Cardinäle ſich in Avignon verſammeln möchten, wo auch
229 1553 1485 1611 Wolſey erſcheinen werde; er rieth gleichſam einen neuen
229 1630 1486 1687 Mittelpunct für die Kirche zu erſchaffen. Da aber die
231 1707 1485 1766 Cardinäle nicht darauf eingingen, ſo verſprachen einander
228 1782 1484 1843 wenigſtens die beiden Könige, in keine Ankündigung eines
198 1858 1484 1922 Conciliums zu willigen, ſo lange der Papſt nicht frei ſey;
224 1934 1482 2000 ſich überhaupt jeder im Intereſſe des Kaiſers verſuchten
224 2010 1483 2072 Anwendung der kirchlichen Gewalt gemeinſchaftlich zu wi-
224 2085 1480 2145 derſetzen.  Jetzt endlich beſeitigten ſie definitiv die alten
249 157 297 194 14
500 155 1241 209 Fuͤnftes Buch. Erſtes Capitel.
390 2174 1478 2242 Traité de Westminster 30 April 1527 Du Mont IV, 1, 476.
389 2244 1479 2299 Ad tractandum super quocumque foedere pro resarcienda
222 2293 1465 2390 romanae sedis dignitate commissio regis bei Rymer VI, II, p. 80.
390 2351 1479 2407 Praesertim cum juris naturalis aequitate pensata non
221 2406 1479 2460 proprie a summo pontifice factum dici possit, quod ad aliorum
