1600 2622
347 286 1414 355 Ruhig waren hier die neuen Biſchoͤfe eingefuͤhrt wor-
242 356 1414 425 den: faſt alles Maͤnner von großer Wirkſamkeit. In Arras
240 425 1412 490 Franz von Richardot, der ſich auf dem Concilium von
238 492 1409 567 Trient mit den reſtaurirenden Principien erfuͤllt hatte, von
237 562 1408 634 dem man dabei nicht genug ruͤhmen kann, wie ſehr er in
237 634 1408 709 ſeinen Predigten Feſtigkeit und Nachdruck mit Feinheit
234 705 1406 779 und Bildung, in ſeinem Leben Eifer und Weltkenntniß ver-
231 775 1405 843 einigt habe : in Namur Antoine Havet, ein Domini-
231 846 1404 914 caner, vielleicht minder weltklug, aber auch fruͤher ein Mit-
228 916 1400 992 glied des Conciliums und eben ſo unermuͤdlich die Satzun-
225 988 1399 1058 gen deſſelben einzufuͤhren : in St. Omer Gerhard von
226 1057 1398 1131 Hamericourt, einer der reichſten Praͤlaten aller Provin-
224 1130 1396 1198 zen — zugleich Abt in St. Bertin — der ſich nun dem
222 1198 1394 1276 Ehrgeiz hingab junge Leute ſtudiren zu laſſen, Schulen
221 1271 1394 1339 zu ſtiften, und in den Niederlanden zuerſt dem Orden
220 1339 1392 1415 der Jeſuiten ein Collegium auf feſte Einkuͤnfte gegruͤn-
219 1411 1391 1488 det hat. Unter dieſen und andern Kirchenhaͤuptern hiel-
218 1485 1388 1553 ten ſich Artois, Hennegau, Namur, waͤhrend alle andern
215 1557 1387 1624 Provinzen in Feuer und Flammen ſtanden, von der wilden
214 1626 1386 1705 Wuth des Bilderſturmes frei : ſo daß alsdann auch
213 1695 1385 1766 die Reactionen des Alba hier nicht ſo gewaltſam eintra-
245 189 294 223 94
438 191 1181 247 Buch V. Gegenreformationen.
354 1854 1380 1924 Gazet: histoire ecclesiastique des pays-bas p. 143. fin-
207 1907 1380 1976 det ihn subtile e solide en doctrine, nerveux en raisons, riche
207 1960 1379 2026 en sentences, copieux en discours, poly en son langage et
205 2011 1377 2078 grave en actions, mais surtout l’excellente piété et vertu, qui
202 2057 1147 2116 reluisoit en sa vie, rendoit son oraison persuasive.
343 2115 1374 2183 Havensius: de erectione novorum episcopatuum in Belgio
199 2167 308 2207 p. 50.
352 2226 1372 2295 Hopper: Recueil et mémorial des troubles des pays-
197 2279 405 2312 bas 93. 98.
