1600 2670
193 194 1152 247 Entzweiung zwiſchen Kaiſer und Papſt.
66 292 1284 347 nur darauf berechnet ſchienen, diejenigen zu ſtrafen welche
65 368 1284 422 ſie übertreten würden und ihre Güter zu confiſciren, was
66 443 1284 498 dann ohne Weiteres geſchah. So eben baute er ſich ein
68 518 1286 579 Schloß, zu welchem er geweihte Plätze eingezogen, Häuſer
67 590 1287 645 von Witwen und Waiſen niedergeriſſen; man ſagte wohl,
67 668 1286 720 er werde die Angeſehenſten ſeines Gebietes dahin einladen
65 744 1287 796 und es mit ihrem Blute dem Satan weihen. So zog er
67 818 1283 875 denn auch das Schickſal der alten Tyrannen über ſich herein.
66 893 987 946 Eine Verſchwörung bildete ſich, der er erlag.
171 968 1286 1021 Wie die Dinge der Welt einmal ſtanden, ſo griff dieſe
67 1043 1198 1098 Ermordung mit allen großen Ereigniſſen zuſammen.
174 1118 1287 1170 Der kaiſerliche Befehlshaber in Mailand, Ferrante Gon-
72 1193 1289 1248 zaga, der längſt mit Mißvergnügen wahrgenommen daß Pier
72 1267 1290 1321 Luigi franzöſiſche Soldaten nach Piacenza kommen laſſen,
72 1342 1288 1398 ſäumte keinen Augenblick, dieſe Stadt jetzt im Namen des
69 1407 1287 1470 Reiches, das ſeine Anſprüche daran niemals aufgegeben, in
66 1482 1287 1545 Beſitz zu nehmen. Man glaubte allgemein, er habe das
65 1567 1284 1623 Unternehmen der Verſchwornen gekannt und ſey damit ein-
65 1642 1286 1695 verſtanden geweſen. Der florentiniſche Geſandte verſichert es
66 1717 1284 1771 mit Beſtimmtheit;  er meint annehmen zu dürfen daß auch
66 1792 1285 1845 Granvella darum gewußt habe. Wir finden Nachrichten,
65 1866 1286 1920 nach welchen der Kaiſer befragt worden, ſich anfangs ge-
66 1940 819 1993 ſträubt und endlich eingewilligt hatte.
1236 196 1281 232 11
226 2030 1288 2075 Details aus einer merkwuͤrdigen Vertheidigungsſchrift der
70 2082 1287 2128 Verſchwornen. Supplica delli conti Agostino Landi, Giov. An-
70 2134 1284 2179 gosciola, Alessandro e Camillo fratelli de Pallavicini, — nella
71 2185 1283 2235 quale allegano le cagioni che gli indussero a conspirar contra
68 2238 763 2286 P. L. Farnese. (Inform. politt. IV.)
227 2291 1280 2342 V. Eccel. puo esser certa che D. Ferrante sapeva quel
64 2343 554 2378 che s’ordinava a Piacenza.
225 2396 1198 2446 Avvertimenti al Da di Terranuova: Inf. politt. XII.
