1600 2743
114 147 1214 208 Lage der Dinge um die Mitte des 15 Jahrh.
56 252 1333 316 Nach einiger Zeit erklärten die Städte, er habe ihnen mehr
57 332 1289 395 Ungemach und Schaden zugezogen als ſie zuvor erlitten.
61 412 1334 472 Es war ihnen ſelbſt unerwünſcht, als er im J. 1474 mit
62 493 1334 560 alle den Beſtimmungen die er nun einmal hatte erneuert
62 571 1332 634 wurde. Die Fehde gieng nichts deſto minder fort. Bald
64 651 1333 712 darauf fiel eine der mächtigſten Reichsſtädte, eben dieß
67 730 1334 794 Regensburg wo jetzt der Landfriede verkündigt ward, in die
67 818 467 873 Hände der Baiern.
174 892 1335 952 Nach und nach verloren die vereinigten Gewalten alle
70 971 1337 1030 ihr Anſehn. Im J. 1479 wurden die Anträge des Kai-
68 1052 1338 1113 ſers und des Papſtes von den Reichsſtänden ſämmtlich zu-
68 1133 1179 1197 rückgewieſen und mit lauten Beſchwerden erwiedert.
174 1211 1339 1270 Und doch wäre es ſo unendlich wichtig geweſen daß
68 1294 894 1350 etwas Nachdrückliches geſchehen wäre.
180 1370 1341 1429 Ich will die nachtheiligen Folgen des Fehderechtes
70 1450 1341 1509 nicht erörtern. So ſchlimm waren ſie vielleicht nicht wie
68 1529 1340 1589 man gewöhnlich ſagt. Auch in dieſem Jahrhundert finden
66 1609 1339 1667 ſich Italiener, welchen die deutſchen Zuſtände im Vergleich
45 1689 1339 1745 mit ihrem Vaterlande, wo überall eine Faction die andre
66 1769 1340 1826 verjagte, glücklich und ſicher vorkamen.  Raub und Verwü-
1274 150 1330 188 75
227 1928 1338 1975 „daß die erbb. Staͤdte und die Iren in Zeitten ſollichs ge-
67 1987 1339 2032 mainen Friden und wider des Inhalt und Mainung mer Ungemachs
68 2041 1339 2089 Beſchaͤdigung verderblicher Koſt Schaden und Unfrid an iren Leu-
67 2098 1338 2146 ten Leiben und Guten gelitten, dann ſy vorher in vil Jaren und
65 2155 1339 2202 Zeytten je empfangen.“ Handlung zu Regensburg 1474. Frankfur-
65 2210 397 2249 ter AA. Bd. VIII.
229 2264 1338 2317 Aeneas Sylvius: Dialogi de autoritate concilii: fuͤhrt im
63 2324 1339 2372 zweiten dieſer Dialoge einen Novareſen ein, der den Deutſchen zu-
62 2378 1338 2431 ruft: Bona vestra vere vestra sunt: pace omnes fruimini et li-
59 2435 1340 2487 bertate in communi, magisque ad naturam quam ad opinionem
59 2491 1316 2542 vivitis. Fugi ego illos Italiae turbines. (Kollar Anal. II, 704.)
