1600 2419
248 258 1457 296 gewonnene Kupferstein silberhaltig, so wird er weiter mit Blei zu-
247 303 1454 341 sammengeschmolzen, welches das Silber und etwas Kupfer aufnimmt,
247 345 1457 388 und dann zur Reindarstellung des Silbers die bekannte Veränderung
246 391 1456 426 auf dem Treibherde durchzumachen hat. Dieses Verfahren sah ich
245 438 1456 476 u. A. zu Hachiman in Mino einschlagen. Weitaus die meisten und
245 484 1456 523 vor allen Dingen die besten japanischen Kupfergruben sind in Privat-
245 528 1455 568 händen. Unsere Tabelle B. führt als ertragreichste von allen Erz-
245 573 1456 614 bergwerken des Landes die Kupferminen von Beshi in Iyo auf der
245 618 1455 657 Insel Shikoku an. Es ist der im ganzen Lande seinem Renommé nach
244 665 1455 705 wohlbekannte Dô-san oder Kupferberg, welcher schon sehr lange
243 711 1454 749 ausgebeutet wird. Auf diese Gruben folgen diejenigen von Zomeki
243 754 1455 793 in Nagato, über die mir nichts weiter bekannt ist. Dasselbe gilt von
243 797 1451 840 den in der Liste sich anschliessenden Minen von Kusakura in Echigo.
243 844 1453 882 Tatesato in Yamato, Arakawa in Ugo, Nakasô in Bitchiu, sowie
242 888 1455 929 Takidani in Echigo. Der letztgenannten Grube geht in der Liste
243 931 1455 972 Ashio in Shimotsuke unmittelbar voraus. Dieses Berg- und Hütten-
243 975 1455 1016 werk befindet sich 6 ri von Nikkô, ist schon sehr lange (seit 1610 nach
243 1020 1453 1059 Lyman) im Betrieb und dürfte der von Kämpfer unter dem Namen
242 1064 1453 1103 Asingo angeführte Kupferlieferant sein. In Nikkô sah ich rosafar-
242 1110 1452 1148 bige Bergkrystalle von dort und hörte, dass die Hütte im Jahre 1873
242 1156 1449 1200 neben 500 Tonnen Kupfer 20000 kg Kupfervitriol geliefert habe,
241 1201 1453 1243 Mengen, welche indess sehr übertrieben zu sein scheinen. In dem-
241 1246 1453 1284 selben Gebiete (Oberlauf des Noshiro-gawa) von Katsuno des Akita-
242 1292 1453 1327 ken, welchem die schon erwähnten Siberminen von Ani und Kosaka
241 1336 1450 1374 angehören, befindet sich auch die Kupfermine von Osarusawa.
245 1380 1452 1425 Dieselbe galt noch vor 12 Jahren für eine der reichsten Japans. Sie
239 1427 1452 1467 liegt 24 ri nordwestlich von Morioka in Nambu, wohin durch Last-
239 1474 1452 1513 thiere das Kupfer gebracht wird, um dann in flachen Booten den Kita-
240 1521 1453 1558 kami-gawa hinunter nach Ichinomaki und von hier zur See nach Tôkio
239 1568 450 1604 zu gelangen.
315 1613 1452 1652 Unser Verzeichniss weist noch eine grosse Anzahl anderer Kupfer-
238 1658 1451 1690 werke in den verschiedensten Landestheilen auf und liefert damit den
707 183 995 208 II. Montanindustrie.
249 180 305 206 358
342 1794 1450 1826 Der enorme Preisrückgang des Kupfers während der letzten vier Jahre ist
238 1831 1450 1866 auch auf die Production und Rentabilität japanischer Kupferminen nicht ohne
238 1868 506 1898 Einfluss geblieben.
368 1913 1291 1947 Siehe Lyman: Geological Survey of Japan. Reports 1878—79.
370 1959 1449 1991 Im Herbst 1874 begegnete ich auf dem Wege von Morioka nach dem
237 1993 1448 2028 Ganju-san vielen mit solchem Kupfer beladenen Pferden und Ochsen und hörte
238 2030 1449 2064 dann am folgenden Tage, dass abermals 39 Pferdelasten davon zur Verschiffung
239 2067 512 2095 angekommen seien.
