1600 2419
139 265 1345 301 nicht unter der Hand, besitzen die grösste Festigkeit und Porosität
138 310 1344 348 und kommen in den geschmeidigsten, zartesten Sorten vor. Das Papier
139 355 1344 393 von dem Bast der weissen Maulbeere kommt den Broussonetia-Papie-
139 400 1345 438 ren am nächsten, steht ihnen aber an Gleichförmigkeit, Feinheit und
139 446 439 476 Stärke weit nach.
216 492 1344 531 Gampi- (Wickstroemia-) Papier wird nur in dünnen, leichten
141 539 1345 577 Bogen dargestellt. Es zeichnet sich durch gelbe Farbe, hohen, seiden-
138 585 1345 622 artigen Glanz und grösste Gleichmässigkeit aus; auch knirscht es unter
139 629 1343 667 der Hand. Von der auf Tafel XIII. gegebenen Probe Gampi wiegen
143 675 1343 711 100 Blätter von je 24 cm Länge und 16,5 cm Breite, also 3,96 □m
140 719 1344 757 nur 45 Gramm. Bei seiner Leichtigkeit und Durchsichtigkeit ist die
139 763 1345 801 Festigkeit geradezu überraschend. Man kann es knicken, falten, in
141 807 1344 845 Ballen rollen und wieder ausstrecken, ohne dass es bricht oder sonst
138 854 238 881 leidet.
217 898 1346 940 Mitsu-mata- (Edgeworthia-) Papier hat ebenfalls eine deutlich
139 947 1347 983 ausgeprägte gelbe Farbe, kommt aber weder an Glanz und Feinheit
139 990 1347 1034 noch auch in der Stärke dem Gampi gleich. Immerhin zeigen Gampi-
139 1037 1346 1075 und Mitsu-mata-Papiere viel Aehnlichkeit untereinander. Mehr noch
138 1083 1346 1125 tritt diese Aehnlichkeit bei der genaueren mikroskopischen Unter-
139 1129 1346 1166 suchung der Bastzellen hervor, aus denen sie bestehen. Man erkennt
139 1175 1345 1215 dann, dass ihre grössere Feinheit und der seidene Glanz dieser Papiere
138 1221 1344 1257 bedingt ist durch ihre Zellen. Dieselben sind kaum halb so breit, viel
139 1265 1344 1304 dünnwandiger und gleichförmiger, als die Broussonetiazellen, dabei
139 1311 1344 1349 von hohem Glanze. Hierdurch ist es möglich unter dem Mikroskop
140 1356 1345 1394 Papiere, welche aus einer Mischung von Broussonetia-Bastmasse mit
138 1401 1342 1439 solcher von Mitsu-mata oder Gampi erzeugt wurden, sofort zu erkennen.
137 1445 1343 1485 Wie die beiden letzten verhalten sich auch die Bastsorten der übrigen
138 1492 1342 1529 Thymelaeaceen, z. B. von den Daphne- und Edgeworthia-Arten,
137 1536 1340 1574 welche in den Himalaya-Landschaften zu Papier verarbeitet werden.
137 1581 1342 1621 Der grösseren Feinheit ihrer Zellen entspricht die geringere Wider-
137 1627 1343 1665 standskraft ihrer Papiere gegenüber denjenigen aus dem Baste der
136 1673 815 1714 Papiermaulbeere und ihrer Verwandten.
215 1721 1342 1761 Etwa 0,4 % aller japanischen Büttenpapiere sollen in den beiden
138 1768 1344 1808 südwestlichen Provinzen Tosa und Iyo der Insel Shikoku dargestellt
136 1814 1339 1847 werden und zwar fast ausschliesslich aus dem Bast der Kôdzo-Rinde.
607 190 869 219 5. Papierindustrie.
1288 195 1345 222 479
136 1904 1342 1937 ken dienen, werden aus Kôdzo-Papier dargestellt. Ihre eine Seite wird nach dem
135 1943 433 1972 Drehen roth gefärbt.
240 1978 1342 2009 In dem Prachtwerke von L. Gonse: »L’Art japonais« ist jede der colorierten
136 2017 1341 2050 Tafeln mit einem Bogen Gampi bedeckt, dem alle Vorteile des Seidenpapiers zu-
133 2054 1340 2085 kommen, das sich aber durch seine grosse Festigkeit vor diesem besonders aus-
134 2094 258 2117 zeichnet.
