1600 2419
250 265 1460 316 tertiären Thon und Kaolin bereitet,  wird ihr nämlich Feuerstein,
250 309 1461 359 Gips oder Knochenasche beigefügt. Weiches Porzellan, einerlei, ob
250 357 1460 400 es wie das englische sich dem Steingut, oder wie das französische
249 401 1461 450 Frittenporzellan nach seinen Bestandteilen und Eigenschaften dem
248 447 1459 494 Glase nähert, schmilzt bei der Brennhitze des gewöhnlichen harten.
246 493 1461 541 Daher wird dieses in allen Ländern vorwiegend dargestellt und benutzt
247 539 1460 584 und ist immer gemeint, wenn von Porzellan ohne Weiteres die Rede
245 585 1460 637 ist. Dass es aber auch unter diesem noch manche Abstufungen gibt
245 631 1459 677 und insbesondere das japanische verschiedene Eigenthümlichkeiten auf-
245 677 1459 727 weist, werden wir im Zusammenhang mit seiner Darstellung noch
244 721 1460 769 näher kennen lernen. Zum besseren Verständniss mögen hier zunächst
243 766 863 808 einige geschichtliche Notizen folgen.
321 813 1456 860 Wie bei andern Völkern, so hat auch in Japan die Bildnerei
243 856 1456 908 irdener Gefässe bereits in vorgeschichtlicher Zeit mit geringen Hülfs-
242 902 1457 948 mitteln begonnen und erst allmählich eine höhere Stufe der Kunst-
242 945 1456 995 fertigkeit erreicht. Wann und wo man zuerst gewöhnliche Lehmerde
240 990 1456 1039 mit der Hand zu plumpen Töpfen und andern Gefässen geformt und
242 1034 1456 1084 durch eine unzweckmässige Feuerung ähnlich wie Backsteine gebrannt
243 1079 1455 1126 hat, ist für unsere Zwecke gleichgültig, dürfte überdies kaum zu er-
240 1125 1454 1172 mitteln sein. Die Hauptanhaltspunkte sind alte Gräberfunde und
240 1172 1454 1224 sonstige Ausgrabungen. Sie beweisen, dass die Töpferei in Japan vor
239 1217 1453 1264 der koreanischen Einwanderung  im dritten Jahrhundert noch in den
238 1263 1454 1318 Windeln lag und auch noch Jahrhunderte später bis zur Einführung
238 1308 1452 1355 der Drehscheibe sich über die Leistungen vieler andern Völker nicht
237 1353 1451 1398 erhob. Die plumpen rundlichen Formen mit rauher Oberfläche ohne
236 1399 1450 1444 Verzierung entsprachen dem ordinären Material und seiner rohen Zu-
235 1445 1449 1497 bereitung. Es waren ziegelrothe, braune bis schwarze unglasierte
235 1492 1454 1540 Terracotten, deren Farbe oft auf der einen Seite anders war, als auf
234 1537 1450 1580 der andern, wenn ungleiche Hitze auf sie eingewirkt hatte. Dach-
233 1583 1450 1627 ziegeln wurden bereits um das Jahr 660 n. Chr. gebrannt. Der Zufall
233 1628 1450 1678 musste schon frühzeitig auch Steinzeug liefern. Mit Kochsalzglasur
232 1673 1450 1718 versehene Stücke dieser Art sind nicht selten,  stammen aber wohl
233 1719 1446 1763 alle aus der Zeit nach Einführung der Rokuro oder Drehscheibe.
248 190 305 215 544
585 193 1117 225 III. Kunstgewerbe und Verwandtes.
333 1857 1448 1896 Zu dem schönen Seger-Porzellan der Neuzeit wird kein Kaolin, sondern
232 1893 1115 1929 Mikroklin von Ytterby und fetter Braunkohlenthon benutzt.
346 1933 1446 1974 Dieselbe begann mit der Eroberung eines Theils von Korea durch Jingu
230 1966 997 2005 Kôgô im Jahre 202 n. Ch. (siehe Band I, pg. 248).
359 2005 1446 2048 So besitzt das Ethnographische Museum zu Berlin ein Stück von Dr. Hilgen-
231 2038 1444 2081 dorf, welches aus Awa stammen soll. Es ist ein Cylinder mit an drei Stellen
229 2074 1074 2115 fensterartig durchbrochener Wandung auf breitem Fusse.
