1600 2398
188 199 1357 254 Kaiser Toba verbot den Samurai verschiedener Provinzen, sich
111 240 1358 296 als Vasallen der Minamoto und der Taira zu constituieren. Es war
112 295 1357 344 ein Kämpfen gegen den Wind. Das Feudalwesen hatte sich allmäh-
112 333 1357 396 lich so entwickelt und gekräftigt, dass solche Autoritäten, wie sie in
138 388 1357 441 Kiôto vertreten waren, den Anhängern der Minamoto und Taira nicht
111 435 1356 486 mehr imponieren konnten. Die Rivalität beider Häuser wuchs mit
109 476 1355 538 ihrem Gefühle der Selbständigkeit und Unabhängigkeit. Nicht aus
134 534 1355 583 Loyalität, sondern um dem eigenen Streben nach Herrschaft eine
112 578 1355 633 rechtliche Form zu geben, gehorchte bald die eine, bald die andere
112 619 1355 683 Partei den Befehlen des Hofes, um sie gegen den Gegner zu ver-
112 675 251 712 werthen.
185 726 1353 776 Es währte nicht mehr lange, und über die Häupter der Herrscher-
108 762 1354 823 familie und ihres Beamtenheeres hinweg raste der Sturm, wüthete der
118 820 1352 869 lang vorbereitete Kampf zwischen Taira und Minamoto um die höchste
136 867 1352 917 Macht. In der japanischen Geschichte führt er den Namen Gen-Pei-
110 905 1351 966 Kassen . Die Kämpfe der Welfen und Ghibelinen, der rothen und
108 961 1351 1017 weissen Rose und andere bemerkenswerthe Bürgerkriege erscheinen
128 1012 1351 1067 kurz gegen diese Jahrhunderte lang dauernde bittere Fehde des japa-
107 1056 1350 1113 nischen Mittelalters. Ihre Geschichte ist jedem Japaner geläufig. Es
126 1105 1350 1159 knüpft sich daran die Erinnerung an die grössten Verwirrungen, die
106 1148 1349 1209 aufregendsten Ereignisse und die blutigsten Kämpfe, welche sich je
105 1196 1349 1256 in Japan abwickelten. Neben der Entfaltung grosser Tapferkeit und
105 1244 1351 1297 eines wahrhaft bewundernswerthen Heldenmuthes werden die denkbar
105 1292 1349 1348 gemeinsten Mittel, wie Arglist, lang vorbereitete Rache und Meuchel-
105 1339 1356 1403 mord nicht verschmäht, um den gefürchteten Concurrenten oder ver-
106 1378 1348 1448 hassten Gegner zu vernichten. Man hat diesen Streit um den Vorrang
105 1434 1328 1489 in der Feudalherrschaft in historischen Romanen viel beschrieben;
106 1483 1348 1544 auch gibt es eine besondere Geschichte der Minamoto (Genji mono-
106 1531 1348 1593 gatari) sowohl, als der Taira (Heike monogatari) . In dem Folgen-
107 1571 1348 1639 den wird eine kurze Darstellung seiner Entwickelung und seines Ver-
114 1629 368 1680 laufes gegeben.
278 126 1188 165 2. Periode. Von der Gründung der Hauptstadt Kiôto etc.
1300 137 1357 165 265
221 1766 1344 1803 Der Name Gen-Pei-Kassen kommt von den chinesischen Worten Gen
103 1800 1344 1849 oder Genji, Quelle (japanisch Minamoto), Hei (Pei) oder Heika, Friede (japanisch
102 1836 1342 1899 Taira) und Kassen, Kampf oder Fehde. Die Hauptkämpfe fallen in die zweite
173 1883 1342 1921 Hälfte des 12. Jahrhunderts. Mehrere Minamoto zeichneten sich dabei durch
103 1930 1343 2057 grosse Tapferkeit aus und gewannen den Sieg. Für sie schwärmte die japanische
185 2002 1341 2046 das Gen-Pei-Kassen aufgeführt wurde, wollte jeder Minamoto, keiner Taira sein,
180 2042 1085 2079 so dass die Parteien durch das Loos bestimmt werden mussten.
220 2080 1344 2120 Diese »l’Histoire des Taira« hat F. Turrettini in Genf ins Französische
134 2111 236 2143 übersetzt.
