1600 2419
358 289 1492 336 Das Stichblatt, Tsuba, ist so alt wie das Schwert. Es bildet
280 333 1491 381 eine etwa einen Millimeter dicke, kreisförmige, meist aber ovale Metall-
277 379 1490 430 platte von ungefähr 6 cm Durchmesser mit einer Oeffnung in der Mitte
277 423 1489 476 für den Durchgang der Schwertklinge. Eine zweite Oeffnung zur Seite
276 469 1488 520 diente zur Einfügung eines geraden Messers, des Ko-dzuka, dessen
277 515 1488 562 Klinge in einer äusseren Furche der Scheide mit einer Grube zur Auf-
275 562 1488 609 nahme der Spitze zu liegen kam. Oft zeigt das Stichblatt noch eine
274 606 1487 654 dritte Durchbrechung auf der entgegengesetzten Seite des eben er-
273 653 1486 699 wähnten, welche zur Aufnahme des Kô-gai, eines noch viel kleineren
272 697 636 729 Messers bestimmt ist.
348 744 1485 791 Sa ya, die Schwertscheide, wurde in der Regel aus dem Holze
270 786 1483 841 des Ho-no-ki (Magnolia hypoleuca) dargestellt und durch Lacküberzüge
269 832 1483 880 geschützt und ausgeschmückt. Der grösste Luxus entwickelte sich
264 876 1482 926 jedoch von der Zeit der Ashikaga-Shôgune im 15. Jahrhundert an in
268 920 1482 970 der Metallverzierung des Stichblattes, Griffes und des Stiels vom Ko-
267 965 1481 1015 dzuka. Dieser Zweig des Kunstgewerbes hat, wie W. Anderson be-
267 1011 1481 1057 tont, Japan Tausende geschickter Arbeiter und Dutzende berühmter
265 1054 549 1093 Meister gegeben.
345 1100 1477 1157 Es wurde schon pg. 509 hervorgehoben, dass die Eisenindustrie,
263 1147 1479 1201 soweit sie die Ausrüstung des Kriegers betrifft, mit den Kämpfen der
263 1191 1478 1250 Taira und Minamoto (Bd. I, pg. 264 ff.) ihren grossen Aufschwung
262 1238 1477 1294 nahm. Geschickte Schwertfeger gelangten zu hochgeachteter gesell-
260 1283 1476 1332 schaftlicher Stellung und erwarben sich mit ihren Schwertern unsterb-
259 1328 1474 1383 lichen Ruhm. Kiôto, Ôzaka und Kamakura waren die Hauptsitze
258 1371 1472 1426 derselben, in späteren Jahrhunderten auch Okayama in Bizen, Sakai
256 1418 883 1460 in Idzumi, Seki in Mino und Tôkio.
334 1467 1472 1519 Masamune, welcher um das Jahr 1290 in Kamakura lebte, wird
254 1510 1471 1564 besonders hochgestellt.  Sein Name erlangte adjektivische Bedeu-
252 1558 1469 1610 tung im Sinne vollkommenster Leistung und wurde später dem be-
252 1602 1468 1654 rühmten Bildschnitzer Jôchô zu Nara in Yamato beigelegt, eine Aus-
251 1647 1467 1698 zeichnung, deren sich auch dessen Nachfolger noch 6 Generationen
251 1690 574 1726 hindurch erfreuten.
281 212 338 240 516
617 218 1145 250 III. Kunstgewerbe und Verwandtes.
369 1771 1024 1812 Murray’s Handbook of Japan. 2. ed. pg. 115.
369 1806 1464 1849 Wer über die Geschichte der japanischen Schwerter sich mehr unterrichten
248 1837 1008 1882 will, den verweise ich auf folgende Abhandlungen:
342 1874 1460 1918 1) The Sword of Japan, by Thos. Mc Clatchie, in Transactions of the As.
386 1910 949 1948 Soc. of Japan. Vol. 2. 1874. pg. 63 ff.
339 1941 1461 1985 2) Die Japanischen Schwerter, von G. Müller-Beeck, Zeitschrift für Ethno-
386 1975 820 2013 logie. 14. Bd. 1882. pg. 30 ff.
339 2007 1461 2051 3) Das Japanische Schwert, von G. Hütterott. Mittheil. der deutsch. Gesell-
380 2042 838 2079 schaft Ostasiens. 33. Heft 1885.
360 2072 1457 2120 Siehe W. Anderson in Satow & Hawes: »A Handbook for Travellers in Ja-
244 2099 755 2148 dan.« 2. ed. London 1884. pg. [103].
