1600 2398
218 134 1249 171 4. Periode. Das Shôgunat der Ashikaga vom Falle der Hôjô etc.
112 204 1362 258 nicht sowohl ein Tribut, als vielmehr eine Entschädigung gewesen
113 254 1362 305 sei für die Verluste, welche japanische Seeräuber den chinesischen
112 298 532 355 Küsten zugefügt hatten.
190 356 1363 402 In Kiôto entfaltete Yoshimitsu grossen Glanz. Die beiden Tempel
114 394 1363 449 Kinkakuji und Ginkakuji (Gold- und Silberhaus) in der Nähe der
113 441 1363 496 Stadt, welche ihrer Gartenanlagen wegen zu den grossen Sehens-
114 496 1363 542 würdigkeiten der südlichen Hauptstadt gerechnet werden, verdanken
112 537 372 579 ihm ihren Ruf.
192 593 1363 637 Bald nach dem Tode des Yoshimitsu gab es neue Zerwürfnisse
113 640 1364 685 mancherlei Art, nicht bloss wegen der Erbfolge in der Kaiserwürde
114 686 1363 733 und dem Shôgunat, sondern auch unter den grossen Vasallen des
113 726 1362 776 Landes, durch welche weitere anderthalb hundert Jahre hindurch das
114 773 1363 827 Land verwüstet wurde. Viele Vasallen waren übermächtig geworden
113 827 1358 877 und kümmerten sich wenig um Kaiser und Reich, oder nur dann,
113 877 1362 923 wenn ihre eigenen Interessen mit ins Spiel kamen. Ihre Fehden
114 925 1363 972 unter einander nahmen kein Ende. So führten beispielsweise die
114 971 1363 1022 mächtigen Häuser Takeda von Kôshiu und Uyesugi von Echizen
114 1019 1362 1068 viele Jahre hindurch Krieg mit einander. Es war dies ein alljähr-
112 1058 1362 1114 lich wiederkehrendes Sommervergnügen für Takeda-Shingen, bei dem
114 1115 1363 1161 es sogar ganz ritterlich und commentmässig herging. Die meisten
133 1159 1359 1209 bedeutenden Daimio (grosse Namen) der Folgezeit, wie die Shimadzu,
141 1209 1359 1258 Hosokawa, Ôtomo, Môri, Tokugawa, Hôjô (von Odawara), Takeda,
114 1246 1360 1306 Maëda, Satake, Ota etc. legten in ihr den Grund zu ihrer Herrschaft,
115 1299 1363 1352 oder erweiterten und befestigten dieselbe. Ihre Vasallen, die Kerai
114 1347 1363 1401 oder Samuraiklasse, fühlten sich nur noch in ihren Beziehungen zum
115 1397 1364 1448 nächsten Lehnsherrn, dem sie blindlings folgten, ob es galt für oder
116 1447 871 1487 gegen den Mikado das Schwert zu ziehen.
193 1499 1365 1544 Wie gross der materielle Ruin des Landes und wie gesunken das
115 1536 1365 1592 Ansehen des Mikado in der letzten Hälfte dieser Periode waren, beweist
116 1594 1358 1638 auch die Thatsache, dass, als im Jahre 1500 Go-Tsuchi-Tennô,
117 1633 1363 1688 der 102. Mikado, in Kiôto starb, sein Leichnam 40 Tage lang an
117 1681 1364 1734 den Thoren des Schlosses aufbewahrt werden musste, weil es an den
115 1734 1365 1784 nöthigen Mitteln fehlte, die Kosten der vorschriftsmässigen Beerdigung
116 1782 1362 1826 zu bestreiten. M. v. Brandt, welcher dieses interessante Factum
115 1828 1360 1875 erwähnt, weist sehr passend darauf hin, dass es in die Zeit fällt,
1304 137 1362 166 299
237 1929 1364 1963 Die Analogie mit den mittelalterlichen Zuständen in unserer deutschen
116 1951 1364 2003 Heimath tritt allenthalben hervor und liesse sich auch auf das religiöse Gebiet
115 1999 256 2037 verfolgen.
237 2048 1367 2083 M. von Brandt: The discovery of Japan and the introduction of
117 2070 1361 2121 Christianity. Mittheilungen der Deutschen Ostasiat. Gesellschaft etc., Heft 5,
115 2115 292 2151 pag. 28 etc.
