1600 2398
712 141 1017 177 I. Zur Orientierung.
239 219 1484 265 Kaiserin Jingô Kôgô (201—269 n. Chr.), welche als Wittwe des
242 266 1484 318 14. Mikado zwischen diesem und dem 15. eine glorreiche Regierung
238 314 1479 367 führte, theilte nach ihrer siegreichen Rückkehr aus Shiraki (Korea)
240 363 1484 408 die Provinzen ihres Landes nach dem Muster von Korea ein in das
240 410 1484 460 Kinai oder Gokinai, d. h. die fünf Stammprovinzen oder kaiser-
240 458 1411 512 lichen Residenzländer, weil darin die Residenzen aller Mikado’s bis
240 505 1484 555 auf den jetzigen lagen, auch wohl Kamigata genannt, und in die
241 553 1245 596 Shichi-dô oder Sieben Landstrassen-Bezirke.
320 601 1482 654 Unter der Regierung des 42. Mikado Mommu Tennô (696—707
239 649 1484 703 n. Chr.) wurden einzelne der Provinzen weiter gespalten und wuchs
240 697 1484 750 dadurch die Zahl aller in den 8 Bezirken auf 66 an, wozu noch die
239 745 1485 795 Inseln Tsushima und Iki als getrennte Provinzen kommen. Der
239 794 1485 843 45. Mikado Shômu Tennô (723—755) liess dann die Grenzen der
239 841 1483 887 einzelnen Provinzen genauer feststellen. Endlich wurden 1868 nach
238 888 1483 940 Beseitigung des Shiogunats durch den jetzigen Mikado die beiden
237 937 1479 991 nördlichsten und grössten Provinzen des Landes, Mutsu und Dewa,
238 986 1484 1038 weiter eingetheilt, jenes in 5, dieses in 2 Provinzen, sodass dadurch
239 1031 1484 1080 die Zahl aller im Gebiete von Oyashima auf 73 anwuchs. Zur selben
238 1080 1484 1136 Zeit theilte man auch Yezo in 10 Provinzen, wozu die Chijima (Ku-
236 1127 1487 1176 rilen) als 11. kommen, und fügte sie unter dem Namen Hokkaidô oder
237 1174 1483 1225 Nordseestrasse als 9. Landschaftsbezirk den übrigen bei. Die Riukiu
237 1221 1482 1270 bildeten daneben bis vor kurzem ein besonderes Fürstenthum oder Han.
321 1270 1483 1319 In der folgenden Uebersicht sind die 9 Landschaften mit ihren
239 1319 1483 1370 82 Provinzen, ausserdem aber Tsushima und Iki, im Ganzen also
239 1367 1482 1415 84 Provinzen aufgezählt, und zwar die meisten der letzteren mit 2
238 1413 1483 1463 Namen: einem japanischen und einem chinesischen. Wo einer der-
238 1461 1482 1519 selben gebräuchlicher ist als der andere, wurde er gesperrt ge-
237 1508 1482 1563 druckt. Wo beide gleichviel angewandt werden, haben sie beide
238 1561 774 1597 gesperrten Druck erhalten.
319 1606 1544 1662 Die chinesischen Provinznamen wurden in Folge des koreanischen
237 1654 1484 1714 Einflusses gleichzeitig mit den Landstrassen-Bezirken eingeführt und
237 1702 1483 1755 beziehen sich auf die ältere Eintheilung des Landes. Als daher ein-
238 1750 1483 1811 zelne der grösseren ursprünglichen Provinzen später weiter gegliedert
239 1800 1482 1859 wurden, wie z. B. Hi-no-kuni (Feuerland) in Hizen und Higo, das
240 1848 1483 1905 vordere und hintere Hi, Bi in Bizen, Bichiu und Bigo, d. h. das
239 1895 1485 1954 vordere, mittlere und hintere Bi, oder wie Mutsu (Ôshiu) sogar in
240 143 257 171 8
362 1983 1484 2035 Das Gokinai war anfangs ein Shikinai (vier Residenzländer), bis später Id-
238 2022 900 2057 zumi in Kawachi und Idzumi getheilt wurde.
362 2063 1482 2115 Der erste Mikado war Jimmu Tennô 660—585 v. Chr. (1—76 der jap. Zeit-
247 2101 1482 2148 rechnung); der 121. od. nach einer anderen Zählung der 123, ist Mutsu Hito-Tennô,
243 2141 614 2176 welcher seit 1867 regiert.
