1600 2419
273 198 1271 238 6. Eigenschaften und Verwendung der wichtigeren Waldbäume etc.
175 274 1385 314 wissenschaftlichen Namen nur wenige Arbeiten von grösserem Werthe
177 318 1386 366 zu Gebote. So war ich denn auch hier grösstentheils auf eigene
177 362 1387 413 Beobachtungen und die von mir auf meinen Reisen angelegten Holz-
179 407 1387 458 sammlungen angewiesen, sowie auf eine Sammlung Längsschnitte von
179 453 1388 501 50 Holzarten, welche das Naimushio (Ministerium des Innern) in Paris
181 499 1159 548 1878 ausgestellt hatte und die später auf mich überging.
256 543 1390 591 Die lange Dauer der kälteren Jahreszeit beschränkt die Vege-
181 578 1401 639 tationsperiode der meisten Gewächse in Yezo auf 5, im mittleren Ja-
183 632 1392 686 pan auf 6 und im südlichen auf 7 Monate des Jahres. Sie unterbricht
183 678 1389 723 auch das Wachsthum aller Holzgewächse, selbst der immergrünen.
182 722 1392 775 Dieselben zeigen daher, wie dies in allen Ländern mit niedrigen
183 768 1394 821 Wintertemperaturen und einem regelmässig wiederkehrenden Still-
184 812 1394 860 stand des Wachsthums vorkommt, deutliche Jahresringe. Aus gleichem
186 858 1394 904 Grunde fehlen schwere Hölzer, wie die Tropen so viele aufweisen,
187 903 1398 955 fast vollständig. Bei aller sonstigen Verschiedenheit der zahlreichen
183 951 1394 1003 japanischen Arten schwankt das specifische Gewicht zwischen 0,191
188 997 1401 1047 für Kiri (Paulownia imperialis) und 0,960 für Tsuge (Buxus japonica
188 1043 1399 1091 J. Müller). Zu den schweren und härteren japanischen Hölzern
189 1089 1402 1136 zählen, ausser Bux, noch Yusu (Distylium racemosum), die Hölzer ver-
190 1131 1401 1177 schiedener Ternströmiaceen (Camellia, Theestrauch, Stuartia und an-
192 1177 1402 1226 dere), der Sarusuberi (Lagerströmia indica), verschiedener Prunus-
193 1219 1404 1265 Arten und der zahlreichen Eichen, deren specifische Gewichte meist
195 1278 770 1316 zwischen 0,750 und 0,850 liegen.
270 1310 1404 1360 Verschiedene der geschätztesten Holzgewächse Japans erreichen
196 1357 1405 1398 erstaunliche Dimensionen. Solche Riesen finden wir jedoch fast nie im
195 1402 1405 1446 Walde selbst, sondern meist in der Nähe der Ortschaften, in den Höfen
1328 199 1384 225 267
317 1480 1408 1520 Thunberg gab in der Vorrede zu seiner Flora japonica 1784 das erste Ver-
199 1517 1407 1563 zeichniss japanischer Nutzhölzer. Seiner Anordnung folgte v. Siebold in der schon
199 1555 1405 1598 oft citierten Arbeit Synopsis Plantarum Oeconomicarum Universi Regni Japonici.
200 1593 1408 1637 Batavia 1830, worin er als Ligna maxime quaesita 39 Species anführt. Viel werth-
199 1635 956 1677 voller sind folgende Arbeiten über den Gegenstand:
265 1669 1410 1717 1) Preliminary Catalogue of the Japanese Kinds of Woods, by Dr. Geerts.
201 1708 1191 1751 Transactions As. Soc. of Japan. Vol. IV, pg. 1—26. — 134 Arten.
264 1744 1409 1793 2) Experiments upon the Strength of Japanese Woods, by R. H. Smith.
202 1799 439 1830 ibid. pg. 27—28.
265 1820 1185 1866 3) Les Essences forestières du Japon par Dupont. Paris 1879.
266 1856 1414 1905 4) Nippon Juboku-shi. Abhandlungen von 100 japan. Holzgewächsen mit
205 1895 1101 1941 Längs- und Querschnitten. Herausgegeben vom geogr. Dept.
321 1932 1415 1975 R. H. Smith gibt als specifisches Gewicht für Bux nur 0,839 an, dagegen
205 1968 1415 2013 für Paulownia 0,329 und für Kashi (Quercus dentata Thunb.) 1,017. Hier liegen
205 2004 1418 2047 ohne Zweifel Irrthümer vor, denn das Buxbaumholz des südlichen Japan fällt
205 2043 1417 2084 ebenso durch seine Schwere vor allen andern Hölzern auf, wie Kiri durch seine
207 2095 388 2125 Leichtigkeit.
