1600 2419
244 294 1449 334 Hammer, Meissel und Grabstichel leicht bearbeiten lässt. Ihre Härte
241 340 1449 383 gleicht derjenigen des Antimons und liegt in den meisten Fällen, wie
243 385 1449 426 auch beim Messing, zwischen 3 und 3,5, so namentlich auch bei der
241 432 1450 475 alten, kupferreichen Bronze Japans. Dieselbe ist demnach höher, als
242 476 1450 520 bei den einzelnen Bestandteilen der Legierung, mit Einschluss des
243 524 1449 568 Kupfers. Natürlich ändert sich mit der Zusammensetzung der Bronze
240 570 1448 610 auch die Farbe, die Ductilität, das Gefüge und die Härte derselben.
242 615 1449 660 Unter allen japanischen Bronzen (die alten kupferreichen nicht ausge-
241 662 1448 710 nommen), welche ich auf letztere untersuchen konnte, fand ich keine,
241 706 1450 746 welche die Härte des Flussspaths ganz erreicht hätte, während nach
241 751 1448 788 E. Reyer  die zink- und bleifreien Hartbronzen der alten Völker
242 797 1449 836 zwischen 5 und 6 hart sein sollen. Es liegt ohne Zweifel die Ur-
240 841 1447 886 sache der grösseren Dichtigkeit und Härte dieser alten Bronzestücke,
241 886 1447 931 wie Aexte, Meissel, Pfeilspitzen, Schwerter und anderer Waffen darin,
242 930 1450 970 dass sie mit dem Hammer bearbeitet wurden, da Gusswaaren von ana-
241 974 1447 1018 loger Zusammensetzung sie nie zeigen.  Doch sind nicht Dichte,
241 1018 1450 1060 Härte, Zähigkeit und andere innere Eigenschaften der japanischen
242 1062 1450 1099 Bronze diejenigen, durch welche sie sich auszeichnet und die chinesi-
242 1108 1450 1154 sche längst übertrifft, sondern vielmehr die Färbung und Verzierung
242 1154 1450 1194 derselben. Die Farben gehen durch alle Abstufungen vom hellen Gelb
243 1199 1451 1242 durch Braun und Grau zum angenehmsten und wirkungsvollsten matten
241 1245 1450 1289 Schwarz und zeichnen sich durch grosse Beständigkeit aus, wie sie
242 1293 1450 1329 nur möglich ist, wenn sie von einer natürlichen chemischen Reaction
241 1335 1450 1378 herrühren, welche durch die Zusammensetzung bedingt ist, und nicht
241 1382 503 1411 von Anstrichen.
319 1428 1450 1470 Den geringen Hülfsmitteln gegenüber, welche der Japaner auch
240 1473 1450 1515 in seiner Bronze-Industrie zur Verfügung hat, mussten seine hervor-
242 1519 1447 1560 ragenden Leistungen in der Patinierung nur umsomehr überraschen.
240 1564 1451 1604 Insbesondere zogen die mattschwarzen Bronzegegenstände, welche in
241 1611 1451 1648 neuerer Zeit in immer grösserer Zahl nach Europa kamen, ihrer Neu-
242 1653 1452 1695 heit und auffallenden Schönheit wegen die Aufmerksamkeit interessier-
244 219 301 246 526
582 223 1111 255 III. Kunstgewerbe und Verwandtes.
340 1778 1448 1817 E. Reyer: »Hartbronze der alten Völker«. Journal f. prakt. Chemie. Bd. 25.
243 1814 436 1845 1882. pg. 258.
359 1854 1451 1887 Dies begründet wenigstens ihre grössere Dichtigkeit, während man bei
241 1889 1452 1925 der veränderten Härte an eine andere molekulare Anordnung denken muss. Ob
241 1925 1452 1959 aber eine solche durch blosses Hämmern bewirkt werden kann, ist mir nicht
243 1961 362 1987 bekannt.
374 2001 1449 2034 G. Bousquet sprach sich darüber in seinem sehr interessanten Artikel:
241 2034 1453 2073 »L’Art Japonais«, Revue des Deux Mondes 1877. Tome XXI, pg. 323 folgender-
244 2076 1452 2111 maassen aus: »On ne saurait s’imaginer daus quelles misérables échoppes et par
242 2107 987 2140 quels moyens primitifs ils obtiennent ces resultats.«
