1600 2419
236 262 1442 307 gleiters, aus gefärbtem und wie Krepp aussehendem Papier der Haar-
236 308 1442 346 schmuck, welcher dem ärmeren Mädchen den seidenen zu ersetzen be-
235 353 491 384 stimmt war etc.
304 422 1366 468 Rohmaterialien für die japanische Papierbereitung.
312 483 1442 525 Zur Darstellung des Büttenpapiers dienen: 1) der Bast von Brous-
233 530 1442 572 sonetia papyrifera; 2) von Edgeworthia papyrifera; 3) von Wickstroe-
233 575 1441 619 mia canescens; 4) von Morus alba; 5) von Aphananthe aspera; 6) aus-
232 620 1441 663 nahmsweise von Cannabis sativa, Boehmeria platanifolia, Wistaria
231 665 1438 707 chinensis und einigen andern Pflanzen, sowie auch Baumwolle; 7) Stroh;
231 710 1440 753 8) gebrauchtes Papier. Als Bindemittel verwendet man: 1) den Wur-
232 755 1429 800 zelschleim von Hibiscus Manihot; 2) den Bastschleim von Hydrangea
230 801 1187 845 paniculata; 3) von Katsura japonica; 4) Reiskleister.
312 847 1437 892 1) Broussonetia papyrifera Vent. (Morus papyrifera L.),
230 890 1438 937 Fam. Moreae, der Papiermaulbeerbaum, jap. Kôdzo (auch Kôzo-no-ki,
231 936 1437 981 Kôzo, Kago, Kaji, Kaji-no-ki, je nach der Gegend). Dieses, für die
231 981 1435 1021 Papierindustrie wichtigste Gewächs — weitaus das meiste und stärkste
230 1025 1386 1066 Papier wird aus seinem Baste bereitet — stammt aus China,
227 1069 1437 1117 wird aber seit lange in allen Provinzen Japans südlich der Tsugaru-
227 1116 1433 1162 Strasse, mit Ausnahme der fruchtbaren Ebenen, angebaut. Man
227 1161 1435 1207 findet es in den Gebirgsthälern, längs der Wege, auf den schmalen
234 1207 1437 1252 Rainen, welche die terrassenförmig angelegten Reisfelder von ein-
224 1252 1434 1294 ander trennen, an den Flussdämmen, wo die Pflanze, wie bei uns die
226 1297 1434 1340 Weiden, zugleich zur Befestigung dient, endlich auch auf trocknen
227 1342 1436 1384 Feldern und zwar nicht selten, abwechselnd mit der weissen Maul-
236 187 291 214 468
573 189 1100 220 III. Kunstgewerbe und Verwandtes.
325 1442 1435 1484 Um das Jahr 1260 n. Chr., also zur Zeit, wo das Papier in Europa erst auf-
223 1481 1170 1520 kam, liess Kublai Khan in Peking schon Papiergeld verfertigen.
338 1519 1432 1559 In der Papierindustrie Europas hat sich die Verwendung vegetabiler Kleb-
222 1556 1432 1599 stoffe erst in den letzten 15 Jahren mehr und mehr eingebürgert und diejenige
221 1595 1433 1634 des thierischen Leims zurückgedrängt. In Ostasien und Indien ist sie so alt, wie
220 1632 513 1660 die Industrie selbst.
324 1673 1432 1713 Obgleich diese hohe Bedeutung der Papiermaulbeere für die Papierindustrie
218 1709 1432 1751 Japans schon durch Kaempfer und Thunberg ausführlich betont wurde, finden
219 1749 1432 1786 wir noch in dem sonst sehr lesenswerthen officiellen Bericht der Wiener Welt-
218 1788 1431 1830 ausstellung (Gruppe XI) vom Ingenieur und Papierfabrikanten E. Twerdy die
217 1822 1430 1868 Ansicht ausgesprochen, dass das japanische Bastpapier wahrscheinlich vorzugs-
217 1863 1215 1898 weise aus der Faser des Chinagrases (Urtica nivea) bereitet werde.
337 1902 1430 1940 Bekanntlich ist diese Pflanze auch über Polynesien verbreitet. Ihr Bast
218 1936 1428 1978 liefert noch immer den Bewohnern der Viti-Inseln, auf Samoa, Tonga, Tahiti,
218 1973 1430 2012 Hawai etc. den Bekleidungsstoff, die Tapa, welche man freilich nur bei trocke-
216 2011 1427 2053 nem Wetter tragen kann. »Der taktmässige Lärm der Tapaklöppel ist für ein
215 2046 1428 2088 Vitidorf ebenso charakteristisch und stimmungsvoll, wie bei uns auf den Dörfern
214 2082 1393 2122 im Herbst das Dreschen.« M. Buchner, Reise durch den Stillen Ocean. 1878.
