1600 2340
174 267 1391 303 Kopf, häufig aber auch eine ganze Figur den Mittelpunkt der Deko-
174 315 1391 352 ration bildet, wodurch sich dann auch die Heranziehung des plastisch-
174 363 1391 397 perspektivischen Akanthus rechtfertigt. Untersuchen wir nun vorerst
175 411 283 436 einmal
469 458 1094 489 a. Die flache Palmetten-Ranke.
266 516 1389 555 Was uns an Fig. 125 entgegentritt, ist im Grunde nichts anderes,
173 566 1390 598 als ein von den attischen Vasen des 5. Jahrh. her wohlbekanntes
173 613 1390 651 System von Palmettengeranke: unten eine grosse Palmette, umschrieben
173 661 1390 694 von zwei Rankenlinien, die sich über dem Scheitel der Palmette in
172 709 1390 747 wellenförmigen Schwingungen nach rechts und links symmetrisch aus-
172 757 1390 796 breiten, die zahlreichen, hierdurch entstehenden Zwickel gefüllt mit
172 807 1388 841 ganzen Palmetten, Halbpalmetten und Fächer-Ausschnitten. Und doch
172 855 1388 891 lassen sich bei näherem Zusehen einige Eigenthümlichkeiten beobachten,
172 905 1387 938 die den attischen Palmettenranken des 5. Jahrh. theils gar nicht,
171 953 1127 989 theils nur in weit minderem Grade eigen gewesen sind.
263 991 1387 1037 Für’s Erste die sorgfältige Raumausfüllung. Die Einzelmotive
171 1051 1388 1086 erscheinen so nahe an einander gerückt, dass es unmöglich ist zu ver-
171 1099 1388 1135 kennen, dass der Vasenmaler möglichst wenig schwarzen Grund frei-
170 1147 1388 1176 lassen wollte. Den attischen Vasen mindestens der Zeit vor dem
171 1196 1388 1229 peloponnesischen Kriege war ein solcher Horror vacui fremd. Wie
171 1243 1388 1278 haben wir uns diese neue Erscheinung zu erklären? Offenbar aus dem
169 1290 1388 1327 gleichen Grunde, der die analoge Erscheinung im Dipylonstil u. s. w.
170 1339 1388 1374 zur Folge gehabt hat. Ein neuerliches, vermehrtes Schmuckbedürfniss,
171 1377 1389 1421 ein langsam, aber mit Macht vordrängender dekorativer Zug verräth
171 1431 1389 1470 sich augenscheinlich in dieser Sucht, den Grund möglichst ausgiebig
171 1479 1388 1515 mit Zierformen zu mustern. Dies entspricht denn auch dem allgemeinen
172 1526 1387 1563 Charakter der hellenistischen Kunst. Der Zug zur Darstellung des
171 1575 1387 1613 Gegenständlichen, der die griechische Kunst etwa bis in die perikleische
171 1622 1388 1658 Zeit charakterisirt, das überwiegende Streben nach Bemeisterung der
169 1671 1387 1705 menschlichen Körperformen, nach Versinnlichung der das Hellenen-
171 1718 1386 1753 thum bewegenden religiösen, sittlichen und politischen Ideen: damit
171 1765 1386 1800 war man im letzten Drittel des 5. Jahrh. auf einen Höhepunkt ge-
171 1811 1385 1852 langt, von dem aus es kaum mehr eine Steigerung gab. Nun regte
171 1860 1385 1893 sich wieder die Schmuckfreudigkeit, drängte es wieder nach dem
171 1907 1385 1940 anderen der beiden Pole, zwischen denen sich alles Kunstschaffen be-
171 1955 1386 1996 wegt. Der hohen und erhabenen Typen waren genug geschaffen, um
171 2002 1385 2041 Herz und Auge daran zu erfreuen. Die pompejanische Innendekoration
297 187 1266 214 10. Das hellenistische und römische Pflanzenrankenornament.
221 2131 1172 2168 Riegl, Stilfragen. 16
1332 194 1389 222 241
299 2088 795 2120 Nach Owen Jones, Taf. XIX. 7.
