1600 2340
614 158 921 188 2. Der Dipylon-Stil.
162 239 1378 273 des Kunstschaffens gelegen sind; doch empfanden sie von Ulrich Köhler
161 286 1378 321 bis auf Goodyear immerhin die Verpflichtung, auch auf dem Gebiete der
162 334 1377 369 Kunst das Ungriechische im Mykenischen, das Griechische im Dipylon
162 383 1378 409 darzuthun. Das Erstere fiel anscheinend nicht schwer: haben doch
162 430 1378 466 auch wir Gelegenheit gehabt, die zahlreichen Elemente zweifellos egyp-
161 479 1378 513 tischer Herkunft in der mykenischen Formenwelt zu beobachten. Was
162 528 1378 563 aber den griechischen Charakter im Dipylon betrifft, so hat den Ver-
162 574 1380 611 tretern dieser Meinung Studniczka am bündigsten das Wort von der
162 624 1380 659 Lippe weggesprochen. Ihm vertritt der geometrische Stil der einge-
162 672 1380 705 wanderten Hellenenstämme das Princip strenger Zucht, mittels deren
163 719 1380 755 alle Entlehnungen aus dem überquellenden Formenreichthum des Orients,
162 768 1380 804 von den „mykenischen“ angefangen, zu echt hellenischem Gute umge-
163 819 400 852 prägt wurden.
254 865 1382 900 Ebensowenig wie die Lösung der „mykenischen Frage“ nach ihrer
163 913 1382 949 ethnographischen Seite kann die Klärung des Verhältnisses zwischen
163 963 1383 997 den Trägern der mykenischen und der Dipylon-Kultur hier beabsichtigt
165 1011 1383 1045 sein. Aber es muss daran erinnert werden, dass die Betrachtung des
163 1060 1384 1095 Pflanzenornaments in der mykenischen Dekoration das Vorhandensein
164 1109 1384 1144 specifisch griechischer Errungenschaften ergeben hat, die wir in den
164 1158 1385 1193 altorientalischen Künsten vergebens suchen, und ebenso vergebens im
163 1205 1384 1241 Dipylon. Dass die Träger der Dipylonkultur im späteren Hellenen-
164 1254 1385 1288 thum aufgegangen sind, soll darum keineswegs bestritten werden; aber
165 1302 1385 1335 die schöpferischen „Keime des Griechenthums“ vermögen wir weit mehr
163 1349 1384 1384 im Mykenischen zu verfolgen, weshalb wir uns vorhin (S. 127) den Schluss
164 1397 1385 1431 verstattet haben, dass die Träger der mykenischen Kultur, mögen die-
166 1443 1385 1478 selben nun Karer oder Achäer gewesen sein, eine sehr wesentliche Com-
165 1491 1383 1530 ponente des späteren hellenischen Volksthums ausgemacht haben müssen.
258 1538 1384 1572 Wenn es noch eines Beweises bedürfte, dass das Eindringen des
166 1586 1385 1627 geometrischen Stils an Stelle des mykenischen einen Rückschritt, und
166 1631 1385 1668 nichts als einen Rückschritt bedeutet hat, so haben ihn die Griechen
166 1681 1385 1719 selbst damit geliefert, dass sie angesichts der Aussichtslosigkeit, mit
167 1729 1385 1766 diesem Stil etwas anzufangen, sich wiederum an die ursprüngliche
168 1776 1337 1818 Quelle ihrer wichtigsten Zierformen, an den Orient, gewendet haben.
1320 162 1376 190 153
297 1869 636 1902 Athen, Mitth. 1887, 24.
296 1905 1386 1945 Analoges hatten wir Gelegenheit in der assyrischen Kunst zu beob-
168 1946 1385 1986 achten, (S. 93) wo uns auch zur Zeit der Sargoniden reiner egyptisch stilisirte
167 1985 1387 2027 Blumentypen entgegengetreten sind, als an den älteren Denkmälern aus der
168 2024 1386 2064 Zeit des Assurnasirpal u. s. w. Freilich mochten die Gründe da und dort ver-
168 2072 542 2106 schiedene gewesen sein.
