1600 2340
157 221 1373 264 assyrischen Kunst zuerst die für die spätere Entwicklung
159 268 1373 305 der Künste bei den Mittelmeervölkern  so fundamentale
159 315 1375 360 Scheidung zwischen Bordüre und Decke, Rahmen und Fül-
159 363 1375 410 lung, statisch Funktionirendem und statisch Indifferentem
159 411 1374 450 in mehr oder minder bewusster Weise durchgeführt sehen.
159 459 1375 504 Auch bei den Egyptern gewahren wir die figürlichen Darstellungen in
159 508 1375 549 der Fläche von Säumen eingefasst, doch sind diese Säume, mit sehr
159 555 1375 603 geringen Ausnahmen, von höchst einfacher Musterung, die sich im
160 602 1374 645 Wesentlichen bloss auf gereihte Stäbchen oder auf Zickzacklinien
160 651 1376 696 beschränkt. In ganz besonders bezeichnender Weise äussert sich diese
161 700 1377 739 schwache Seite des ornamentalen Sinnes bei den Egyptern an den-
157 747 1376 796 jenigen Stellen, wo zwei Säume unter einem rechten Winkel aufein-
161 796 1377 839 anderstossen, wo es sich also um eine Ecklösung handelt. Häufig
162 844 1377 884 sind beide auf einander stossende Säume ungleich gemustert und laufen
162 893 1379 933 sich einer an dem anderen todt . Bei den Assyrern gewahren wir
163 942 1379 990 dagegen zum ersten Male ein konsequent durchgeführtes System einer
163 991 1378 1038 gleichmässigen Umrahmung, unter Berücksichtigung einer künstlerisch
163 1040 1379 1086 befriedigenden Ecklösung . Damit steht in engstem Zusammenhange
163 1089 1380 1131 der Umstand, dass die Assyrer jene Anläufe, die die Egypter mit dem
163 1137 1379 1183 vegetabilischen Element und mit den Versuchen einer gefälligen Ver-
164 1186 1380 1230 bindung desselben gemacht hatten, ihrerseits mit Entschiedenheit auf-
164 1232 1380 1279 genommen und in weit umfassenderer und bestimmterer Weise zur An-
165 1291 605 1331 wendung gebracht haben.
257 1330 1382 1371 Die Elemente der assyrischen Pflanzenornamentik wurzeln in der
165 1378 1381 1424 egyptischen. Ich sehe wenigstens nirgends eine Nöthigung vorhanden,
165 1424 1382 1471 um mit Sybel annehmen zu müssen, dass das in der Kunst des Neuen
609 143 919 175 2. Mesopotamisches.
1334 141 1370 170 87
313 1493 1382 1531 Zu den Mittelmeervölkern in kulturhistorischem Sinne müssen wir
167 1532 1382 1574 auch die Bewohner Mesopotamiens und Irans zählen, da sie allezeit sowohl
167 1572 1382 1619 in ihren politischen als in ihren religiösen Beziehungen nicht nach dem Osten
168 1619 958 1658 Asiens, sondern nach dem Mittelmeere gravitirten.
313 1652 1382 1697 Am besten gelingt es noch an Werken der sogen. Kleinkunst, z. B.
168 1692 1384 1733 an den bei Prisse d’Avennes, Boîtes et ustensiles de toilette abgebildeten höl-
168 1734 1090 1776 zernen Löffeln, die von einer Zickzacklinie eingefasst sind.
317 1771 1382 1812 Anläufe zu Ecklösungen an Plafonddekorationen zeigen: Prisse
169 1811 1383 1856 d’Avennes, Guillochis et méandres, links oben in der Ecke, mit Zickzack;
169 1851 1383 1897 ebendas. postes et fleurs, links unten in der Ecke, mit dem Vorläufer des
170 1890 1384 1938 Eierstabs (Fig. 23). Diese Beispiele beweisen, dass das zu Grunde liegende
170 1932 1385 1972 künstlerische Postulat auch den Altegyptern bereits klar geworden war, aber
169 1972 1385 2012 von ihnen noch nicht zur absoluten Geltung und konsequenten Durchführung
170 2027 488 2056 gebracht worden ist.
316 2053 1279 2098 Vgl. z. B. die Steinschwelle Fig. 34 nach Layard, Ninive II. 56.
