1600 2372
229 270 1455 317 constatieren lassen sich bis jetzt die Auge und der Telephos
230 323 1458 375 des Euripides und wenigstens mit einer gewissen Wahrscheinlich-
230 376 1460 430 keit die Myser des Sophokles. Der Künstler hätte also hier
232 431 1461 476 im Kleinen an einer einzelnen Sage dieselbe Operation vollzogen,
234 482 1464 530 die aller Wahrscheinlichkeit nach Asklepiades von Tragilos an dem
235 537 1466 591 ganzen Mythenschatz des Altertums vollzog, der in seinen Tragodu-
235 588 1466 635 menen die vom Drama geschaffene Gestaltung der Sage einheitlich
237 643 1468 692 zusammengefast zu haben scheint. Charakteristisch aber ist
239 698 1469 747 es gewiſs in hohem Grade, daſs die offiziell recipierte Grün-
239 750 1470 799 dungssage des Attalidenhauses — denn diese dürfen wir doch
241 805 1471 849 an solcher Stelle dargestellt erwarten — direkt abhängig ist vom
242 857 1472 898 attischen Drama. Dies Erzählen in einer Bilderreihe nimmt, wie
244 910 1474 954 so vieles andere, die römische Kunst von der hellenistischen
245 962 1475 1009 auf; es ist bekannt, wie die römischen Sarkophage einzelne
246 1016 1477 1061 Scenen der Tragödie speciell der Euripideischen, die tabulae
247 1069 1477 1112 iliacae Scenen des troischen Sagenkreises nach der Reihenfolge
249 1123 1478 1166 der erzählten Ereignisse aneinander reihen. Bei letzteren ist die
250 1176 1481 1217 Absicht zu illustrieren durch die beigesetzten Namen und Inhalts-
252 1229 1482 1274 angaben der Gedichte direkt ausgesprochen. Um so mehr muſste
254 1277 1483 1325 es befremden, selbst hier keine genaue Übereinstimmung mit dem
254 1335 1485 1380 Dichter zu finden, vielmehr starke Abweichungen, Zusätze und
256 1391 1486 1436 Erweiterungen manigfachster Art, selbst Scenen, die der Ilias
257 1444 1487 1489 durchaus fremd sind. Dies auffällige Verhältnis wird nicht sowohl
259 1498 1491 1544 aus der mangelhaften durch Hypotheseis vermittelten Bekanntschaft
254 1552 1491 1597 des Künstlers mit dem Dichter als vielmehr durch die Ab-
260 1607 1492 1648 hängigkeit desselben von den Schöpfungen früherer Künstler zu er-
263 1657 1494 1700 klären sein, die der Dichtung frei gegenüber traten und es oft
264 1711 1494 1754 vorzogen, sich der dramatischen Version anzuschlieſsen; die Macht
227 199 269 230 48
412 1824 1498 1861 Vgl. die Ausgrabungen in Pergamon in den Jahrbüchern der könig-
268 1868 666 1900 lichen Museen I S. 182 f.
413 1913 1494 1950 vgl. Wilamowitz Analecta Euripidea p. 181 n. 3 Robert de Apollo-
271 1959 617 1994 dori bibliotheca p. 74.
415 2009 1500 2046 Dies nahm O. Jahn Griech. Bilderchroniken S. VI an, und ich bin
274 2051 1503 2088 ihm früher darin gefolgt (B. d. I. 1876 p. 217). Jetzt scheint mir, daſs
275 2094 1502 2131 sich die Abweichungen auf die oben angegebene Weise natürlicher erklären,
276 2137 1154 2173 worauf ich übrigens a. a. O. bereits hingewiesen hatte.
