<?xml version="1.0" encoding="UTF-8"?>
<PcGts xmlns="http://schema.primaresearch.org/PAGE/gts/pagecontent/2019-07-15" xmlns:xsi="http://www.w3.org/2001/XMLSchema-instance" xsi:schemaLocation="http://schema.primaresearch.org/PAGE/gts/pagecontent/2019-07-15 http://schema.primaresearch.org/PAGE/gts/pagecontent/2019-07-15/pagecontent.xsd">
<Metadata>
<Creator>regJS2PAGE.py</Creator>
<Created>2021-02-16T10:54:35.578588</Created>
<LastChange>2021-02-16T10:54:35.578588</LastChange>
</Metadata>
<Page imageFilename="tmp/robert_griechische_1881_0140.png" imageWidth="1600" imageHeight="2372">
<TextRegion id="block_0" custom="structure {type:body;}">
<Coords points="222,248 222,290 221,300 221,342 222,354 222,395 221,407 221,447 221,460 221,502 223,512 223,553 223,565 223,608 222,617 222,661 224,671 224,714 225,723 225,767 223,776 223,813 224,828 224,872 225,882 225,922 223,934 223,978 1459,978 1459,934 1460,922 1460,882 1459,872 1459,828 1458,813 1458,776 1458,767 1458,723 1457,714 1457,671 1458,661 1458,617 1457,608 1457,565 1457,553 1457,512 1457,502 1457,460 1454,447 1454,407 1456,395 1456,354 1455,342 1455,300 1453,290 1453,248 222,248"/>
<TextLine id="line_0">
<Coords points="222,249 280,249 303,248 459,248 486,258 548,258 576,249 791,249 819,248 1062,248 1110,248 1177,248 1206,248 1269,248 1295,248 1453,248 1453,281 1295,281 1269,280 1206,280 1177,280 1110,280 1062,289 819,289 791,290 576,290 548,280 486,280 459,280 303,280 280,280 222,280 222,249"/>
<Baseline points="222,280 280,280 303,280 459,280 486,280 548,280 576,290 791,290 819,289 1062,289 1110,280 1177,280 1206,280 1269,280 1295,281 1453,281"/>
<TextEquiv><Unicode>der Künstler nur ungenügend rechtfertigen. Das tief innerlich</Unicode></TextEquiv>
</TextLine>

<TextLine id="line_1">
<Coords points="221,300 480,300 519,301 600,301 638,301 795,301 830,302 940,302 981,300 1052,300 1092,301 1144,301 1184,302 1306,302 1342,301 1455,301 1455,334 1342,334 1306,334 1184,334 1144,333 1092,333 1052,334 981,334 940,341 830,341 795,334 638,334 600,342 519,342 480,333 221,333 221,300"/>
<Baseline points="221,333 480,333 519,342 600,342 638,334 795,334 830,341 940,341 981,334 1052,334 1092,333 1144,333 1184,334 1306,334 1342,334 1455,334"/>
<TextEquiv><Unicode>Entscheidende liegt vielmehr darin, daſs bei diesem Anlaſs</Unicode></TextEquiv>
</TextLine>

<TextLine id="line_2">
<Coords points="222,354 363,354 387,355 446,355 470,355 649,355 678,355 735,355 759,355 1019,355 1045,354 1160,354 1185,356 1354,356 1384,355 1456,355 1456,387 1384,387 1354,395 1185,395 1160,395 1045,395 1019,395 759,395 735,387 678,387 649,395 470,395 446,387 387,387 363,387 222,387 222,354"/>
<Baseline points="222,387 363,387 387,387 446,387 470,395 649,395 678,387 735,387 759,395 1019,395 1045,395 1160,395 1185,395 1354,395 1384,387 1456,387"/>
<TextEquiv><Unicode>Achilles das Heiligtum des thymbräischen Apollo entweiht, daſs</Unicode></TextEquiv>
</TextLine>

<TextLine id="line_3">
<Coords points="221,417 258,417 281,408 349,408 373,407 517,407 542,408 595,408 623,407 826,407 849,407 1061,407 1089,408 1146,408 1171,408 1288,408 1317,409 1454,409 1454,447 1317,447 1288,441 1171,441 1146,440 1089,440 1061,441 849,441 826,447 623,447 595,439 542,439 517,441 373,441 349,440 281,440 258,440 221,440 221,417"/>
<Baseline points="221,440 258,440 281,440 349,440 373,441 517,441 542,439 595,439 623,447 826,447 849,441 1061,441 1089,440 1146,440 1171,441 1288,441 1317,447 1454,447"/>
<TextEquiv><Unicode>er sich dadurch die persönliche Feindschaft des Gottes zuzieht,</Unicode></TextEquiv>
</TextLine>

<TextLine id="line_4">
<Coords points="221,462 286,462 315,460 386,460 411,460 555,460 586,460 655,460 684,463 833,463 857,461 924,461 948,462 998,462 1026,463 1079,463 1104,462 1259,462 1289,463 1379,463 1401,462 1457,462 1457,494 1401,494 1379,494 1289,494 1259,502 1104,502 1079,494 1026,494 998,494 948,494 924,493 857,493 833,500 684,500 655,492 586,492 555,493 411,493 386,493 315,493 286,493 221,493 221,462"/>
<Baseline points="221,493 286,493 315,493 386,493 411,493 555,493 586,492 655,492 684,500 833,500 857,493 924,493 948,494 998,494 1026,494 1079,494 1104,502 1259,502 1289,494 1379,494 1401,494 1457,494"/>
<TextEquiv><Unicode>und daſs dadurch sein späterer Tod als die Sühnung einer be-</Unicode></TextEquiv>
</TextLine>

<TextLine id="line_5">
<Coords points="223,515 388,515 414,512 533,512 556,512 731,512 754,512 984,512 1016,515 1126,515 1175,513 1254,513 1283,515 1372,515 1397,515 1457,515 1457,546 1397,546 1372,546 1283,546 1254,546 1175,546 1126,546 1016,546 984,553 754,553 731,544 556,544 533,545 414,545 388,546 223,546 223,515"/>
<Baseline points="223,546 388,546 414,545 533,545 556,544 731,544 754,553 984,553 1016,546 1126,546 1175,546 1254,546 1283,546 1372,546 1397,546 1457,546"/>
<TextEquiv><Unicode>stimmten Schuld moralisch begründet wird“. Daſs diese Be-</Unicode></TextEquiv>
</TextLine>

<TextLine id="line_6">
<Coords points="223,567 361,567 393,566 425,566 467,565 520,565 557,565 640,565 680,565 799,565 839,565 1088,565 1130,568 1174,568 1209,568 1246,568 1285,567 1457,567 1457,608 1285,608 1246,608 1209,608 1174,599 1130,599 1088,607 839,607 799,596 680,596 640,605 557,605 520,597 467,597 425,597 393,597 361,606 223,606 223,567"/>
<Baseline points="223,606 361,606 393,597 425,597 467,597 520,597 557,605 640,605 680,596 799,596 839,607 1088,607 1130,599 1174,599 1209,608 1246,608 1285,608 1457,608"/>
<TextEquiv><Unicode>ziehung in die Sage einmal hineinkommt, ist ja allgemein</Unicode></TextEquiv>
</TextLine>

<TextLine id="line_7">
<Coords points="222,619 368,619 395,618 461,618 492,618 601,618 629,617 824,617 872,618 917,618 945,619 1032,619 1058,620 1127,620 1150,630 1226,630 1259,620 1301,620 1329,620 1376,620 1404,629 1458,629 1458,653 1404,653 1376,653 1329,653 1301,653 1259,653 1226,661 1150,661 1127,653 1058,653 1032,661 945,661 917,651 872,651 824,659 629,659 601,659 492,659 461,650 395,650 368,652 222,652 222,619"/>
<Baseline points="222,652 368,652 395,650 461,650 492,659 601,659 629,659 824,659 872,651 917,651 945,661 1032,661 1058,653 1127,653 1150,661 1226,661 1259,653 1301,653 1329,653 1376,653 1404,653 1458,653"/>
<TextEquiv><Unicode>bekannt und längst zugegeben. Es fragt sich nur, ob sie ur-</Unicode></TextEquiv>
</TextLine>

<TextLine id="line_8">
<Coords points="224,671 412,671 429,671 522,671 545,671 627,671 642,671 717,671 742,680 834,680 857,671 956,671 981,681 1074,681 1092,674 1140,674 1156,674 1457,674 1457,714 1156,714 1140,706 1092,706 1074,705 981,705 956,710 857,710 834,703 742,703 717,710 642,710 627,710 545,710 522,703 429,703 412,712 224,712 224,671"/>
<Baseline points="224,712 412,712 429,703 522,703 545,710 627,710 642,710 717,710 742,703 834,703 857,710 956,710 981,705 1074,705 1092,706 1140,706 1156,714 1457,714"/>
<TextEquiv><Unicode>sprünglich darin liegt und, wenn nicht, wann sie hineingekommen</Unicode></TextEquiv>
</TextLine>

<TextLine id="line_9">
<Coords points="225,725 278,725 327,724 405,724 432,723 536,723 565,723 644,723 671,723 791,723 820,723 880,723 907,724 966,724 996,724 1101,724 1129,736 1329,736 1365,735 1458,735 1458,760 1365,760 1329,767 1129,767 1101,766 996,766 966,757 907,757 880,756 820,756 791,756 671,756 644,756 565,756 536,764 432,764 405,756 327,756 278,757 225,757 225,725"/>
<Baseline points="225,757 278,757 327,756 405,756 432,764 536,764 565,756 644,756 671,756 791,756 820,756 880,756 907,757 966,757 996,766 1101,766 1129,767 1329,767 1365,760 1458,760"/>
<TextEquiv><Unicode>ist. Dies hängt aber wieder mit der Frage zusammen, wann</Unicode></TextEquiv>
</TextLine>

<TextLine id="line_10">
<Coords points="223,778 290,778 326,786 373,786 403,776 567,776 603,776 685,776 749,777 810,777 846,776 963,776 992,777 1092,777 1121,781 1154,781 1171,781 1236,781 1272,780 1362,780 1396,788 1458,788 1458,813 1396,813 1362,813 1272,813 1236,812 1171,812 1154,810 1121,810 1092,810 992,810 963,809 846,809 810,808 749,808 685,809 603,809 567,808 403,808 373,808 326,808 290,810 223,810 223,778"/>
<Baseline points="223,810 290,810 326,808 373,808 403,808 567,808 603,809 685,809 749,808 810,808 846,809 963,809 992,810 1092,810 1121,810 1154,810 1171,812 1236,812 1272,813 1362,813 1396,813 1458,813"/>
<TextEquiv><Unicode>und wo Achilleus fällt. Die älteste Stelle Χ 364 weiſs von</Unicode></TextEquiv>
</TextLine>

<TextLine id="line_11">
<Coords points="224,830 388,830 413,829 481,829 505,838 557,838 581,828 751,828 776,828 877,828 907,829 960,829 984,830 1139,830 1168,831 1242,831 1270,842 1321,842 1351,833 1399,833 1424,840 1459,840 1459,864 1424,864 1399,865 1351,865 1321,872 1270,872 1242,864 1168,864 1139,863 984,863 960,861 907,861 877,867 776,867 751,862 581,862 557,861 505,861 481,861 413,861 388,862 224,862 224,830"/>
<Baseline points="224,862 388,862 413,861 481,861 505,861 557,861 581,862 751,862 776,867 877,867 907,861 960,861 984,863 1139,863 1168,864 1242,864 1270,872 1321,872 1351,865 1399,865 1424,864 1459,864"/>
<TextEquiv><Unicode>Achilleus Tod am skäischen Thor; bei Arktinos fällt er, als er</Unicode></TextEquiv>
</TextLine>

<TextLine id="line_12">
<Coords points="225,884 257,884 286,883 339,883 372,883 467,883 496,882 669,882 728,882 789,882 813,882 961,882 991,883 1048,883 1077,883 1217,883 1247,885 1373,885 1402,884 1460,884 1460,916 1402,916 1373,917 1247,917 1217,915 1077,915 1048,914 991,914 961,922 813,922 789,914 728,914 669,922 496,922 467,915 372,915 339,915 286,915 257,915 225,915 225,884"/>
<Baseline points="225,915 257,915 286,915 339,915 372,915 467,915 496,922 669,922 728,914 789,914 813,922 961,922 991,914 1048,914 1077,915 1217,915 1247,917 1373,917 1402,916 1460,916"/>
<TextEquiv><Unicode>in die Stadt eindringt. Die Fassung des Lesches kennen wir</Unicode></TextEquiv>
</TextLine>

<TextLine id="line_13">
<Coords points="223,934 373,934 391,935 469,935 485,935 538,935 554,944 612,944 629,934 750,934 768,934 908,934 930,935 1087,935 1099,936 1237,936 1260,946 1333,946 1357,936 1459,936 1459,971 1357,971 1333,970 1260,970 1237,969 1099,969 1087,976 930,976 908,968 768,968 750,968 629,968 612,968 554,968 538,968 485,968 469,968 391,968 373,978 223,978 223,934"/>
<Baseline points="223,978 373,978 391,968 469,968 485,968 538,968 554,968 612,968 629,968 750,968 768,968 908,968 930,976 1087,976 1099,969 1237,969 1260,970 1333,970 1357,971 1459,971"/>
<TextEquiv><Unicode>nicht, aber die aus seinem Gedicht bezeugte Version vom Streit</Unicode></TextEquiv>
</TextLine>

</TextRegion>
<TextRegion id="block_1" custom="structure {type:pageNum;}">
<Coords points="223,163 223,194 287,194 287,163 223,163"/>
<TextLine id="line_14">
<Coords points="223,163 287,163 287,194 223,194 223,163"/>
<Baseline points="223,194 287,194"/>
<TextEquiv><Unicode>126</Unicode></TextEquiv>
</TextLine>

</TextRegion>
<TextRegion id="block_2" custom="structure {type:note;}">
<Coords points="225,1048 225,1083 225,1092 225,1126 225,1135 225,1169 226,1179 226,1213 226,1222 226,1260 226,1265 226,1301 227,1311 227,1348 226,1357 226,1392 227,1402 227,1440 227,1447 227,1483 227,1491 227,1526 228,1534 228,1570 228,1576 228,1612 229,1620 229,1655 227,1662 227,1699 228,1706 228,1733 228,1750 357,1750 357,1788 357,1793 228,1793 228,1828 228,1838 228,1873 228,1881 228,1919 229,1925 229,1963 229,1968 229,2004 228,2010 228,2045 230,2054 230,2087 230,2097 357,2097 357,2131 984,2131 984,2097 783,2097 783,2087 783,2054 1461,2054 1461,2045 1461,2010 1467,2004 1467,1968 1466,1963 1466,1925 1466,1919 1466,1881 1465,1873 1465,1838 1465,1828 1465,1793 1465,1788 1465,1750 371,1750 371,1733 371,1706 1465,1706 1465,1699 1465,1662 1464,1655 1464,1620 1463,1612 1463,1576 1463,1570 1463,1534 1464,1526 1464,1491 1463,1483 1463,1447 1462,1440 1462,1402 1462,1392 1462,1357 1461,1348 1461,1311 1462,1301 1462,1265 1462,1260 1462,1222 1462,1213 1462,1179 1459,1169 1459,1135 1461,1126 1461,1092 1458,1083 1458,1048 225,1048"/>
<TextLine id="line_15">
<Coords points="225,1049 368,1049 386,1049 542,1049 560,1049 672,1049 697,1049 756,1049 772,1048 851,1048 871,1049 972,1049 990,1049 1066,1049 1089,1050 1282,1050 1301,1051 1458,1051 1458,1079 1301,1079 1282,1078 1089,1078 1066,1076 990,1076 972,1076 871,1076 851,1082 772,1082 756,1076 697,1076 672,1082 560,1082 542,1082 386,1082 368,1083 225,1083 225,1049"/>
<Baseline points="225,1083 368,1083 386,1082 542,1082 560,1082 672,1082 697,1076 756,1076 772,1082 851,1082 871,1076 972,1076 990,1076 1066,1076 1089,1078 1282,1078 1301,1079 1458,1079"/>
<TextEquiv><Unicode>hauptung versteigen wollen, daſs jenes Drama eines unbekannten Verfassers</Unicode></TextEquiv>
</TextLine>

<TextLine id="line_16">
<Coords points="225,1094 270,1094 290,1093 385,1093 404,1093 448,1093 470,1093 514,1093 533,1093 605,1093 624,1100 749,1100 768,1093 818,1093 855,1093 914,1093 938,1092 1018,1092 1043,1093 1114,1093 1137,1094 1186,1094 1205,1095 1290,1095 1313,1096 1388,1096 1412,1094 1461,1094 1461,1121 1412,1121 1388,1121 1313,1121 1290,1121 1205,1121 1186,1120 1137,1120 1114,1120 1043,1120 1018,1119 938,1119 914,1118 855,1118 818,1118 768,1118 749,1126 624,1126 605,1120 533,1120 514,1119 470,1119 448,1119 404,1119 385,1124 290,1124 270,1119 225,1119 225,1094"/>
<Baseline points="225,1119 270,1119 290,1124 385,1124 404,1119 448,1119 470,1119 514,1119 533,1120 605,1120 624,1126 749,1126 768,1118 818,1118 855,1118 914,1118 938,1119 1018,1119 1043,1120 1114,1120 1137,1120 1186,1120 1205,1121 1290,1121 1313,1121 1388,1121 1412,1121 1461,1121"/>
<TextEquiv><Unicode>die Quelle für die Vase gewesen sei. Wie sollte auch das Stück eines der</Unicode></TextEquiv>
</TextLine>

<TextLine id="line_17">
<Coords points="225,1136 485,1136 504,1135 638,1135 656,1144 705,1144 725,1136 774,1136 793,1137 884,1137 903,1136 997,1136 1017,1136 1065,1136 1084,1137 1191,1137 1210,1138 1413,1138 1427,1151 1459,1151 1459,1157 1427,1157 1413,1166 1210,1166 1191,1164 1084,1164 1065,1163 1017,1163 997,1162 903,1162 884,1162 793,1162 774,1162 725,1162 705,1163 656,1163 638,1169 504,1169 485,1163 225,1163 225,1136"/>
<Baseline points="225,1163 485,1163 504,1169 638,1169 656,1163 705,1163 725,1162 774,1162 793,1162 884,1162 903,1162 997,1162 1017,1163 1065,1163 1084,1164 1191,1164 1210,1166 1413,1166 1427,1157 1459,1157"/>
<TextEquiv><Unicode>unbedeutenderen Tragiker aus der ersten Hälfte des fünften Jahrhunderts —</Unicode></TextEquiv>
</TextLine>

<TextLine id="line_18">
<Coords points="226,1180 298,1180 322,1188 356,1188 382,1179 533,1179 558,1180 595,1180 618,1179 696,1179 720,1187 753,1187 777,1179 898,1179 928,1180 963,1180 990,1180 1080,1180 1103,1181 1132,1181 1156,1182 1258,1182 1278,1182 1385,1182 1409,1182 1462,1182 1462,1208 1409,1208 1385,1209 1278,1209 1258,1208 1156,1208 1132,1206 1103,1206 1080,1206 990,1206 963,1206 928,1206 898,1212 777,1212 753,1205 720,1205 696,1205 618,1205 595,1206 558,1206 533,1213 382,1213 356,1206 322,1206 298,1206 226,1206 226,1180"/>
<Baseline points="226,1206 298,1206 322,1206 356,1206 382,1213 533,1213 558,1206 595,1206 618,1205 696,1205 720,1205 753,1205 777,1212 898,1212 928,1206 963,1206 990,1206 1080,1206 1103,1206 1132,1206 1156,1208 1258,1208 1278,1209 1385,1209 1409,1208 1462,1208"/>
<TextEquiv><Unicode>denn an Sophokles ist nicht zu denken, da dieser in seinem Troilos den</Unicode></TextEquiv>
</TextLine>

<TextLine id="line_19">
<Coords points="226,1224 348,1224 368,1222 455,1222 475,1238 507,1238 529,1223 672,1223 697,1223 776,1223 801,1230 830,1230 854,1222 969,1222 988,1222 1104,1222 1128,1223 1179,1223 1200,1224 1243,1224 1263,1225 1354,1225 1377,1225 1462,1225 1462,1260 1377,1260 1354,1252 1263,1252 1243,1251 1200,1251 1179,1249 1128,1249 1104,1249 988,1249 969,1256 854,1256 830,1248 801,1248 776,1249 697,1249 672,1249 529,1249 507,1242 475,1242 455,1257 368,1257 348,1258 226,1258 226,1224"/>
<Baseline points="226,1258 348,1258 368,1257 455,1257 475,1242 507,1242 529,1249 672,1249 697,1249 776,1249 801,1248 830,1248 854,1256 969,1256 988,1249 1104,1249 1128,1249 1179,1249 1200,1251 1243,1251 1263,1252 1354,1252 1377,1260 1462,1260"/>
<TextEquiv><Unicode>Kyprien folgte — einerseits einen so rapiden Einfluſs auf die Kunst geübt</Unicode></TextEquiv>
</TextLine>

<TextLine id="line_20">
<Coords points="226,1267 316,1267 336,1267 457,1267 477,1267 660,1267 680,1275 711,1275 731,1265 848,1265 865,1265 1010,1265 1030,1267 1102,1267 1129,1267 1188,1267 1206,1269 1278,1269 1296,1270 1462,1270 1462,1297 1296,1297 1278,1296 1206,1296 1188,1295 1129,1295 1102,1300 1030,1300 1010,1300 865,1300 848,1301 731,1301 711,1293 680,1293 660,1294 477,1294 457,1301 336,1301 316,1294 226,1294 226,1267"/>
<Baseline points="226,1294 316,1294 336,1301 457,1301 477,1294 660,1294 680,1293 711,1293 731,1301 848,1301 865,1300 1010,1300 1030,1300 1102,1300 1129,1295 1188,1295 1206,1296 1278,1296 1296,1297 1462,1297"/>
<TextEquiv><Unicode>haben können, andererseits so populär geblieben sein, daſs noch Menandros</Unicode></TextEquiv>
</TextLine>

<TextLine id="line_21">
<Coords points="227,1312 432,1312 455,1320 616,1320 641,1311 731,1311 756,1319 785,1319 810,1319 844,1319 867,1311 1048,1311 1084,1311 1136,1311 1161,1312 1321,1312 1344,1315 1382,1315 1404,1313 1461,1313 1461,1342 1404,1342 1382,1342 1344,1342 1321,1348 1161,1348 1136,1339 1084,1339 1048,1346 867,1346 844,1338 810,1338 785,1338 756,1338 731,1345 641,1345 616,1347 455,1347 432,1346 227,1346 227,1312"/>
<Baseline points="227,1346 432,1346 455,1347 616,1347 641,1345 731,1345 756,1338 785,1338 810,1338 844,1338 867,1346 1048,1346 1084,1339 1136,1339 1161,1348 1321,1348 1344,1342 1382,1342 1404,1342 1461,1342"/>
<TextEquiv><Unicode>Veranlassung genommen hätte, es zu parodieren? Die Sagenform ist also</Unicode></TextEquiv>
</TextLine>

<TextLine id="line_22">
<Coords points="226,1358 308,1358 332,1366 384,1366 403,1358 465,1358 480,1357 658,1357 676,1357 727,1357 746,1365 799,1365 818,1357 911,1357 930,1357 1123,1357 1142,1358 1316,1358 1334,1369 1383,1369 1403,1360 1462,1360 1462,1388 1403,1388 1383,1388 1334,1388 1316,1388 1142,1388 1123,1385 930,1385 911,1392 818,1392 799,1384 746,1384 727,1385 676,1385 658,1386 480,1386 465,1385 403,1385 384,1385 332,1385 308,1385 226,1385 226,1358"/>
<Baseline points="226,1385 308,1385 332,1385 384,1385 403,1385 465,1385 480,1386 658,1386 676,1385 727,1385 746,1384 799,1384 818,1392 911,1392 930,1385 1123,1385 1142,1388 1316,1388 1334,1388 1383,1388 1403,1388 1462,1388"/>
<TextEquiv><Unicode>sowol von dem Vasenmaler wie von jenem unbekannten Dramatiker aus der-</Unicode></TextEquiv>
</TextLine>

<TextLine id="line_23">
<Coords points="227,1404 320,1404 344,1403 462,1403 492,1412 541,1412 565,1403 626,1403 650,1404 675,1404 695,1402 792,1402 815,1402 961,1402 986,1403 1082,1403 1107,1406 1289,1406 1331,1403 1462,1403 1462,1440 1331,1440 1289,1431 1107,1431 1082,1435 986,1435 961,1436 815,1436 792,1429 695,1429 675,1430 650,1430 626,1430 565,1430 541,1430 492,1430 462,1436 344,1436 320,1430 227,1430 227,1404"/>
<Baseline points="227,1430 320,1430 344,1436 462,1436 492,1430 541,1430 565,1430 626,1430 650,1430 675,1430 695,1429 792,1429 815,1436 961,1436 986,1435 1082,1435 1107,1431 1289,1431 1331,1440 1462,1440"/>
<TextEquiv><Unicode>selben älteren, vor dem 5. Jahrh. liegenden Quelle entnommen. Möglich,</Unicode></TextEquiv>
</TextLine>

<TextLine id="line_24">
<Coords points="227,1447 285,1447 304,1448 353,1448 372,1447 443,1447 462,1447 522,1447 540,1447 641,1447 661,1447 714,1447 733,1447 849,1447 871,1448 920,1448 939,1448 1024,1448 1048,1449 1233,1449 1252,1450 1373,1450 1398,1448 1463,1448 1463,1475 1398,1475 1373,1481 1252,1481 1233,1476 1048,1476 1024,1483 939,1483 920,1475 871,1475 849,1474 733,1474 714,1474 661,1474 641,1474 540,1474 522,1474 462,1474 443,1474 372,1474 353,1474 304,1474 285,1473 227,1473 227,1447"/>
<Baseline points="227,1473 285,1473 304,1474 353,1474 372,1474 443,1474 462,1474 522,1474 540,1474 641,1474 661,1474 714,1474 733,1474 849,1474 871,1475 920,1475 939,1483 1024,1483 1048,1476 1233,1476 1252,1481 1373,1481 1398,1475 1463,1475"/>
<TextEquiv><Unicode>daſs wir auch hier wieder den Einfluſs der Lyrik constatieren müssen; aber</Unicode></TextEquiv>
</TextLine>

<TextLine id="line_25">
<Coords points="227,1491 298,1491 316,1492 361,1492 380,1492 575,1492 599,1492 657,1492 681,1492 726,1492 740,1492 811,1492 830,1500 879,1500 899,1492 947,1492 965,1492 1075,1492 1094,1492 1161,1492 1180,1495 1303,1495 1327,1494 1364,1494 1385,1491 1464,1491 1464,1520 1385,1520 1364,1520 1327,1520 1303,1526 1180,1526 1161,1520 1094,1520 1075,1519 965,1519 947,1519 899,1519 879,1519 830,1519 811,1526 740,1526 726,1519 681,1519 657,1519 599,1519 575,1526 380,1526 361,1518 316,1518 298,1518 227,1518 227,1491"/>
<Baseline points="227,1518 298,1518 316,1518 361,1518 380,1526 575,1526 599,1519 657,1519 681,1519 726,1519 740,1526 811,1526 830,1519 879,1519 899,1519 947,1519 965,1519 1075,1519 1094,1520 1161,1520 1180,1526 1303,1526 1327,1520 1364,1520 1385,1520 1464,1520"/>
<TextEquiv><Unicode>auch die Möglichkeit, daſs die Sage aus der kleinen Ilias stammt, ist nicht</Unicode></TextEquiv>
</TextLine>

<TextLine id="line_26">
<Coords points="228,1534 464,1534 501,1536 582,1536 605,1535 649,1535 672,1536 716,1536 740,1538 832,1538 850,1537 963,1537 987,1536 1076,1536 1096,1536 1168,1536 1192,1536 1256,1536 1279,1545 1330,1545 1349,1536 1463,1536 1463,1564 1349,1564 1330,1563 1279,1563 1256,1563 1192,1563 1168,1570 1096,1570 1076,1563 987,1563 963,1563 850,1563 832,1563 740,1563 716,1562 672,1562 649,1562 605,1562 582,1562 501,1562 464,1567 228,1567 228,1534"/>
<Baseline points="228,1567 464,1567 501,1562 582,1562 605,1562 649,1562 672,1562 716,1562 740,1563 832,1563 850,1563 963,1563 987,1563 1076,1563 1096,1570 1168,1570 1192,1563 1256,1563 1279,1563 1330,1563 1349,1564 1463,1564"/>
<TextEquiv><Unicode>ausgeschlossen. Denn für die ersten Partien dieses Epos läſst uns Proklos</Unicode></TextEquiv>
</TextLine>

<TextLine id="line_27">
<Coords points="228,1576 406,1576 430,1578 468,1578 487,1578 577,1578 606,1579 662,1579 686,1579 730,1579 753,1579 852,1579 876,1580 981,1580 1001,1580 1100,1580 1124,1580 1168,1580 1187,1580 1303,1580 1326,1580 1382,1580 1406,1579 1463,1579 1463,1606 1406,1606 1382,1607 1326,1607 1303,1607 1187,1607 1168,1606 1124,1606 1100,1612 1001,1612 981,1606 876,1606 852,1606 753,1606 730,1606 686,1606 662,1605 606,1605 577,1609 487,1609 468,1604 430,1604 406,1604 228,1604 228,1576"/>
<Baseline points="228,1604 406,1604 430,1604 468,1604 487,1609 577,1609 606,1605 662,1605 686,1606 730,1606 753,1606 852,1606 876,1606 981,1606 1001,1612 1100,1612 1124,1606 1168,1606 1187,1607 1303,1607 1326,1607 1382,1607 1406,1606 1463,1606"/>
<TextEquiv><Unicode>bekanntlich im Stich; und die beiden andern Facta, die Plautus und also</Unicode></TextEquiv>
</TextLine>

<TextLine id="line_28">
<Coords points="229,1620 299,1620 317,1620 468,1620 490,1621 541,1621 564,1621 625,1621 644,1621 704,1621 727,1621 775,1621 794,1621 902,1621 926,1630 1083,1630 1100,1630 1222,1630 1247,1623 1297,1623 1314,1624 1394,1624 1416,1622 1464,1622 1464,1649 1416,1649 1394,1650 1314,1650 1297,1650 1247,1650 1222,1655 1100,1655 1083,1649 926,1649 902,1649 794,1649 775,1647 727,1647 704,1648 644,1648 625,1647 564,1647 541,1647 490,1647 468,1647 317,1647 299,1646 229,1646 229,1620"/>
<Baseline points="229,1646 299,1646 317,1647 468,1647 490,1647 541,1647 564,1647 625,1647 644,1648 704,1648 727,1647 775,1647 794,1649 902,1649 926,1649 1083,1649 1100,1655 1222,1655 1247,1650 1297,1650 1314,1650 1394,1650 1416,1649 1464,1649"/>
<TextEquiv><Unicode>auch Menander mit dem Tod des Troilos zusammen nennen, der Raub des</Unicode></TextEquiv>
</TextLine>

<TextLine id="line_29">
<Coords points="227,1662 397,1662 416,1662 473,1662 497,1663 546,1663 569,1663 697,1663 716,1663 808,1663 831,1664 957,1664 979,1665 1012,1665 1034,1665 1219,1665 1241,1666 1271,1666 1290,1666 1338,1666 1356,1666 1465,1666 1465,1693 1356,1693 1338,1694 1290,1694 1271,1693 1241,1693 1219,1692 1034,1692 1012,1699 979,1699 957,1691 831,1691 808,1697 716,1697 697,1690 569,1690 546,1689 497,1689 473,1689 416,1689 397,1689 227,1689 227,1662"/>
<Baseline points="227,1689 397,1689 416,1689 473,1689 497,1689 546,1689 569,1690 697,1690 716,1697 808,1697 831,1691 957,1691 979,1699 1012,1699 1034,1692 1219,1692 1241,1693 1271,1693 1290,1694 1338,1694 1356,1693 1465,1693"/>
<TextEquiv><Unicode>Palladiums und das hölzerne Pferd, kommen ja thatsächlich in der kleinen</Unicode></TextEquiv>
</TextLine>

<TextLine id="line_30">
<Coords points="228,1706 294,1706 314,1714 371,1714 371,1733 314,1733 294,1733 228,1733 228,1706"/>
<Baseline points="228,1733 294,1733 314,1733 371,1733"/>
<TextEquiv><Unicode>Ilias vor.</Unicode></TextEquiv>
</TextLine>

<TextLine id="line_31">
<Coords points="357,1750 389,1750 410,1750 435,1750 454,1750 478,1750 494,1751 562,1751 581,1758 608,1758 621,1751 673,1751 693,1750 769,1750 788,1751 896,1751 919,1751 970,1751 988,1752 1038,1752 1056,1752 1126,1752 1146,1753 1243,1753 1267,1754 1382,1754 1406,1750 1465,1750 1465,1779 1406,1779 1382,1787 1267,1787 1243,1788 1146,1788 1126,1780 1056,1780 1038,1778 988,1778 970,1777 919,1777 896,1783 788,1783 769,1777 693,1777 673,1778 621,1778 608,1784 581,1784 562,1777 494,1777 478,1777 454,1777 435,1777 410,1777 389,1777 357,1777 357,1750"/>
<Baseline points="357,1777 389,1777 410,1777 435,1777 454,1777 478,1777 494,1777 562,1777 581,1784 608,1784 621,1778 673,1778 693,1777 769,1777 788,1783 896,1783 919,1777 970,1777 988,1778 1038,1778 1056,1780 1126,1780 1146,1788 1243,1788 1267,1787 1382,1787 1406,1779 1465,1779"/>
<TextEquiv><Unicode>A. d. I. 1858 p. 352 hatte Brunn, wie wir oben sahen, erklärt, daſs</Unicode></TextEquiv>
</TextLine>

<TextLine id="line_32">
<Coords points="228,1794 369,1794 389,1794 475,1794 495,1793 661,1793 680,1794 728,1794 747,1794 962,1794 980,1795 1029,1795 1046,1796 1166,1796 1185,1798 1244,1798 1264,1798 1317,1798 1336,1798 1405,1798 1417,1796 1465,1796 1465,1822 1417,1822 1405,1825 1336,1825 1317,1825 1264,1825 1244,1825 1185,1825 1166,1825 1046,1825 1029,1822 980,1822 962,1821 747,1821 728,1821 680,1821 661,1828 495,1828 475,1821 389,1821 369,1822 228,1822 228,1794"/>
<Baseline points="228,1822 369,1822 389,1821 475,1821 495,1828 661,1828 680,1821 728,1821 747,1821 962,1821 980,1822 1029,1822 1046,1825 1166,1825 1185,1825 1244,1825 1264,1825 1317,1825 1336,1825 1405,1825 1417,1822 1465,1822"/>
<TextEquiv><Unicode>Achilleus durch Abweisung der Gesandtschaft der Achaier sich den Zorn der</Unicode></TextEquiv>
</TextLine>

<TextLine id="line_33">
<Coords points="228,1839 327,1839 346,1839 458,1839 476,1838 533,1838 552,1838 600,1838 619,1838 678,1838 701,1838 796,1838 816,1838 875,1838 893,1838 1081,1838 1111,1851 1141,1851 1164,1842 1242,1842 1261,1843 1320,1843 1343,1840 1465,1840 1465,1870 1343,1870 1320,1869 1261,1869 1242,1869 1164,1869 1141,1869 1111,1869 1081,1873 893,1873 875,1864 816,1864 796,1864 701,1864 678,1864 619,1864 600,1864 552,1864 533,1864 476,1864 458,1865 346,1865 327,1866 228,1866 228,1839"/>
<Baseline points="228,1866 327,1866 346,1865 458,1865 476,1864 533,1864 552,1864 600,1864 619,1864 678,1864 701,1864 796,1864 816,1864 875,1864 893,1873 1081,1873 1111,1869 1141,1869 1164,1869 1242,1869 1261,1869 1320,1869 1343,1870 1465,1870"/>
<TextEquiv><Unicode>Götter zuziehe und das dies seinen Tod herbeiführe; er hatte dies benutzt,</Unicode></TextEquiv>
</TextLine>

<TextLine id="line_34">
<Coords points="228,1890 274,1890 293,1884 337,1884 356,1882 640,1882 659,1881 708,1881 727,1881 942,1881 959,1884 1011,1884 1028,1885 1170,1885 1184,1886 1285,1886 1304,1886 1346,1886 1359,1887 1466,1887 1466,1919 1359,1919 1346,1913 1304,1913 1285,1913 1184,1913 1170,1913 1028,1913 1011,1911 959,1911 942,1909 727,1909 708,1908 659,1908 640,1915 356,1915 337,1910 293,1910 274,1909 228,1909 228,1890"/>
<Baseline points="228,1909 274,1909 293,1910 337,1910 356,1915 640,1915 659,1908 708,1908 727,1909 942,1909 959,1911 1011,1911 1028,1913 1170,1913 1184,1913 1285,1913 1304,1913 1346,1913 1359,1919 1466,1919"/>
<TextEquiv><Unicode>um die Zusammenstellung der Gesandtschaft mit Memnons Leiche als Gegen-</Unicode></TextEquiv>
</TextLine>

<TextLine id="line_35">
<Coords points="229,1926 287,1926 306,1936 339,1936 358,1929 534,1929 564,1926 625,1926 643,1925 786,1925 805,1926 949,1926 969,1928 995,1928 1012,1930 1074,1930 1097,1931 1135,1931 1160,1938 1189,1938 1215,1931 1259,1931 1282,1929 1466,1929 1466,1958 1282,1958 1259,1956 1215,1956 1189,1956 1160,1956 1135,1956 1097,1956 1074,1963 1012,1963 995,1955 969,1955 949,1954 805,1954 786,1958 643,1958 625,1953 564,1953 534,1959 358,1959 339,1954 306,1954 287,1953 229,1953 229,1926"/>
<Baseline points="229,1953 287,1953 306,1954 339,1954 358,1959 534,1959 564,1953 625,1953 643,1958 786,1958 805,1954 949,1954 969,1955 995,1955 1012,1963 1074,1963 1097,1956 1135,1956 1160,1956 1189,1956 1215,1956 1259,1956 1282,1958 1466,1958"/>
<TextEquiv><Unicode>bild zu motivieren; hier (Troische Miscellen S. 175) ist es die Entweihung</Unicode></TextEquiv>
</TextLine>

<TextLine id="line_36">
<Coords points="229,1968 277,1968 300,1970 523,1970 548,1970 729,1970 758,1968 844,1968 872,1969 916,1969 940,1970 1082,1970 1111,1974 1172,1974 1201,1973 1303,1973 1332,1973 1382,1973 1406,1968 1467,1968 1467,1997 1406,1997 1382,1999 1332,1999 1303,1999 1201,1999 1172,1999 1111,1999 1082,1999 940,1999 916,1995 872,1995 844,1994 758,1994 729,2003 548,2003 523,2004 300,2004 277,1994 229,1994 229,1968"/>
<Baseline points="229,1994 277,1994 300,2004 523,2004 548,2003 729,2003 758,1994 844,1994 872,1995 916,1995 940,1999 1082,1999 1111,1999 1172,1999 1201,1999 1303,1999 1332,1999 1382,1999 1406,1997 1467,1997"/>
<TextEquiv><Unicode>des thymbräischen Heiligtums, durch die Achilleus eine Schuld auf sich</Unicode></TextEquiv>
</TextLine>

<TextLine id="line_37">
<Coords points="228,2010 312,2010 330,2013 432,2013 451,2022 481,2022 499,2013 587,2013 606,2013 700,2013 719,2013 846,2013 859,2011 918,2011 937,2013 1018,2013 1046,2016 1097,2016 1116,2016 1282,2016 1296,2016 1349,2016 1361,2014 1461,2014 1461,2042 1361,2042 1349,2043 1296,2043 1282,2043 1116,2043 1097,2042 1046,2042 1018,2042 937,2042 918,2039 859,2039 846,2045 719,2045 700,2040 606,2040 587,2041 499,2041 481,2041 451,2041 432,2041 330,2041 312,2044 228,2044 228,2010"/>
<Baseline points="228,2044 312,2044 330,2041 432,2041 451,2041 481,2041 499,2041 587,2041 606,2040 700,2040 719,2045 846,2045 859,2039 918,2039 937,2042 1018,2042 1046,2042 1097,2042 1116,2043 1282,2043 1296,2043 1349,2043 1361,2042 1461,2042"/>
<TextEquiv><Unicode>ladet, welche er durch seinen späteren Tod büſst. Ich constatiere den Wider-</Unicode></TextEquiv>
</TextLine>

<TextLine id="line_38">
<Coords points="230,2054 340,2054 360,2056 429,2056 448,2058 497,2058 516,2058 592,2058 613,2065 646,2065 665,2056 783,2056 783,2083 665,2083 646,2084 613,2084 592,2085 516,2085 497,2085 448,2085 429,2083 360,2083 340,2087 230,2087 230,2054"/>
<Baseline points="230,2087 340,2087 360,2083 429,2083 448,2085 497,2085 516,2085 592,2085 613,2084 646,2084 665,2083 783,2083"/>
<TextEquiv><Unicode>spruch, ohne ihn lösen zu können.</Unicode></TextEquiv>
</TextLine>

<TextLine id="line_39">
<Coords points="357,2098 420,2098 439,2100 491,2100 510,2101 615,2101 634,2099 755,2099 774,2097 831,2097 844,2097 984,2097 984,2126 844,2126 831,2124 774,2124 755,2127 634,2127 615,2128 510,2128 491,2127 439,2127 420,2131 357,2131 357,2098"/>
<Baseline points="357,2131 420,2131 439,2127 491,2127 510,2128 615,2128 634,2127 755,2127 774,2124 831,2124 844,2126 984,2126"/>
<TextEquiv><Unicode>Vgl. den Excurs Lesches und Arktinos.</Unicode></TextEquiv>
</TextLine>

</TextRegion>
</Page>
</PcGts>