<?xml version="1.0" encoding="UTF-8"?>
<PcGts xmlns="http://schema.primaresearch.org/PAGE/gts/pagecontent/2019-07-15" xmlns:xsi="http://www.w3.org/2001/XMLSchema-instance" xsi:schemaLocation="http://schema.primaresearch.org/PAGE/gts/pagecontent/2019-07-15 http://schema.primaresearch.org/PAGE/gts/pagecontent/2019-07-15/pagecontent.xsd">
<Metadata>
<Creator>regJS2PAGE.py</Creator>
<Created>2021-02-16T10:48:43.071734</Created>
<LastChange>2021-02-16T10:48:43.071734</LastChange>
</Metadata>
<Page imageFilename="tmp/robert_griechische_1881_0182.png" imageWidth="1600" imageHeight="2372">
<TextRegion id="block_0" custom="structure {type:body;}">
<Coords points="227,256 227,301 226,309 226,355 227,363 227,406 229,417 229,462 229,467 229,511 230,521 230,564 230,573 230,616 230,626 230,669 231,680 231,723 232,733 232,775 232,787 232,828 224,839 224,881 233,889 233,933 236,942 236,986 233,995 233,1038 234,1049 234,1093 235,1104 235,1143 236,1154 236,1197 237,1209 237,1249 1406,1249 1406,1209 1462,1209 1462,1197 1462,1154 1458,1143 1458,1104 1457,1093 1457,1049 1458,1038 1458,995 1456,986 1456,942 1453,933 1453,889 1456,881 1456,839 1455,828 1455,787 1454,775 1454,733 1453,723 1453,680 1453,669 1453,626 1452,616 1452,573 1452,564 1452,521 1451,511 1451,467 1380,467 1380,462 1380,417 1447,417 1447,406 1447,363 1447,355 1447,309 1447,301 1447,256 227,256"/>
<TextLine id="line_0">
<Coords points="227,259 307,259 332,260 389,260 412,260 585,260 608,259 713,259 739,260 816,260 840,259 918,259 942,257 1080,257 1105,258 1227,258 1253,256 1323,256 1346,256 1447,256 1447,289 1346,289 1323,289 1253,289 1227,297 1105,297 1080,300 942,300 918,291 840,291 816,292 739,292 713,301 608,301 585,293 412,293 389,292 332,292 307,292 227,292 227,259"/>
<Baseline points="227,292 307,292 332,292 389,292 412,293 585,293 608,301 713,301 739,292 816,292 840,291 918,291 942,300 1080,300 1105,297 1227,297 1253,289 1323,289 1346,289 1447,289"/>
<TextEquiv><Unicode>auch der Fabrikort sei. Wer wird glauben wollen, daſs selbst</Unicode></TextEquiv>
</TextLine>

<TextLine id="line_1">
<Coords points="226,312 311,312 323,313 446,313 462,314 519,314 535,313 842,313 855,312 991,312 1007,312 1060,312 1076,310 1304,310 1311,309 1447,309 1447,343 1311,343 1304,352 1076,352 1060,344 1007,344 991,353 855,353 842,355 535,355 519,347 462,347 446,354 323,354 311,345 226,345 226,312"/>
<Baseline points="226,345 311,345 323,354 446,354 462,347 519,347 535,355 842,355 855,353 991,353 1007,344 1060,344 1076,352 1304,352 1311,343 1447,343"/>
<TextEquiv><Unicode>beim Beginn des peloponnesischen Krieges die aischyleische Version</Unicode></TextEquiv>
</TextLine>

<TextLine id="line_2">
<Coords points="227,366 347,366 376,377 411,377 441,368 499,368 522,367 816,367 844,366 877,366 907,363 1181,363 1210,363 1447,363 1447,397 1210,397 1181,398 907,398 877,399 844,399 816,400 522,400 499,400 441,400 411,406 376,406 347,400 227,400 227,366"/>
<Baseline points="227,400 347,400 376,406 411,406 441,400 499,400 522,400 816,400 844,399 877,399 907,398 1181,398 1210,397 1447,397"/>
<TextEquiv><Unicode>bereits so das Volksbewustsein in ausserattischen Landschaften</Unicode></TextEquiv>
</TextLine>

<TextLine id="line_3">
<Coords points="229,420 474,420 507,420 605,420 637,420 708,420 731,419 834,419 866,418 1018,418 1048,417 1297,417 1333,417 1380,417 1380,449 1333,449 1297,457 1048,457 1018,451 866,451 834,451 731,451 708,452 637,452 605,459 507,459 474,462 229,462 229,420"/>
<Baseline points="229,462 474,462 507,459 605,459 637,452 708,452 731,451 834,451 866,451 1018,451 1048,457 1297,457 1333,449 1380,449"/>
<TextEquiv><Unicode>durchdrungen habe, daſs selbst melische Thonarbeiter, sei es</Unicode></TextEquiv>
</TextLine>

<TextLine id="line_4">
<Coords points="229,474 392,474 420,474 498,474 525,472 745,472 774,474 869,474 896,472 999,472 1023,469 1146,469 1174,470 1331,470 1378,467 1451,467 1451,501 1378,501 1331,502 1174,502 1146,502 1023,502 999,504 896,504 869,504 774,504 745,511 525,511 498,506 420,506 392,507 229,507 229,474"/>
<Baseline points="229,507 392,507 420,506 498,506 525,511 745,511 774,504 869,504 896,504 999,504 1023,502 1146,502 1174,502 1331,502 1378,501 1451,501"/>
<TextEquiv><Unicode>mittelbar oder unmittelbar, unter ihrem Einflus standen? Und</Unicode></TextEquiv>
</TextLine>

<TextLine id="line_5">
<Coords points="230,527 280,527 304,526 397,526 421,525 478,525 504,525 555,525 580,525 711,525 740,524 847,524 875,523 964,523 997,532 1057,532 1091,522 1174,522 1208,523 1302,523 1330,521 1452,521 1452,554 1330,554 1302,554 1208,554 1174,555 1091,555 1057,555 997,555 964,556 875,556 847,556 740,556 711,564 580,564 555,557 504,557 478,557 421,557 397,557 304,557 280,557 230,557 230,527"/>
<Baseline points="230,557 280,557 304,557 397,557 421,557 478,557 504,557 555,557 580,564 711,564 740,556 847,556 875,556 964,556 997,555 1057,555 1091,555 1174,555 1208,554 1302,554 1330,554 1452,554"/>
<TextEquiv><Unicode>ein Blick auf die Gruppe rechts führt uns noch einen Schritt</Unicode></TextEquiv>
</TextLine>

<TextLine id="line_6">
<Coords points="230,578 353,578 380,578 437,578 460,577 571,577 587,576 751,576 777,576 835,576 858,577 901,577 924,576 1218,576 1243,575 1287,575 1310,573 1452,573 1452,607 1310,607 1287,607 1243,607 1218,616 924,616 901,608 858,608 835,608 777,608 751,616 587,616 571,609 460,609 437,609 380,609 353,609 230,609 230,578"/>
<Baseline points="230,609 353,609 380,609 437,609 460,609 571,609 587,616 751,616 777,608 835,608 858,608 901,608 924,616 1218,616 1243,607 1287,607 1310,607 1452,607"/>
<TextEquiv><Unicode>weiter: der zweite Jüngling, der im Ephebenkostüm, ist offenbar</Unicode></TextEquiv>
</TextLine>

<TextLine id="line_7">
<Coords points="230,630 287,630 309,629 538,629 566,629 681,629 709,629 855,629 883,628 934,628 954,629 1015,629 1043,629 1103,629 1127,628 1179,628 1202,626 1453,626 1453,661 1202,661 1179,661 1127,661 1103,660 1043,660 1015,661 954,661 934,661 883,661 855,668 709,668 681,661 566,661 538,669 309,669 287,661 230,661 230,630"/>
<Baseline points="230,661 287,661 309,669 538,669 566,661 681,661 709,668 855,668 883,661 934,661 954,661 1015,661 1043,660 1103,660 1127,661 1179,661 1202,661 1453,661"/>
<TextEquiv><Unicode>der Vornehmste, mithin Orestes, für den mir die nachdenkliche</Unicode></TextEquiv>
</TextLine>

<TextLine id="line_8">
<Coords points="231,683 376,683 399,682 575,682 599,681 884,681 906,682 972,682 996,682 1092,682 1109,680 1326,680 1353,680 1453,680 1453,714 1353,714 1326,723 1109,723 1092,714 996,714 972,714 906,714 884,714 599,714 575,715 399,715 376,723 231,723 231,683"/>
<Baseline points="231,723 376,723 399,715 575,715 599,714 884,714 906,714 972,714 996,714 1092,714 1109,723 1326,723 1353,714 1453,714"/>
<TextEquiv><Unicode>Haltung besonders charakteristisch und schön erscheint. Sollte</Unicode></TextEquiv>
</TextLine>

<TextLine id="line_9">
<Coords points="232,745 297,745 321,736 378,736 403,735 522,735 546,735 659,735 684,735 741,735 765,744 804,744 826,734 962,734 985,734 1121,734 1145,734 1289,734 1317,733 1454,733 1454,775 1317,775 1289,767 1145,767 1121,775 985,775 962,766 826,766 804,766 765,766 741,767 684,767 659,775 546,775 522,767 403,767 378,768 321,768 297,768 232,768 232,745"/>
<Baseline points="232,768 297,768 321,768 378,768 403,767 522,767 546,775 659,775 684,767 741,767 765,766 804,766 826,766 962,766 985,775 1121,775 1145,767 1289,767 1317,775 1454,775"/>
<TextEquiv><Unicode>nun der andere Mann, der zu Elektra spricht, wirklich Pylades</Unicode></TextEquiv>
</TextLine>

<TextLine id="line_10">
<Coords points="232,789 322,789 335,789 402,789 414,788 531,788 546,788 640,788 652,798 726,798 739,788 876,788 890,787 942,787 954,787 1171,787 1184,788 1240,788 1253,787 1455,787 1455,827 1253,827 1240,820 1184,820 1171,827 954,827 942,819 890,819 876,827 739,827 726,820 652,820 640,821 546,821 531,828 414,828 402,821 335,821 322,821 232,821 232,789"/>
<Baseline points="232,821 322,821 335,821 402,821 414,828 531,828 546,821 640,821 652,820 726,820 739,827 876,827 890,819 942,819 954,827 1171,827 1184,820 1240,820 1253,827 1455,827"/>
<TextEquiv><Unicode>sein? ihm würde, sollte man meinen, die Anknüpfung des Gespräches</Unicode></TextEquiv>
</TextLine>

<TextLine id="line_11">
<Coords points="224,841 335,841 365,841 495,841 549,840 613,840 641,841 780,841 817,840 868,840 904,848 1003,848 1038,839 1201,839 1234,839 1456,839 1456,877 1234,877 1201,878 1038,878 1003,879 904,879 868,872 817,872 780,880 641,880 613,872 549,872 495,872 365,872 335,881 224,881 224,841"/>
<Baseline points="224,881 335,881 365,872 495,872 549,872 613,872 641,880 780,880 817,872 868,872 904,879 1003,879 1038,878 1201,878 1234,877 1456,877"/>
<TextEquiv><Unicode>wenig ziemen. Mir scheint, die ganze bisherige Betrachtung</Unicode></TextEquiv>
</TextLine>

<TextLine id="line_12">
<Coords points="233,894 321,894 342,892 555,892 572,892 629,892 642,893 713,893 734,893 854,893 870,892 1082,892 1101,900 1135,900 1152,892 1196,892 1209,889 1453,889 1453,931 1209,931 1196,922 1152,922 1135,922 1101,922 1082,930 870,930 854,924 734,924 713,925 642,925 629,925 572,925 555,933 342,933 321,925 233,925 233,894"/>
<Baseline points="233,925 321,925 342,933 555,933 572,925 629,925 642,925 713,925 734,924 854,924 870,930 1082,930 1101,922 1135,922 1152,922 1196,922 1209,931 1453,931"/>
<TextEquiv><Unicode>führt gebieterisch auf eine andere Benennung; es ist Talthybios.</Unicode></TextEquiv>
</TextLine>

<TextLine id="line_13">
<Coords points="236,947 302,947 317,946 440,946 457,945 534,945 550,954 659,954 685,954 719,954 736,944 832,944 853,944 954,944 969,943 1116,943 1139,952 1197,952 1213,942 1305,942 1321,943 1456,943 1456,975 1321,975 1305,975 1213,975 1197,975 1139,975 1116,983 969,983 954,977 853,977 832,977 736,977 719,977 685,977 659,984 550,984 534,986 457,986 440,978 317,978 302,978 236,978 236,947"/>
<Baseline points="236,978 302,978 317,978 440,978 457,986 534,986 550,984 659,984 685,977 719,977 736,977 832,977 853,977 954,977 969,983 1116,983 1139,975 1197,975 1213,975 1305,975 1321,975 1456,975"/>
<TextEquiv><Unicode>Der Herold geht voran, er allein kennt Elektra, aus ihren Händen</Unicode></TextEquiv>
</TextLine>

<TextLine id="line_14">
<Coords points="233,999 291,999 314,1008 349,1008 373,998 457,998 480,998 542,998 570,998 698,998 722,997 854,997 884,996 1088,996 1129,996 1195,996 1218,997 1315,997 1342,1006 1377,1006 1406,995 1458,995 1458,1028 1406,1028 1377,1029 1342,1029 1315,1029 1218,1029 1195,1028 1129,1028 1088,1038 884,1038 854,1030 722,1030 698,1031 570,1031 542,1030 480,1030 457,1031 373,1031 349,1031 314,1031 291,1031 233,1031 233,999"/>
<Baseline points="233,1031 291,1031 314,1031 349,1031 373,1031 457,1031 480,1030 542,1030 570,1031 698,1031 722,1030 854,1030 884,1038 1088,1038 1129,1028 1195,1028 1218,1029 1315,1029 1342,1029 1377,1029 1406,1028 1458,1028"/>
<TextEquiv><Unicode>hat er einst den kleinen Orestes empfangen; ihm ziemt es die</Unicode></TextEquiv>
</TextLine>

<TextLine id="line_15">
<Coords points="234,1051 461,1051 477,1051 701,1051 717,1052 782,1052 799,1051 851,1051 866,1051 1064,1051 1079,1050 1356,1050 1385,1049 1457,1049 1457,1083 1385,1083 1356,1084 1079,1084 1064,1091 866,1091 851,1084 799,1084 782,1084 717,1084 701,1092 477,1092 461,1093 234,1093 234,1051"/>
<Baseline points="234,1093 461,1093 477,1092 701,1092 717,1084 782,1084 799,1084 851,1084 866,1091 1064,1091 1079,1084 1356,1084 1385,1083 1457,1083"/>
<TextEquiv><Unicode>Unterredung anzuknüpfen und die Erkennung herbeizuführen. Und</Unicode></TextEquiv>
</TextLine>

<TextLine id="line_16">
<Coords points="235,1105 330,1105 353,1104 442,1104 465,1105 522,1105 546,1104 625,1104 652,1105 685,1105 715,1105 821,1105 844,1104 969,1104 993,1104 1111,1104 1143,1106 1209,1106 1234,1104 1318,1104 1348,1104 1458,1104 1458,1136 1348,1136 1318,1143 1234,1143 1209,1143 1143,1143 1111,1136 993,1136 969,1136 844,1136 821,1137 715,1137 685,1136 652,1136 625,1136 546,1136 522,1137 465,1137 442,1136 353,1136 330,1137 235,1137 235,1105"/>
<Baseline points="235,1137 330,1137 353,1136 442,1136 465,1137 522,1137 546,1136 625,1136 652,1136 685,1136 715,1137 821,1137 844,1136 969,1136 993,1136 1111,1136 1143,1143 1209,1143 1234,1143 1318,1143 1348,1136 1458,1136"/>
<TextEquiv><Unicode>sollte nicht der Stab in seiner Linken ebenso gut, nein, besser</Unicode></TextEquiv>
</TextLine>

<TextLine id="line_17">
<Coords points="236,1157 288,1157 304,1157 487,1157 504,1175 547,1175 564,1159 646,1159 661,1166 722,1166 739,1157 797,1157 812,1157 965,1157 980,1156 1086,1156 1111,1156 1169,1156 1191,1157 1237,1157 1253,1157 1389,1157 1406,1154 1462,1154 1462,1188 1406,1188 1389,1189 1253,1189 1237,1189 1191,1189 1169,1188 1111,1188 1086,1195 980,1195 965,1197 812,1197 797,1189 739,1189 722,1189 661,1189 646,1189 564,1189 547,1180 504,1180 487,1197 304,1197 288,1189 236,1189 236,1157"/>
<Baseline points="236,1189 288,1189 304,1197 487,1197 504,1180 547,1180 564,1189 646,1189 661,1189 722,1189 739,1189 797,1189 812,1197 965,1197 980,1195 1086,1195 1111,1188 1169,1188 1191,1189 1237,1189 1253,1189 1389,1189 1406,1188 1462,1188"/>
<TextEquiv><Unicode>ein Kerykeion — etwa von der längeren Form, wie sie Hermes auf</Unicode></TextEquiv>
</TextLine>

<TextLine id="line_18">
<Coords points="237,1210 299,1210 312,1209 612,1209 627,1210 735,1210 751,1212 840,1212 854,1226 899,1226 912,1209 981,1209 998,1209 1134,1209 1153,1209 1202,1209 1219,1209 1270,1209 1284,1209 1406,1209 1406,1249 1284,1249 1270,1241 1219,1241 1202,1241 1153,1241 1134,1247 998,1247 981,1240 912,1240 899,1232 854,1232 840,1249 751,1249 735,1242 627,1242 612,1249 312,1249 299,1242 237,1242 237,1210"/>
<Baseline points="237,1242 299,1242 312,1249 612,1249 627,1242 735,1242 751,1249 840,1249 854,1232 899,1232 912,1240 981,1240 998,1247 1134,1247 1153,1241 1202,1241 1219,1241 1270,1241 1284,1249 1406,1249"/>
<TextEquiv><Unicode>den schwarzfigurigen Vasen trägt — sein können, als ein Speer?</Unicode></TextEquiv>
</TextLine>

</TextRegion>
<TextRegion id="block_1" custom="structure {type:pageNum;}">
<Coords points="229,175 229,205 291,205 291,175 229,175"/>
<TextLine id="line_19">
<Coords points="229,175 291,175 291,205 229,205 229,175"/>
<Baseline points="229,205 291,205"/>
<TextEquiv><Unicode>168</Unicode></TextEquiv>
</TextLine>

</TextRegion>
<TextRegion id="block_2" custom="structure {type:note;}">
<Coords points="362,1320 362,1356 362,1365 237,1365 237,1402 238,1411 238,1448 238,1457 238,1492 238,1501 367,1501 367,1536 367,1546 241,1546 241,1572 241,1587 366,1587 366,1622 366,1630 243,1630 243,1662 241,1671 241,1705 241,1714 241,1749 242,1757 242,1792 243,1800 243,1836 243,1845 243,1880 244,1888 244,1919 244,1931 369,1931 369,1969 369,1975 245,1975 245,2012 246,2017 246,2055 245,2054 245,2095 250,2103 250,2134 1466,2134 1466,2103 1464,2095 1464,2054 1471,2055 1471,2017 1467,2012 1467,1975 1467,1969 1467,1931 1013,1931 1013,1919 1013,1888 1466,1888 1466,1880 1466,1845 1467,1836 1467,1800 1465,1792 1465,1757 1466,1749 1466,1714 1464,1705 1464,1671 1482,1662 1482,1630 1464,1622 1464,1587 360,1587 360,1572 360,1546 1463,1546 1463,1536 1463,1501 424,1501 424,1492 424,1457 1460,1457 1460,1448 1460,1411 1461,1402 1461,1365 1460,1356 1460,1320 362,1320"/>
<TextLine id="line_20">
<Coords points="362,1321 426,1321 453,1322 520,1322 547,1321 635,1321 663,1321 719,1321 746,1321 790,1321 818,1321 990,1321 1013,1320 1117,1320 1140,1321 1327,1321 1352,1321 1460,1321 1460,1349 1352,1349 1327,1355 1140,1355 1117,1348 1013,1348 990,1348 818,1348 790,1348 746,1348 719,1349 663,1349 635,1348 547,1348 520,1349 453,1349 426,1356 362,1356 362,1321"/>
<Baseline points="362,1356 426,1356 453,1349 520,1349 547,1348 635,1348 663,1349 719,1349 746,1348 790,1348 818,1348 990,1348 1013,1348 1117,1348 1140,1355 1327,1355 1352,1349 1460,1349"/>
<TextEquiv><Unicode>Vgl. über dieses und die verwandten Reliefs R. Schoene, Griech.</Unicode></TextEquiv>
</TextLine>

<TextLine id="line_21">
<Coords points="237,1367 340,1367 361,1367 387,1367 402,1368 444,1368 482,1367 654,1367 674,1366 717,1366 736,1374 789,1374 809,1366 883,1366 902,1366 967,1366 990,1374 1039,1374 1057,1365 1198,1365 1216,1366 1349,1366 1373,1367 1461,1367 1461,1394 1373,1394 1349,1402 1216,1402 1198,1393 1057,1393 1039,1401 990,1401 967,1393 902,1393 883,1393 809,1393 789,1393 736,1393 717,1393 674,1393 654,1401 482,1401 444,1396 402,1396 387,1395 361,1395 340,1395 237,1395 237,1367"/>
<Baseline points="237,1395 340,1395 361,1395 387,1395 402,1396 444,1396 482,1401 654,1401 674,1393 717,1393 736,1393 789,1393 809,1393 883,1393 902,1393 967,1393 990,1401 1039,1401 1057,1393 1198,1393 1216,1402 1349,1402 1373,1394 1461,1394"/>
<TextEquiv><Unicode>Reliefs S. 61. Fragmente, die von einer oder gar mehreren Repliken dieser</Unicode></TextEquiv>
</TextLine>

<TextLine id="line_22">
<Coords points="238,1413 414,1413 432,1412 595,1412 619,1412 680,1412 699,1420 748,1420 767,1411 874,1411 895,1411 997,1411 1020,1412 1057,1412 1077,1411 1254,1411 1272,1411 1460,1411 1460,1439 1272,1439 1254,1439 1077,1439 1057,1439 1020,1439 997,1438 895,1438 874,1446 767,1446 748,1438 699,1438 680,1439 619,1439 595,1446 432,1446 414,1448 238,1448 238,1413"/>
<Baseline points="238,1448 414,1448 432,1446 595,1446 619,1439 680,1439 699,1438 748,1438 767,1446 874,1446 895,1438 997,1438 1020,1439 1057,1439 1077,1439 1254,1439 1272,1439 1460,1439"/>
<TextEquiv><Unicode>Darstellung herrühren, sind vor einigen Jahren im athenischen Kunsthandel</Unicode></TextEquiv>
</TextLine>

<TextLine id="line_23">
<Coords points="238,1457 424,1457 424,1492 238,1492 238,1457"/>
<Baseline points="238,1492 424,1492"/>
<TextEquiv><Unicode>aufgetaucht.</Unicode></TextEquiv>
</TextLine>

<TextLine id="line_24">
<Coords points="367,1501 455,1501 476,1501 578,1501 597,1501 670,1501 690,1501 775,1501 794,1501 837,1501 856,1501 973,1501 992,1501 1048,1501 1068,1501 1118,1501 1138,1501 1297,1501 1319,1501 1401,1501 1420,1501 1463,1501 1463,1527 1420,1527 1401,1527 1319,1527 1297,1528 1138,1528 1118,1528 1068,1528 1048,1528 992,1528 973,1536 856,1536 837,1528 794,1528 775,1535 690,1535 670,1528 597,1528 578,1529 476,1529 455,1528 367,1528 367,1501"/>
<Baseline points="367,1528 455,1528 476,1529 578,1529 597,1528 670,1528 690,1535 775,1535 794,1528 837,1528 856,1536 973,1536 992,1528 1048,1528 1068,1528 1118,1528 1138,1528 1297,1528 1319,1527 1401,1527 1420,1527 1463,1527"/>
<TextEquiv><Unicode>Conze erklärt diese Figur für Pylades und den vordersten Mann für</Unicode></TextEquiv>
</TextLine>

<TextLine id="line_25">
<Coords points="241,1546 360,1546 360,1572 241,1572 241,1546"/>
<Baseline points="241,1572 360,1572"/>
<TextEquiv><Unicode>Orestes.</Unicode></TextEquiv>
</TextLine>

<TextLine id="line_26">
<Coords points="366,1588 418,1588 442,1588 636,1588 653,1589 691,1589 709,1588 772,1588 792,1588 1018,1588 1036,1588 1234,1588 1254,1588 1297,1588 1311,1588 1384,1588 1403,1587 1464,1587 1464,1614 1403,1614 1384,1620 1311,1620 1297,1614 1254,1614 1234,1620 1036,1620 1018,1614 792,1614 772,1614 709,1614 691,1614 653,1614 636,1622 442,1622 418,1614 366,1614 366,1588"/>
<Baseline points="366,1614 418,1614 442,1622 636,1622 653,1614 691,1614 709,1614 772,1614 792,1614 1018,1614 1036,1620 1234,1620 1254,1614 1297,1614 1311,1620 1384,1620 1403,1614 1464,1614"/>
<TextEquiv><Unicode>Die Unbärtigkeit ist kein entscheidender Gegengrund; die Züge sind</Unicode></TextEquiv>
</TextLine>

<TextLine id="line_27">
<Coords points="243,1646 273,1646 289,1631 387,1631 401,1631 450,1631 470,1631 513,1631 527,1631 574,1631 587,1631 701,1631 717,1646 747,1646 763,1630 884,1630 903,1631 953,1631 965,1630 1081,1630 1093,1630 1185,1630 1198,1630 1253,1630 1266,1631 1401,1631 1421,1630 1482,1630 1482,1656 1421,1656 1401,1662 1266,1662 1253,1656 1198,1656 1185,1656 1093,1656 1081,1656 965,1656 953,1656 903,1656 884,1656 763,1656 747,1650 717,1650 701,1656 587,1656 574,1656 527,1656 513,1656 470,1656 450,1656 401,1656 387,1656 289,1656 273,1650 243,1650 243,1646"/>
<Baseline points="243,1650 273,1650 289,1656 387,1656 401,1656 450,1656 470,1656 513,1656 527,1656 574,1656 587,1656 701,1656 717,1650 747,1650 763,1656 884,1656 903,1656 953,1656 965,1656 1081,1656 1093,1656 1185,1656 1198,1656 1253,1656 1266,1662 1401,1662 1421,1656 1482,1656"/>
<TextEquiv><Unicode>— ebenso wie die des Dieners — offenbar mit Absicht härter und ältlicher, die</Unicode></TextEquiv>
</TextLine>

<TextLine id="line_28">
<Coords points="241,1672 484,1672 503,1671 664,1671 689,1672 728,1672 752,1673 796,1673 820,1672 867,1672 890,1672 945,1672 964,1672 1125,1672 1151,1674 1243,1674 1268,1673 1387,1673 1424,1674 1464,1674 1464,1699 1424,1699 1387,1700 1268,1700 1243,1699 1151,1699 1125,1705 964,1705 945,1698 890,1698 867,1697 820,1697 796,1698 752,1698 728,1698 689,1698 664,1705 503,1705 484,1704 241,1704 241,1672"/>
<Baseline points="241,1704 484,1704 503,1705 664,1705 689,1698 728,1698 752,1698 796,1698 820,1697 867,1697 890,1698 945,1698 964,1705 1125,1705 1151,1699 1243,1699 1268,1700 1387,1700 1424,1699 1464,1699"/>
<TextEquiv><Unicode>Gesichtsbildung knochiger, als die des fast jugendlich zarten Orestes. Im</Unicode></TextEquiv>
</TextLine>

<TextLine id="line_29">
<Coords points="241,1716 401,1716 425,1714 481,1714 499,1714 660,1714 684,1715 731,1715 750,1714 846,1714 870,1714 907,1714 929,1715 1103,1715 1129,1716 1172,1716 1197,1716 1356,1716 1376,1717 1466,1717 1466,1743 1376,1743 1356,1743 1197,1743 1172,1742 1129,1742 1103,1742 929,1742 907,1740 870,1740 846,1741 750,1741 731,1741 684,1741 660,1748 499,1748 481,1741 425,1741 401,1749 241,1749 241,1716"/>
<Baseline points="241,1749 401,1749 425,1741 481,1741 499,1748 660,1748 684,1741 731,1741 750,1741 846,1741 870,1740 907,1740 929,1742 1103,1742 1129,1742 1172,1742 1197,1743 1356,1743 1376,1743 1466,1743"/>
<TextEquiv><Unicode>Anbringen und Weglassen des Bartes ist bekanntlich die archaische Kunst</Unicode></TextEquiv>
</TextLine>

<TextLine id="line_30">
<Coords points="242,1762 304,1762 323,1760 382,1760 420,1759 457,1759 479,1759 584,1759 607,1766 641,1766 665,1758 716,1758 744,1758 870,1758 894,1757 1000,1757 1024,1760 1073,1760 1099,1760 1147,1760 1170,1760 1375,1760 1394,1760 1465,1760 1465,1787 1394,1787 1375,1786 1170,1786 1147,1786 1099,1786 1073,1785 1024,1785 1000,1784 894,1784 870,1791 744,1791 716,1784 665,1784 641,1784 607,1784 584,1792 479,1792 457,1785 420,1785 382,1787 323,1787 304,1788 242,1788 242,1762"/>
<Baseline points="242,1788 304,1788 323,1787 382,1787 420,1785 457,1785 479,1792 584,1792 607,1784 641,1784 665,1784 716,1784 744,1791 870,1791 894,1784 1000,1784 1024,1785 1073,1785 1099,1786 1147,1786 1170,1786 1375,1786 1394,1787 1465,1787"/>
<TextEquiv><Unicode>sehr frei. Es genügt an den bärtigen Troilos auf der korinthischen Vase</Unicode></TextEquiv>
</TextLine>

<TextLine id="line_31">
<Coords points="243,1806 289,1806 313,1803 470,1803 495,1810 527,1810 556,1802 690,1802 727,1800 785,1800 806,1801 866,1801 885,1801 1114,1801 1137,1812 1192,1812 1218,1803 1395,1803 1419,1803 1467,1803 1467,1829 1419,1829 1395,1830 1218,1830 1192,1830 1137,1830 1114,1836 885,1836 866,1827 806,1827 785,1827 727,1827 690,1828 556,1828 527,1828 495,1828 470,1831 313,1831 289,1832 243,1832 243,1806"/>
<Baseline points="243,1832 289,1832 313,1831 470,1831 495,1828 527,1828 556,1828 690,1828 727,1827 785,1827 806,1827 866,1827 885,1836 1114,1836 1137,1830 1192,1830 1218,1830 1395,1830 1419,1829 1467,1829"/>
<TextEquiv><Unicode>des Timonidas zu erinnern. Auf dem Kypseloskasten war bekanntlich der</Unicode></TextEquiv>
</TextLine>

<TextLine id="line_32">
<Coords points="243,1850 302,1850 326,1849 374,1849 398,1847 550,1847 573,1846 678,1846 707,1845 754,1845 778,1845 877,1845 900,1846 1036,1846 1077,1848 1182,1848 1207,1847 1333,1847 1356,1848 1400,1848 1422,1847 1466,1847 1466,1873 1422,1873 1400,1874 1356,1874 1333,1874 1207,1874 1182,1874 1077,1874 1036,1880 900,1880 877,1871 778,1871 754,1871 707,1871 678,1878 573,1878 550,1874 398,1874 374,1875 326,1875 302,1876 243,1876 243,1850"/>
<Baseline points="243,1876 302,1876 326,1875 374,1875 398,1874 550,1874 573,1878 678,1878 707,1871 754,1871 778,1871 877,1871 900,1880 1036,1880 1077,1874 1182,1874 1207,1874 1333,1874 1356,1874 1400,1874 1422,1873 1466,1873"/>
<TextEquiv><Unicode>eine der Dioskuren bärtig, der andere unbärtig. Daraus Schlüsse für die</Unicode></TextEquiv>
</TextLine>

<TextLine id="line_33">
<Coords points="244,1893 413,1893 432,1892 523,1892 542,1898 575,1898 595,1889 689,1889 708,1889 745,1889 763,1888 826,1888 844,1888 1013,1888 1013,1917 844,1917 826,1914 763,1914 745,1914 708,1914 689,1915 595,1915 575,1917 542,1917 523,1918 432,1918 413,1919 244,1919 244,1893"/>
<Baseline points="244,1919 413,1919 432,1918 523,1918 542,1917 575,1917 595,1915 689,1915 708,1914 745,1914 763,1914 826,1914 844,1917 1013,1917"/>
<TextEquiv><Unicode>entwickelte Kunst zu ziehen ist sehr bedenklich.</Unicode></TextEquiv>
</TextLine>

<TextLine id="line_34">
<Coords points="369,1936 448,1936 468,1936 517,1936 532,1935 580,1935 593,1934 688,1934 702,1931 927,1931 941,1933 1011,1933 1031,1935 1066,1935 1080,1934 1199,1934 1212,1934 1335,1934 1349,1934 1467,1934 1467,1968 1349,1968 1335,1961 1212,1961 1199,1969 1080,1969 1066,1961 1031,1961 1011,1961 941,1961 927,1959 702,1959 688,1968 593,1968 580,1961 532,1961 517,1962 468,1962 448,1963 369,1963 369,1936"/>
<Baseline points="369,1963 448,1963 468,1962 517,1962 532,1961 580,1961 593,1968 688,1968 702,1959 927,1959 941,1961 1011,1961 1031,1961 1066,1961 1080,1969 1199,1969 1212,1961 1335,1961 1349,1968 1467,1968"/>
<TextEquiv><Unicode>Noch auf der späten unteritalischen Vase im Neapler Museum (Heyde-</Unicode></TextEquiv>
</TextLine>

<TextLine id="line_35">
<Coords points="245,1986 326,1986 345,1988 386,1988 401,1981 479,1981 498,1980 530,1980 549,1978 683,1978 702,1976 739,1976 753,1975 775,1975 789,1975 825,1975 836,1976 881,1976 899,1975 989,1975 1009,1978 1070,1978 1093,1978 1143,1978 1161,1977 1230,1977 1250,1976 1339,1976 1358,1976 1467,1976 1467,2002 1358,2002 1339,2002 1250,2002 1230,2002 1161,2002 1143,2003 1093,2003 1070,2009 1009,2009 989,2002 899,2002 881,2008 836,2008 825,2008 789,2008 775,2000 753,2000 739,2001 702,2001 683,2004 549,2004 530,2005 498,2005 479,2012 401,2012 386,2005 345,2005 326,2004 245,2004 245,1986"/>
<Baseline points="245,2004 326,2004 345,2005 386,2005 401,2012 479,2012 498,2005 530,2005 549,2004 683,2004 702,2001 739,2001 753,2000 775,2000 789,2008 825,2008 836,2008 881,2008 899,2002 989,2002 1009,2009 1070,2009 1093,2003 1143,2003 1161,2002 1230,2002 1250,2002 1339,2002 1358,2002 1467,2002"/>
<TextEquiv><Unicode>mann nr. 2858, R. Rochette M. I. pl. 34) finden wir, wie auch Conze hervor-</Unicode></TextEquiv>
</TextLine>

<TextLine id="line_36">
<Coords points="246,2020 325,2020 348,2021 384,2021 404,2023 518,2023 543,2022 590,2022 607,2021 717,2021 742,2018 821,2018 844,2017 970,2017 989,2020 1072,2020 1096,2020 1146,2020 1165,2019 1230,2019 1249,2019 1304,2019 1325,2020 1403,2020 1422,2017 1471,2017 1471,2044 1422,2044 1403,2045 1325,2045 1304,2045 1249,2045 1230,2045 1165,2045 1146,2045 1096,2045 1072,2045 989,2045 970,2050 844,2050 821,2043 742,2043 717,2047 607,2047 590,2048 543,2048 518,2055 404,2055 384,2046 348,2046 325,2051 246,2051 246,2020"/>
<Baseline points="246,2051 325,2051 348,2046 384,2046 404,2055 518,2055 543,2048 590,2048 607,2047 717,2047 742,2043 821,2043 844,2050 970,2050 989,2045 1072,2045 1096,2045 1146,2045 1165,2045 1230,2045 1249,2045 1304,2045 1325,2045 1403,2045 1422,2044 1471,2044"/>
<TextEquiv><Unicode>hebt, im Gefolge des Orestes einen bärtigen Mann mit Stab und einen auf</Unicode></TextEquiv>
</TextLine>

<TextLine id="line_37">
<Coords points="245,2062 305,2062 323,2062 469,2062 487,2065 627,2065 647,2063 756,2063 787,2060 829,2060 849,2060 892,2060 911,2054 1177,2054 1195,2062 1254,2062 1274,2062 1405,2062 1428,2061 1464,2061 1464,2086 1428,2086 1405,2094 1274,2094 1254,2087 1195,2087 1177,2095 911,2095 892,2086 849,2086 829,2085 787,2085 756,2089 647,2089 627,2091 487,2091 469,2090 323,2090 305,2088 245,2088 245,2062"/>
<Baseline points="245,2088 305,2088 323,2090 469,2090 487,2091 627,2091 647,2089 756,2089 787,2085 829,2085 849,2086 892,2086 911,2095 1177,2095 1195,2087 1254,2087 1274,2094 1405,2094 1428,2086 1464,2086"/>
<TextEquiv><Unicode>dem Reisesack sitzenden Diener. Ob die Übereinstimmung eine zufällige ist</Unicode></TextEquiv>
</TextLine>

<TextLine id="line_38">
<Coords points="250,2105 314,2105 342,2105 375,2105 403,2106 526,2106 554,2108 613,2108 642,2104 770,2104 795,2103 936,2103 964,2113 1016,2113 1039,2106 1099,2106 1122,2104 1269,2104 1294,2104 1466,2104 1466,2130 1294,2130 1269,2131 1122,2131 1099,2131 1039,2131 1016,2131 964,2131 936,2129 795,2129 770,2133 642,2133 613,2134 554,2134 526,2133 403,2133 375,2130 342,2130 314,2131 250,2131 250,2105"/>
<Baseline points="250,2131 314,2131 342,2130 375,2130 403,2133 526,2133 554,2134 613,2134 642,2133 770,2133 795,2129 936,2129 964,2131 1016,2131 1039,2131 1099,2131 1122,2131 1269,2131 1294,2130 1466,2130"/>
<TextEquiv><Unicode>oder ob wirklich eine bildliche Tradition von dem melischen Terrakotta-</Unicode></TextEquiv>
</TextLine>

</TextRegion>
</Page>
</PcGts>