1600 2372
272 235 1498 285 gegenwärtig. Wie frei die archaische Kunst im Hinzufügen sol-
271 289 1497 333 cher zuschauenden Personen schaltet, zeigt sich noch deutlicher,
271 342 1499 389 wenn bei der Wappnung des Achilleus mit den von Thetis über-
271 396 1500 440 brachten Waffen Peleus und Neoptolemos gegenwärtig sind  oder
272 451 1501 495 wenn an dem Kampf um die Leiche des Achilleus Neoptolemos
272 504 1501 550 teilnimmt , beides in vollständigem Widerspruch mit Sage und
273 557 1503 602 Poesie. Neoptolemos weilt, so lange sein Vater lebt, auf seiner
275 609 1505 654 Geburtsinsel Skyros, Peleus war niemals vor Troia. Aber der
274 662 1505 704 Künstler denkt: wer kann sich herzlicher an der Heldengröſse
275 718 1505 759 des Achilleus freuen als sein Vater Peleus und sein Sohn Neopto-
275 772 1538 815 tolemos, und wem ziemt es mehr für die Leiche des Vaters zu
277 827 730 869 kämpfen, als dem Sohn.
366 877 1507 920 Mit ihrer ganzen Freiheit im Gestalten, mit ihrer vollen,
277 930 1509 973 frischen Erzählungslust hat diese älteste Kunst einer Fülle von
278 982 1509 1027 Sagenstoffen bildliche Form geliehen, die in diesen festgestellten
281 1037 1510 1081 Typen, wie ein köstlicher Schatz, von Generation zu Generation
281 1090 1513 1128 vererbt werden und die zähesten und unveräuſserlichsten Be-
284 1144 1181 1180 standtheile der bildlichen Tradition ausmachen.
373 1196 1513 1239 In den Entwickelungsgang der Sage greift indessen bald ein
286 1249 1516 1292 neuer Faktor, die Lyrik, namentlich die der Dorer, mächtig um-
288 1301 1517 1348 gestaltend ein; ihr sehr nachhaltiger Einfluſs auf die Sagen-
287 1357 1519 1401 bildung und demgemäſs auf die Kunst wird in der Regel zu
290 1411 1520 1458 gering angeschlagen . Wir können ihre Macht namentlich an
291 1466 1519 1510 der Wirkung eines Dichters abmessen, des Stesichoros von Himera.
291 1520 1523 1564 Dieser merkwürdige Mann, dessen Sagengestaltungen von Aischy-
293 1573 1524 1615 los und Euripides, von Theokrit und Alexander Aitolos vielfach
294 1626 1524 1666 übernommen wurden, dessen Gedichte im 5. Jahrhundert in Athen
296 1677 1526 1720 so populär waren, daſs die Komödiendichter Verse daraus ohne
269 158 312 190 24
441 1800 1528 1837 Rhangabé Aux amis de l’antiquité hommage du comité des antiquairs
299 1843 1528 1881 d’Athènes. Paris 1869. Heydemann Vasenbilder VI 4. Wiener Vorlege-
300 1890 614 1923 blätter Ser. II 6, 1.
446 1931 1295 1965 Gerhard A. V. III 227, 2. Overbeck a. a. O. XXIII 2.
450 1976 1531 2011 So noch neuerdings von Luckenbach a. a. O. S. 563, dem freilich
305 2019 1531 2054 die durch die Natur seiner Aufgabe gebotene Beschränkung zur ausreichen-
306 2061 1533 2097 den Entschuldigung dient. Hätte er die Nosten in den Kreis seiner Betrach-
309 2105 1279 2141 tung gezogen, so wäre er zu anderen Resultaten gekommen.
