1600 2595
224 212 1418 264 Begreiflich geriethen alle Gegner des Hofes und der Re-
147 275 1415 325 form hierüber in große Aufregung. Der Palatin von Belz
149 337 1417 386 (Potocki) erließ Circulare an die Landtage, in welchen er ſie
149 398 1415 448 aufforderte ihren Landboten aufzugeben, nichts zuzulaſſen, was
150 461 1419 510 die Privilegien des Adels verringern könnte, und demgemäß
150 523 1414 574 ſich jeder Neuerung, die man verſchlagen könnte, zu widerſetzen.
148 585 1419 635 Die Czartoryski ließen dagegen alle Landtage zerreißen, auf
154 647 1419 695 welchen ihre Gegner die Mehrheit hatten, und ſprachen laut
151 708 1418 757 davon, daß, wenn auf dem Reichstage etwas erreicht werden
150 769 1416 819 ſolle, dieſer in eine Conföderation verwandelt werden müſſe .
149 823 1417 880 Um ſo unruhiger wurden die Gegner. Seit dem Tode des
150 891 1419 944 Krongroßfeldherrn J. Potocki waren die Mittel verſiegt, die
150 955 1418 1008 er ſtets mit freigebiger Hand zur Aufrechthaltung der Oppo-
150 1019 1419 1068 ſition hergegeben hatte, und dringender als je früher forderten
151 1080 1419 1128 der Palatin von Belz u. a. von dem preußiſchen und fran-
152 1141 1419 1191 zöſiſchen Geſandten reichliche Unterſtützung an Geld . Selbſt
151 1202 1420 1253 der neue Krongroßfeldherr Branicki erklärte, er werde mit
153 1265 1420 1315 ſeinen Freunden alle Kräfte zur Zerreißung des Landtages ein-
153 1328 1421 1381 ſetzen, weil, wenn es dem Hofe gelänge, vermittelſt einer Con-
154 1393 1420 1444 föderation die Republik in ein Bündniß mit Rußland zu
153 1455 1422 1507 führen, dieſe ohne Armee, wie ſie ſei, dies Bündniß mit der
152 1520 1422 1568 Abtretung einer ihrer Provinzen werde bezahlen müſſen. Nur
152 1579 1422 1627 über die Art und Weiſe, in der der Reichstag zerriſſen werden
152 1639 1422 1687 ſolle, konnten ſich die Oppoſition und die beiden Geſandten
152 1698 1422 1748 lange nicht einigen. Zwar verſicherten Brühl ſowohl wie der
156 1760 1422 1810 König ſelbſt dem Grafen Broglie auf ihr Ehrenwort, daß ein
158 1824 1424 1874 Zutritt zu der Petersburger Alliance nicht im entfernteſten in
154 1884 1423 1935 ihrer Abſicht liege; niemand aber glaubte ihnen mehr und hatte
155 1946 1423 1997 Recht, nicht zu glauben. Schließlich kamen Broglie und
155 2008 1422 2058 Maltzahn, den Friedrich II. von Dresden aus zu dieſem Reichs-
753 102 799 137 92
161 2128 1423 2169 succés des diettes, Sa Maj. demande, qu’on suive la même methode,
157 2175 1425 2220 tellement, que les articles par les quelles on ne pourra s’accorder
158 2224 1425 2271 soient renvoyés à d’autres tems et que ceux, dont on conviendra
159 2277 1380 2322 passent sur le champ en constitution et obtiennent la force de loi.
273 2327 1423 2373 Benoit, Ber. vom 20. Juni, 5. Juli, 6., 9. und 13. Septbr.
275 2378 1059 2426 Benoit, Ber. v. 24. Juni, 16. September.
