1600 2418
194 242 1386 286 tretern der Descendenzlehre bisher gänzlich unberücksichtigt
196 299 1387 351 geblieben, trotzdem sie gerade für diese Lehre von principiell
196 364 798 404 entscheidender Wichtigkeit sind.
283 419 1387 465 Es sind Erscheinungen, welche mit den vorhergehenden
198 479 1387 525 unter dem gemeinsamen Namen functionelle Anpassung
199 538 1388 587 zusammengefasst werden können. Das Besprochene stellte die
198 597 1390 648 Wirkung der Quantität der Function auf die äussere Gestalt
199 657 1390 705 und die Qualität der Organe dar. Die nun folgenden Erschei-
200 717 1389 768 nungen zeigen uns die Wirkung der Function für die
199 779 1222 824 innere Gestalt, für die Structur der Organe.
286 837 1390 879 Da wir auch das diesen Erscheinungen zu Grunde liegende
200 896 1392 944 Princip als ein direct das Zweckmässige durch den Act der Function
200 955 1392 1001 hervorbringendes kennen lernen werden, so können wir sie beide
202 1014 1393 1062 auch als Principien der functionellen Selbstgestal-
203 1074 1392 1124 tung des Zweckmässigen zusammenfassen, Ersteres als
204 1132 1395 1181 die äussere Gestaltung, Letzteres als die innere Gestaltung der
204 1194 1393 1244 Organe beeinflussend. Daraus ergiebt sich von selber, dass
202 1256 1157 1300 beide in inniger Wechselbeziehung stehen müssen.
289 1315 1395 1356 Die ersten hierher gehörigen Beobachtungen verdanken wir
204 1373 1395 1418 Hermann Meyer, welcher erkannte, dass die schwammige
210 1427 1396 1483 (spongiöse) Substanz der Knochen eine ganz bestimmte Archi-
206 1490 1395 1537 tectur besitzt, welche an jeder Stelle genau die Linien stärksten
205 1549 1397 1595 Druckes oder Zuges, welchem das Organ ausgesetzt ist, dar-
207 1611 1397 1652 stellt. Indem so die Knochenbälkchen überall blos in den Rich-
206 1670 1395 1719 tungen stärksten Druckes und Zuges verlaufen, wird mit dem
205 1729 1398 1778 geringsten Materialaufwand die grösstmögliche Festigkeit er-
206 1786 1397 1835 reicht, genau in der Weise, wie dies die moderne constructive
206 1845 1397 1887 Technik zu verwirklichen sucht. Erweitert wurden unsere be-
208 1904 1392 1954 züglichen Kenntnisse dann von J. Wolf, H. Wolfermann
1344 151 1383 180 27
585 153 997 187 A. Leistungen derselben.
333 1972 1267 2010 Herm. Meyer, Archiv für Anatomie u. Physiologie. 1869.
335 2014 1402 2050 J. Wolff, Berliner klin. Wochenschrift, 1868, und Virchow’s Ar-
211 2057 1165 2098 chiv f. patholog. Anatomie. Bd. 50, 1870, u. Bd. 61, 1874.
336 2099 1288 2134 H. Wolfermann, Archiv f. Anatomie u. Physiologie. 1872.
