1600 2642
279 258 1514 321 des ungenannten Topographen von Conſtantinopel,  dem in
279 330 1513 386 Bezug auf chriſtliche Alterthuͤmer Blick und Auffaſſung des
277 402 1513 467 allgemeinen Charakters nicht abzuſprechen ſind, ein groͤßeres
278 473 1511 530 Gewicht. Dieſer ziemlich ſpaͤte Schriftſteller war mit dem
276 546 1510 606 roͤmiſchen Urſprung der byzantiniſchen Bauſchule bekannt und
275 624 1511 678 vertraut; denn er meldet ohne Zeichen der Befremdung, daß
272 693 1510 748 Juliana, Schweſter Theodoſius des Großen, eine Kirche von
272 764 1510 822 roͤmiſchen Kuͤnſtlern habe erbauen laſſen. Ueberhaupt ſetzt
265 837 1510 893 er die einfache, roͤmiſch-chriſtliche Anlage der aͤlteren Kirchen
267 911 1510 965 dem complicirten Entwurfe der ſpaͤteren wiederholt und mit
266 986 1508 1039 ausgeſprochener Abſichtlichkeit entgegen. „Gemeinſchaftlich,
269 1042 1509 1119 ſagt er,  mit ſeiner Mutter Helena erbaute Conſtantin die
269 1121 1508 1184 Apoſtelkirche in laͤnglichtem Viereck und gab ihr einen hoͤl-
270 1188 1508 1256 zernen Dachſtuhl.“ Dieſe allgemeine, durch Anſchauung der
269 1270 1507 1324 roͤmiſchen und ravennatiſchen Baſiliken zu ergaͤnzende Charak-
264 1345 1507 1399 teriſtik umfaßt zugleich einige andere fruͤher von ihm erwaͤhnte
261 1420 1504 1475 Kirchen. Denn er kommt in der Folge auf dieſelben zuruͤck,
263 1492 1503 1548 wo er von einer, der jetzigen Sophienkirche vorangegangenen
859 165 943 212 188
406 1675 1431 1728 S. bey demſ. To. I. den anonymus de ant. Constantinop.
427 1749 1500 1801 Anon. cit., lib. II. (Banduri, ed. Paris. p. 37. Ven. p. 33.)
261 1808 1500 1854 — τῶν τεχνιτῶν ἀπὸ Ρώμης ελϑόντων. — Wie ſehr man ſich daran
261 1861 1502 1908 gewöhnt hatte, Jegliches dem Stoffe oder der Kunſt nach Köſtliche mit
257 1915 1499 1964 Rom in Verbindung zu denken, zeigt ſich unter anderen Beyſpielen
261 1969 1498 2024 auch in der Abh. de sepulchris, quae sunt in templo ss. Apostolorum
261 2025 1498 2079 (ap. Bandur. To. I. p. 122. 164.) — λάϱναζ ἀπὸ λίϑου τιμίου Ρω-
259 2081 1497 2134 μαίου, und früher: λαϱνάκια τϱία ποϱφυϱᾶ Ρωμαῖα, wodurch die
259 2137 790 2180 Steinart näher beſtimmt wird.
437 2211 1498 2260 Anon. c. lib. II. (p. 32. oder 29.) Vgl. die Beſchreibung der
259 2266 1496 2318 Kirche zu Bethlehem durch Mariti (viaggi, T. IV.); deren Abbildung
260 2322 1496 2371 bey, Amico, piante etc. — Dieſe Kirche wird ebenfalls der Mutter
259 2377 694 2423 Conſtantins zugeſchrieben.
