1600 2656
137 263 1375 327 cher des Kaͤmmerlings. Dietiſalvi aber, welcher vielleicht in
138 339 1376 403 der Achtung geſtiegen war, oder durch ſeine ſtandhafte Gefaͤl-
139 407 1376 475 ligkeit in jenen kleineren Handleiſtungen Dank verdient hatte,
138 480 1376 545 ward endlich im Jahre 1291., eben als Duccio jene Buͤcher
140 550 1380 615 bemalte, auch bey einer groͤßeren Arbeit angeſtellt, irgend einer
141 626 1328 690 Wiederherſtellung an dem Frauenbilde im oͤffentlichen Pallaſte.
140 694 1381 762 Zur ſelben Zeit lebten einige andere Maler, welche Mancini
139 772 1381 830 und Benvoglienti uͤberſehen haben: Morſello Cili, und Caſtel-
141 845 1384 911 lino Pieri,  Guarnieri und Guido Gratiani.  In wie
141 922 1384 982 weit dieſelben uͤber das Handwerksmaͤßige hinausgegangen, iſt
142 995 1385 1058 nicht wohl mehr zu entſcheiden, da man in den Urkunden die-
127 1068 1387 1130 ſer fruͤhen Zeit auch die Anſtreicher und andere Handwerker,
142 1147 1388 1202 welche ihre Arbeiten durch Bemalung verſchoͤnten, zu den Ma-
143 1220 1343 1276 lern zaͤhlte, zu deren Zunft ſie, politiſch angeſehen, gehoͤrten.
724 166 782 209 25
291 1341 1386 1385 Arch. cit. B. No. 89. 1290. (1291.) 27. Junii — Sol. 20.
143 1395 1387 1463 Dietiſalvi pictori, quod pinsit de …… majestate S. Marie in pa-
144 1455 430 1490 latio communis.
316 1473 1387 1545 Arch. c. B. No. 92. 1292. fo. 32. und fo. 106. a t. —
145 1562 1389 1610 a Guarnieri Gratiano dipintore; und fo. 106. — a Morsello Cili
146 1622 1388 1691 dipintore fl. 13. und daſ. unten: a Castellino Pieri pictore fl. 4.
146 1683 486 1726 (Es gilt Abgaben).
342 1730 1390 1780 Arch. c. B. 91. ſ. oben. — Damals, oder fruͤher, gab es
148 1789 1391 1837 zu Siena noch einen anderen Maler, von deſſen Hand vier Bruch-
148 1843 1389 1893 ſtuͤcke eines Altares (Madonna, ſ. Joh. Ev., ſ. Paul und ein heil.
146 1898 1392 1946 Moͤnch, wohl ſ. Auton Abbas), welche in der Gallerie der ſiene-
149 1955 1395 2004 ſiſchen Academie No. 13. (Katalog No. 10.) aufgeſtellt ſind. Auf
149 2009 1392 2057 dem Schwerdte ſ. Pauls ſtehet: SEGNA ME FECIT. Man haͤlt
149 2065 1390 2117 dieſen Maler fuͤr den Meiſter des Duccio, dem er in der That,
150 2120 1390 2173 zwar techniſch nachſteht, doch im Abſehen und Wollen verwandt iſt.
150 2175 1393 2228 — Ueber den Sieneſer Ugolino, welcher ungefaͤhr in dieſe Zeit
149 2232 1392 2286 einfallen muͤßte, habe ich nichts Sicheres aufgefunden. — Wenn
151 2287 1392 2342 das Andachtsbild in Orſanmichele (zu Florenz) von ſeiner Hand iſt,
150 2342 1393 2397 wie Vaſari behauptet, ſo gehoͤrt er zu den beſten Meiſtern der
152 2408 774 2452 Zeitgenoſſenſchaft des Cimabue.
