1600 2688
102 253 1331 319 ihre Hoͤfe angelegt, weshalb die Kunſt bey ihnen weder durch
102 328 1334 388 Sitte, noch durch Lebenseinrichtung beguͤnſtigt wurde, ja nicht
102 403 1335 460 einmal durch religioͤſe Meinungen, da ſie bekanntlich groͤßeren-
98 477 1336 534 theils der Lehre des Arius anhingen, welche dem kirchlichen
96 548 1334 608 Beſitz und Glanze unguͤnſtig war. Es iſt daher ſo unwahr-
97 625 1333 686 ſcheinlich als unbekundet, daß ſie unmittelbar nach der Ero-
97 698 1335 755 berung die Kuͤnſte bey ihren roͤmiſchen Unterthanen befoͤrdert
97 772 1334 824 haben, deren Lage damals, wie man immer die bekannte
97 847 1379 906 Stelle Paul Warnefrieds auslegen wolle, doch ſicher von
98 921 1338 983 der Art war, daß ſie freywillig ſchwerlich mehr, als das
70 993 1338 1052 hoͤchſt Nothduͤrftige unternommen. Pavia indeß ward unver-
96 1069 1338 1124 ſehrt in Beſitz genommen , der Palaſt Theodorichs, als Re-
98 1139 1336 1202 ſidenz der longobardiſchen Koͤnige, ſo wohl unterhalten, daß
98 1216 1336 1274 Agnello  noch in den Zeiten Karl des Großen das
98 1289 1336 1351 Wandgemaͤlde Theoderichs darin beſchauen konnte; woher zu
97 1365 1338 1422 ſchließen, daß die neuen Einwanderer, wenigſtens ihre Beherr-
95 1439 1338 1499 ſcher, ſich fruͤh an italiſches Gemach gewoͤhnt haben. Gewiß
96 1512 1335 1570 ward ſpaͤterhin, gegen die Mitte der longobardiſchen Herr-
99 1586 1336 1648 ſchaft, zu Pavia manches neue Bauwerk errichtet , deren
667 152 753 200 187
98 1731 1337 1780 gen, was Muratori aus ſeinem hiſtor. Standpunkt, der jenem
98 1787 530 1830 fehlte, behauptet hatte.
241 1865 1008 1905 Paul. Diac. de gestis Long. lib. 11. c. 27.
265 1924 897 1977 Agnell. l. c. vita Petri Sen. c. 2.
301 2011 1334 2056 S. Paul. Diac. lib. IV. cap. 22. 23; lib. V. c. 33. 34.
99 2069 1336 2117 36, 50; lib. VI. c. 1. 17. 35. 58. Dieſe Angaben betreffen einzig die
101 2120 1335 2176 koͤnigl. Reſidenzſtaͤtten, ſind nur gelegentliche Erwaͤhnungen, laſſen
100 2178 1335 2232 mithin Raum fuͤr die Vermuthung, daß uͤberall ein Gleiches ſtatt
100 2239 1336 2291 gefunden, was hie und da aus Urkunden und Inſchriften erweislich
103 2296 1336 2346 iſt. Die Inſchrift zu Citta nuova bey Muratori (antt. It. Diss.
101 2349 1336 2403 21); ein Bruchſtuͤck aus Koͤnig Cuniperts Zeit bey Bava (Diss.
104 2411 1338 2457 istoriche, ragion. 2) und die wichtigere bey Pizzetti (antt. Tos-
