1600 2688
264 259 1521 315 Kunſtwelt gehoͤrte, mit groͤßter Zuverſicht verlacht wurden.
264 333 1525 388 Waͤre es nun ſo wunderbar, wenn der damals glaͤubig ſich
266 409 1525 467 hingebende Kunſtjuͤnger von ſeinem Zeichnenlehrer Oeſer ,
265 483 1524 538 dieſem grauenhafteſten, leichenaͤhnlichſten aller Manieriſten,
262 558 1525 620 oder ſelbſt von dem beſſeren, aber unentſchiedenen Mengs,
260 631 1525 688 Anſichten und Vorbegriffe ſich haͤtte aufdraͤngen laſſen? Ge-
259 707 1524 764 wiß iſt es ungleich mehr zu bewundern, daß Winckelmann,
259 780 1523 838 der ſpaͤterhin aus der Fuͤlle ſeines Geiſtes ſo manchen kuͤhnen
259 854 1523 910 Wurf gewagt, doch ſelbſt auf der Hoͤhe ſeiner Entwickelung
259 921 1524 984 nimmer das Joch eines Vorbegriffes abgeworfen, gegen wel-
259 1002 1523 1060 chen ſein eigenthuͤmliches und beſſeres Gefuͤhl nicht aufhoͤrte,
259 1079 1521 1134 ſich aufzulehnen. Denn kein Neuerer hat wohl mit ſo an-
256 1153 1522 1207 tikem Sinn das Schoͤne und Bedeutungsvolle der Naturfor-
257 1225 1523 1283 men empfunden , ſo ungeduldig ihr wahres Verhaͤltniß
257 1302 1523 1359 zur Kunſt geahnet, ohne ſich deſſen jemals ſo ganz, wie es
236 1370 1524 1434 ſeyn ſoll, bewußt zu werden. Und es wuͤrde nicht ſo ſchwer
237 1449 1521 1504 fallen, vornehmlich im Geleite ſeiner Kunſthiſtorie nachzuwei-
259 1522 1522 1579 ſen, wie alle Incohaͤrenzen ſeiner philoſophiſchen Kunſtbetrach-
258 1597 1522 1652 tung eben nur daher entſtanden, daß er unablaͤſſig von der
257 1672 1523 1726 manieriſtiſchen Vorſtellung willkuͤhrlicher Kunſtformen zu dem
258 1746 1523 1801 Gefuͤhle hinuͤber ſchwankte, daß die Formen der Kunſt unter
260 1819 1302 1876 allen Umſtaͤnden in der Natur gegebene ſind .
865 158 928 203 44
431 1955 1519 2001 Außer der o. a. Stelle, ſ. Winckelmann’s Leben,
262 2012 1518 2064 in ſ. Schriften, neue Ausg. und, Goethe, aus meinem Leben,
257 2077 493 2115 Bd. 2.
436 2134 1520 2186 S. Winckelmann und ſein Jahrhund. Brief 21. Seine
261 2191 1519 2243 Schriften durchhin, vornehmlich, K. G. Buch 1. K. 3. §. 9. ff.
262 2247 1521 2298 Ferner ſeine Nachrichten uͤber das Muſeum von Capo di Monte. —
262 2300 1519 2354 Daher erfreute ihn unter neueren Malern vornehmlich Raphael
263 2368 477 2407 und Titian.
458 2425 1522 2475 Kunſtgeſch. Buch 5. K. 4. §. 2. beſchließt W. eine Reihe
