<?xml version="1.0" encoding="UTF-8"?>
<PcGts xmlns="http://schema.primaresearch.org/PAGE/gts/pagecontent/2019-07-15" xmlns:xsi="http://www.w3.org/2001/XMLSchema-instance" xsi:schemaLocation="http://schema.primaresearch.org/PAGE/gts/pagecontent/2019-07-15 http://schema.primaresearch.org/PAGE/gts/pagecontent/2019-07-15/pagecontent.xsd">
<Metadata>
<Creator>regJS2PAGE.py</Creator>
<Created>2021-02-16T10:59:15.273237</Created>
<LastChange>2021-02-16T10:59:15.273237</LastChange>
</Metadata>
<Page imageFilename="tmp/rumohr_forschungen01_1827_0199.png" imageWidth="1600" imageHeight="2688">
<TextRegion id="block_0" custom="structure {type:body;}">
<Coords points="102,254 102,316 103,320 103,387 100,401 100,458 94,475 94,535 92,547 92,607 91,627 91,684 89,699 89,753 89,735 188,735 188,831 188,848 88,848 88,906 86,910 86,989 84,997 84,1053 83,1070 83,1129 84,1143 84,1209 75,1214 75,1276 81,1292 81,1350 78,1367 78,1427 77,1441 77,1497 78,1517 78,1572 74,1590 74,1641 74,1664 179,1664 179,1723 179,1737 74,1737 74,1793 75,1810 75,1869 1290,1869 1290,1810 1325,1810 1325,1793 1325,1737 1313,1723 1313,1664 330,1664 330,1641 330,1590 1315,1590 1315,1572 1315,1517 1316,1497 1316,1441 1318,1427 1318,1367 1319,1350 1319,1292 1318,1276 1318,1214 1330,1209 1330,1143 1323,1129 1323,1070 1327,1053 1327,997 1325,989 1325,910 1328,906 1328,848 1326,831 1326,735 314,735 314,753 314,699 1328,699 1328,684 1328,627 1331,607 1331,547 1333,535 1333,475 1335,458 1335,401 1334,387 1334,320 1335,316 1335,254 102,254"/>
<TextLine id="line_0">
<Coords points="102,254 394,254 429,257 585,257 605,260 672,260 695,258 851,258 875,260 932,260 958,261 1052,261 1080,260 1177,260 1200,262 1258,262 1282,260 1335,260 1335,302 1282,302 1258,304 1200,304 1177,303 1080,303 1052,302 958,302 932,300 875,300 851,314 695,314 672,316 605,316 585,309 429,309 394,306 102,306 102,254"/>
<Baseline points="102,306 394,306 429,309 585,309 605,316 672,316 695,314 851,314 875,300 932,300 958,302 1052,302 1080,303 1177,303 1200,304 1258,304 1282,302 1335,302"/>
<TextEquiv><Unicode>unaufhaltſamen Verfalle der Bildung der alten Welt als be-</Unicode></TextEquiv>
</TextLine>

<TextLine id="line_1">
<Coords points="103,329 202,329 222,332 361,332 414,331 525,331 542,333 600,333 626,334 909,334 935,320 1072,320 1097,335 1266,335 1278,336 1334,336 1334,386 1278,386 1266,387 1097,387 1072,376 935,376 909,384 626,384 600,382 542,382 525,374 414,374 361,372 222,372 202,371 103,371 103,329"/>
<Baseline points="103,371 202,371 222,372 361,372 414,374 525,374 542,382 600,382 626,384 909,384 935,376 1072,376 1097,387 1266,387 1278,386 1334,386"/>
<TextEquiv><Unicode>kannt voraus. Denn die Unterſuchungen neuerer Forſcher ha-</Unicode></TextEquiv>
</TextLine>

<TextLine id="line_2">
<Coords points="100,401 159,401 189,403 372,403 405,405 478,405 511,406 696,406 735,407 978,407 1012,406 1090,406 1106,408 1227,408 1266,411 1335,411 1335,450 1266,450 1227,451 1106,451 1090,449 1012,449 978,458 735,458 696,448 511,448 478,447 405,447 372,456 189,456 159,444 100,444 100,401"/>
<Baseline points="100,444 159,444 189,456 372,456 405,447 478,447 511,448 696,448 735,458 978,458 1012,449 1090,449 1106,451 1227,451 1266,450 1335,450"/>
<TextEquiv><Unicode>ben allgemach eine verbreitete Anerkennung der Milde und</Unicode></TextEquiv>
</TextLine>

<TextLine id="line_3">
<Coords points="94,475 286,475 312,478 579,478 609,481 727,481 753,482 804,482 828,482 984,482 1015,482 1243,482 1270,482 1333,482 1333,525 1270,525 1243,535 1015,535 984,533 828,533 804,523 753,523 727,532 609,532 579,534 312,534 286,529 94,529 94,475"/>
<Baseline points="94,529 286,529 312,534 579,534 609,532 727,532 753,523 804,523 828,533 984,533 1015,535 1243,535 1270,525 1333,525"/>
<TextEquiv><Unicode>Schonung herbeygefuͤhrt, welche die Gothen, vornehmlich un-</Unicode></TextEquiv>
</TextLine>

<TextLine id="line_4">
<Coords points="92,555 140,555 174,550 396,550 430,548 528,548 543,555 622,555 648,555 728,555 754,562 851,562 876,558 940,558 966,555 1114,555 1139,547 1331,547 1331,606 1139,606 1114,606 966,606 940,598 876,598 851,598 754,598 728,607 648,607 622,605 543,605 528,605 430,605 396,604 174,604 140,592 92,592 92,555"/>
<Baseline points="92,592 140,592 174,604 396,604 430,605 528,605 543,605 622,605 648,607 728,607 754,598 851,598 876,598 940,598 966,606 1114,606 1139,606 1331,606"/>
<TextEquiv><Unicode>ter Theodorich, doch auch noch unter den ſpaͤteren Regierun-</Unicode></TextEquiv>
</TextLine>

<TextLine id="line_5">
<Coords points="91,636 174,636 218,627 281,627 317,627 497,627 522,627 725,627 751,628 923,628 948,631 1106,631 1132,632 1202,632 1228,630 1328,630 1328,673 1228,673 1202,672 1132,672 1106,680 948,680 923,684 751,684 725,680 522,680 497,680 317,680 281,673 218,673 174,675 91,675 91,636"/>
<Baseline points="91,675 174,675 218,673 281,673 317,680 497,680 522,680 725,680 751,684 923,684 948,680 1106,680 1132,672 1202,672 1228,673 1328,673"/>
<TextEquiv><Unicode>gen, den ſchwachen Ueberreſten roͤmiſcher Bildung und Sitte</Unicode></TextEquiv>
</TextLine>

<TextLine id="line_6">
<Coords points="89,699 244,699 262,699 314,699 314,753 262,753 244,750 89,750 89,699"/>
<Baseline points="89,750 244,750 262,753 314,753"/>
<TextEquiv><Unicode>bewieſen .</Unicode></TextEquiv>
</TextLine>

<TextLine id="line_7">
<Coords points="188,775 263,775 289,754 633,754 658,780 715,780 739,735 867,735 892,778 1060,778 1101,779 1152,779 1185,779 1326,779 1326,831 1185,831 1152,821 1101,821 1060,830 892,830 867,821 739,821 715,820 658,820 633,828 289,828 263,818 188,818 188,775"/>
<Baseline points="188,818 263,818 289,828 633,828 658,820 715,820 739,821 867,821 892,830 1060,830 1101,821 1152,821 1185,831 1326,831"/>
<TextEquiv><Unicode>Die Kunſtbeſtrebungen der aͤlteren Chriſten, die claſſiſch</Unicode></TextEquiv>
</TextLine>

<TextLine id="line_8">
<Coords points="88,848 393,848 436,852 552,852 584,854 621,854 654,854 800,854 825,853 934,853 959,851 1152,851 1196,854 1328,854 1328,895 1196,895 1152,904 959,904 934,904 825,904 800,904 654,904 621,906 584,906 552,902 436,902 393,901 88,901 88,848"/>
<Baseline points="88,901 393,901 436,902 552,902 584,906 621,906 654,904 800,904 825,904 934,904 959,904 1152,904 1196,895 1328,895"/>
<TextEquiv><Unicode>alterthuͤmlichen, hatten ja ohnehin laͤngſt aufgehoͤrt, erlitten</Unicode></TextEquiv>
</TextLine>

<TextLine id="line_9">
<Coords points="86,923 283,923 270,910 435,910 440,927 515,927 516,927 726,927 736,928 928,928 952,927 1033,927 1049,926 1195,926 1208,928 1325,928 1325,978 1208,978 1195,976 1049,976 1033,975 952,975 928,980 736,980 726,979 516,979 515,979 440,979 435,983 270,983 283,989 86,989 86,923"/>
<Baseline points="86,989 283,989 270,983 435,983 440,979 515,979 516,979 726,979 736,980 928,980 952,975 1033,975 1049,976 1195,976 1208,978 1325,978"/>
<TextEquiv><Unicode>demnach waͤhrend der gothiſchen Herrſchaft uͤber Italien durch-</Unicode></TextEquiv>
</TextLine>

<TextLine id="line_10">
<Coords points="84,1000 155,1000 178,997 264,997 288,998 546,998 577,1001 658,1001 683,1002 840,1002 867,1002 929,1002 965,1002 1031,1002 1058,1014 1142,1014 1167,1002 1327,1002 1327,1043 1167,1043 1142,1044 1058,1044 1031,1043 965,1043 929,1053 867,1053 840,1052 683,1052 658,1053 577,1053 546,1050 288,1050 264,1040 178,1040 155,1040 84,1040 84,1000"/>
<Baseline points="84,1040 155,1040 178,1040 264,1040 288,1050 546,1050 577,1053 658,1053 683,1052 840,1052 867,1053 929,1053 965,1043 1031,1043 1058,1044 1142,1044 1167,1043 1327,1043"/>
<TextEquiv><Unicode>aus keine Hemmungen, noch erhielten ſie, wie man vormals</Unicode></TextEquiv>
</TextLine>

<TextLine id="line_11">
<Coords points="83,1070 251,1070 276,1073 347,1073 371,1084 454,1084 479,1076 557,1076 580,1086 664,1086 690,1076 906,1076 930,1076 1113,1076 1157,1075 1229,1075 1255,1075 1323,1075 1323,1118 1255,1118 1229,1125 1157,1125 1113,1126 930,1126 906,1127 690,1127 664,1129 580,1129 557,1116 479,1116 454,1116 371,1116 347,1115 276,1115 251,1123 83,1123 83,1070"/>
<Baseline points="83,1123 251,1123 276,1115 347,1115 371,1116 454,1116 479,1116 557,1116 580,1129 664,1129 690,1127 906,1127 930,1126 1113,1126 1157,1125 1229,1125 1255,1118 1323,1118"/>
<TextEquiv><Unicode>gewaͤhnt, eine neue oder ganz verſchiedene Richtung. Im Ge-</Unicode></TextEquiv>
</TextLine>

<TextLine id="line_12">
<Coords points="84,1147 227,1147 251,1149 347,1149 373,1149 424,1149 449,1149 718,1149 744,1150 825,1150 849,1150 888,1150 914,1151 971,1151 990,1149 1174,1149 1201,1143 1330,1143 1330,1200 1201,1200 1174,1201 990,1201 971,1191 914,1191 888,1191 849,1191 825,1191 744,1191 718,1204 449,1204 424,1189 373,1189 347,1189 251,1189 227,1209 84,1209 84,1147"/>
<Baseline points="84,1209 227,1209 251,1189 347,1189 373,1189 424,1189 449,1204 718,1204 744,1191 825,1191 849,1191 888,1191 914,1191 971,1191 990,1201 1174,1201 1201,1200 1330,1200"/>
<TextEquiv><Unicode>gentheil ward die Muſivmalerey eben in der Richtung, welche</Unicode></TextEquiv>
</TextLine>

<TextLine id="line_13">
<Coords points="75,1214 149,1214 174,1220 258,1220 284,1221 333,1221 357,1222 498,1222 522,1223 694,1223 719,1223 826,1223 835,1248 846,1248 875,1224 949,1224 975,1224 1099,1224 1124,1225 1195,1225 1220,1223 1318,1223 1318,1274 1220,1274 1195,1266 1124,1266 1099,1274 975,1274 949,1266 875,1266 846,1274 835,1274 826,1275 719,1275 694,1275 522,1275 498,1276 357,1276 333,1263 284,1263 258,1262 174,1262 149,1261 75,1261 75,1214"/>
<Baseline points="75,1261 149,1261 174,1262 258,1262 284,1263 333,1263 357,1276 498,1276 522,1275 694,1275 719,1275 826,1275 835,1274 846,1274 875,1266 949,1266 975,1274 1099,1274 1124,1266 1195,1266 1220,1274 1318,1274"/>
<TextEquiv><Unicode>wir oben im Ganzen uͤberſehen haben, mit Erfolg und Eifer</Unicode></TextEquiv>
</TextLine>

<TextLine id="line_14">
<Coords points="81,1292 267,1292 311,1297 398,1297 445,1306 546,1306 583,1298 648,1298 686,1298 815,1298 851,1298 1029,1298 1067,1299 1102,1299 1132,1297 1319,1297 1319,1346 1132,1346 1102,1348 1067,1348 1029,1350 851,1350 815,1348 686,1348 648,1340 583,1340 546,1340 445,1340 398,1345 311,1345 267,1344 81,1344 81,1292"/>
<Baseline points="81,1344 267,1344 311,1345 398,1345 445,1340 546,1340 583,1340 648,1340 686,1348 815,1348 851,1350 1029,1350 1067,1348 1102,1348 1132,1346 1319,1346"/>
<TextEquiv><Unicode>fortgeuͤbt, und, wenn wir einigen Berichten ſo unbedingt</Unicode></TextEquiv>
</TextLine>

<TextLine id="line_15">
<Coords points="78,1373 196,1373 222,1367 384,1367 417,1371 452,1371 477,1371 568,1371 595,1373 690,1373 714,1373 766,1373 791,1372 994,1372 1031,1374 1127,1374 1153,1371 1318,1371 1318,1424 1153,1424 1127,1414 1031,1414 994,1427 791,1427 766,1413 714,1413 690,1422 595,1422 568,1413 477,1413 452,1419 417,1419 384,1418 222,1418 196,1410 78,1410 78,1373"/>
<Baseline points="78,1410 196,1410 222,1418 384,1418 417,1419 452,1419 477,1413 568,1413 595,1422 690,1422 714,1413 766,1413 791,1427 994,1427 1031,1414 1127,1414 1153,1424 1318,1424"/>
<TextEquiv><Unicode>trauen koͤnnten, ſo waͤre ſogar die Bildnerey, deren gaͤnzliche</Unicode></TextEquiv>
</TextLine>

<TextLine id="line_16">
<Coords points="77,1441 254,1441 295,1443 352,1443 388,1444 445,1444 484,1445 592,1445 633,1447 696,1447 742,1446 867,1446 912,1446 1176,1446 1220,1445 1316,1445 1316,1497 1220,1497 1176,1497 912,1497 867,1487 742,1487 696,1487 633,1487 592,1488 484,1488 445,1485 388,1485 352,1492 295,1492 254,1492 77,1492 77,1441"/>
<Baseline points="77,1492 254,1492 295,1492 352,1492 388,1485 445,1485 484,1488 592,1488 633,1487 696,1487 742,1487 867,1487 912,1497 1176,1497 1220,1497 1316,1497"/>
<TextEquiv><Unicode>Abnahme ſeit der Mitte des vierten Jahrhunderts ſchon</Unicode></TextEquiv>
</TextLine>

<TextLine id="line_17">
<Coords points="78,1517 113,1517 126,1517 356,1517 384,1518 587,1518 614,1520 650,1520 675,1521 776,1521 800,1520 872,1520 897,1530 965,1530 993,1532 1113,1532 1139,1520 1175,1520 1200,1522 1315,1522 1315,1561 1200,1561 1175,1562 1139,1562 1113,1563 993,1563 965,1562 897,1562 872,1571 800,1571 776,1572 675,1572 650,1562 614,1562 587,1570 384,1570 356,1566 126,1566 113,1557 78,1557 78,1517"/>
<Baseline points="78,1557 113,1557 126,1566 356,1566 384,1570 587,1570 614,1562 650,1562 675,1572 776,1572 800,1571 872,1571 897,1562 965,1562 993,1563 1113,1563 1139,1562 1175,1562 1200,1561 1315,1561"/>
<TextEquiv><Unicode>in Erinnerung gekommen, in dieſer Zeit von neuem in etwas</Unicode></TextEquiv>
</TextLine>

<TextLine id="line_18">
<Coords points="74,1590 330,1590 330,1641 74,1641 74,1590"/>
<Baseline points="74,1641 330,1641"/>
<TextEquiv><Unicode>vorgeſchritten.</Unicode></TextEquiv>
</TextLine>

<TextLine id="line_19">
<Coords points="179,1664 250,1664 283,1665 433,1665 466,1668 528,1668 560,1667 756,1667 786,1668 847,1668 879,1671 1012,1671 1041,1669 1104,1669 1145,1670 1213,1670 1250,1670 1313,1670 1313,1709 1250,1709 1213,1720 1145,1720 1104,1722 1041,1722 1012,1723 879,1723 847,1723 786,1723 756,1719 560,1719 528,1708 466,1708 433,1715 283,1715 250,1705 179,1705 179,1664"/>
<Baseline points="179,1705 250,1705 283,1715 433,1715 466,1708 528,1708 560,1719 756,1719 786,1723 847,1723 879,1723 1012,1723 1041,1722 1104,1722 1145,1720 1213,1720 1250,1709 1313,1709"/>
<TextEquiv><Unicode>Ein Vertrag des Theodahat bey Procop  ſetzt den</Unicode></TextEquiv>
</TextLine>

<TextLine id="line_20">
<Coords points="74,1737 249,1737 275,1741 428,1741 456,1741 519,1741 544,1742 725,1742 750,1741 905,1741 929,1745 1000,1745 1026,1744 1122,1744 1146,1742 1325,1742 1325,1791 1146,1791 1122,1793 1026,1793 1000,1784 929,1784 905,1792 750,1792 725,1793 544,1793 519,1782 456,1782 428,1789 275,1789 249,1788 74,1788 74,1737"/>
<Baseline points="74,1788 249,1788 275,1789 428,1789 456,1782 519,1782 544,1793 725,1793 750,1792 905,1792 929,1784 1000,1784 1026,1793 1122,1793 1146,1791 1325,1791"/>
<TextEquiv><Unicode>Gebrauch voraus, den gothiſchen Koͤnigen und ihren Oberher-</Unicode></TextEquiv>
</TextLine>

<TextLine id="line_21">
<Coords points="75,1821 147,1821 187,1813 249,1813 275,1810 504,1810 530,1814 672,1814 690,1816 796,1816 834,1815 1049,1815 1074,1828 1112,1828 1137,1816 1290,1816 1290,1867 1137,1867 1112,1869 1074,1869 1049,1867 834,1867 796,1868 690,1868 672,1866 530,1866 504,1865 275,1865 249,1853 187,1853 147,1860 75,1860 75,1821"/>
<Baseline points="75,1860 147,1860 187,1853 249,1853 275,1865 504,1865 530,1866 672,1866 690,1868 796,1868 834,1867 1049,1867 1074,1869 1112,1869 1137,1867 1290,1867"/>
<TextEquiv><Unicode>ren, den oſtroͤmiſchen Kaiſern , Denkſaͤulen zu errichten;</Unicode></TextEquiv>
</TextLine>

</TextRegion>
<TextRegion id="block_1" custom="structure {type:pageNum;}">
<Coords points="678,156 678,208 810,208 810,156 678,156"/>
<TextLine id="line_22">
<Coords points="678,156 810,156 810,208 678,208 678,156"/>
<Baseline points="678,208 810,208"/>
<TextEquiv><Unicode>181</Unicode></TextEquiv>
</TextLine>

</TextRegion>
<TextRegion id="block_2" custom="structure {type:note;}">
<Coords points="215,1955 215,2001 215,2013 71,2013 71,2060 71,2064 71,2118 71,2121 71,2173 72,2180 72,2232 70,2238 70,2301 70,2295 70,2339 70,2357 229,2357 229,2402 229,2409 266,2409 266,2460 1306,2460 1306,2409 828,2409 828,2402 828,2357 383,2357 383,2339 383,2295 1302,2295 1302,2301 1302,2238 1304,2232 1304,2180 1304,2173 1304,2121 1304,2118 1304,2064 1309,2060 1309,2013 1311,2001 1311,1955 215,1955"/>
<TextLine id="line_23">
<Coords points="215,1955 260,1955 283,1958 595,1958 618,1963 685,1963 707,1964 791,1964 814,1964 855,1964 877,1962 1132,1962 1154,1972 1213,1972 1230,1963 1311,1963 1311,1993 1230,1993 1213,1994 1154,1994 1132,2000 877,2000 855,2001 814,2001 791,1995 707,1995 685,1994 618,1994 595,1998 283,1998 260,1992 215,1992 215,1955"/>
<Baseline points="215,1992 260,1992 283,1998 595,1998 618,1994 685,1994 707,1995 791,1995 814,2001 855,2001 877,2000 1132,2000 1154,1994 1213,1994 1230,1993 1311,1993"/>
<TextEquiv><Unicode>S. Muratori, autt. Ital. Diss. I.; Tiraboschi, sto. della</Unicode></TextEquiv>
</TextLine>

<TextLine id="line_24">
<Coords points="71,2013 134,2013 155,2013 191,2013 214,2014 273,2014 295,2015 332,2015 362,2034 400,2034 446,2014 605,2014 627,2016 749,2016 784,2018 852,2018 877,2017 926,2017 949,2016 1150,2016 1172,2016 1309,2016 1309,2057 1172,2057 1150,2059 949,2059 926,2054 877,2054 852,2054 784,2054 749,2060 627,2060 605,2053 446,2053 400,2040 362,2040 332,2047 295,2047 273,2045 214,2045 191,2043 155,2043 134,2044 71,2044 71,2013"/>
<Baseline points="71,2044 134,2044 155,2043 191,2043 214,2045 273,2045 295,2047 332,2047 362,2040 400,2040 446,2053 605,2053 627,2060 749,2060 784,2054 852,2054 877,2054 926,2054 949,2059 1150,2059 1172,2057 1309,2057"/>
<TextEquiv><Unicode>lett. It. To. V. — Gibbon jedoch, dem die griechiſchen Quellen</Unicode></TextEquiv>
</TextLine>

<TextLine id="line_25">
<Coords points="71,2064 280,2064 302,2077 419,2077 442,2073 496,2073 519,2068 593,2068 616,2074 797,2074 819,2075 881,2075 903,2074 1002,2074 1025,2073 1122,2073 1144,2073 1203,2073 1223,2073 1304,2073 1304,2117 1223,2117 1203,2110 1144,2110 1122,2117 1025,2117 1002,2112 903,2112 881,2110 819,2110 797,2118 616,2118 593,2110 519,2110 496,2109 442,2109 419,2113 302,2113 280,2109 71,2109 71,2064"/>
<Baseline points="71,2109 280,2109 302,2113 419,2113 442,2109 496,2109 519,2110 593,2110 616,2118 797,2118 819,2110 881,2110 903,2112 1002,2112 1025,2117 1122,2117 1144,2110 1203,2110 1223,2117 1304,2117"/>
<TextEquiv><Unicode>zugaͤnglicher waren, der uͤber Geſchmack und Sitte nicht, wie jene,</Unicode></TextEquiv>
</TextLine>

<TextLine id="line_26">
<Coords points="71,2124 157,2124 186,2125 245,2125 269,2121 422,2121 452,2128 668,2128 698,2132 861,2132 889,2133 1010,2133 1048,2131 1136,2131 1163,2131 1304,2131 1304,2168 1163,2168 1136,2173 1048,2173 1010,2173 889,2173 861,2173 698,2173 668,2173 452,2173 422,2169 269,2169 245,2160 186,2160 157,2165 71,2165 71,2124"/>
<Baseline points="71,2165 157,2165 186,2160 245,2160 269,2169 422,2169 452,2173 668,2173 698,2173 861,2173 889,2173 1010,2173 1048,2173 1136,2173 1163,2168 1304,2168"/>
<TextEquiv><Unicode>durch den hoͤfiſchen Caſſiodor geblendet wurde, faßte anderer-</Unicode></TextEquiv>
</TextLine>

<TextLine id="line_27">
<Coords points="72,2180 165,2180 190,2183 241,2183 264,2182 392,2182 417,2188 473,2188 495,2185 887,2185 910,2189 998,2189 1021,2191 1074,2191 1096,2189 1304,2189 1304,2231 1096,2231 1074,2225 1021,2225 998,2231 910,2231 887,2232 495,2232 473,2223 417,2223 392,2227 264,2227 241,2217 190,2217 165,2221 72,2221 72,2180"/>
<Baseline points="72,2221 165,2221 190,2217 241,2217 264,2227 392,2227 417,2223 473,2223 495,2232 887,2232 910,2231 998,2231 1021,2225 1074,2225 1096,2231 1304,2231"/>
<TextEquiv><Unicode>ſeits, als Britte, den militaͤriſch-politiſchen Geiſt der Verwaltung</Unicode></TextEquiv>
</TextLine>

<TextLine id="line_28">
<Coords points="70,2238 272,2238 309,2242 450,2242 484,2242 616,2242 649,2246 705,2246 736,2248 834,2248 893,2247 972,2247 1000,2246 1123,2246 1150,2246 1302,2246 1302,2285 1150,2285 1123,2289 1000,2289 972,2288 893,2288 834,2289 736,2289 705,2301 649,2301 616,2287 484,2287 450,2286 309,2286 272,2281 70,2281 70,2238"/>
<Baseline points="70,2281 272,2281 309,2286 450,2286 484,2287 616,2287 649,2301 705,2301 736,2289 834,2289 893,2288 972,2288 1000,2289 1123,2289 1150,2285 1302,2285"/>
<TextEquiv><Unicode>Theodorichs ungleich ſchaͤrfer ins Auge. Vgl. unſeres Sarto-</Unicode></TextEquiv>
</TextLine>

<TextLine id="line_29">
<Coords points="70,2295 150,2295 171,2295 383,2295 383,2339 171,2339 150,2334 70,2334 70,2295"/>
<Baseline points="70,2334 150,2334 171,2339 383,2339"/>
<TextEquiv><Unicode>rius Preisſchrift.</Unicode></TextEquiv>
</TextLine>

<TextLine id="line_30">
<Coords points="229,2357 279,2357 300,2359 385,2359 410,2359 505,2359 531,2361 585,2361 609,2362 646,2362 671,2373 736,2373 761,2362 828,2362 828,2393 761,2393 736,2402 671,2402 646,2391 609,2391 585,2392 531,2392 505,2392 410,2392 385,2389 300,2389 279,2387 229,2387 229,2357"/>
<Baseline points="229,2387 279,2387 300,2389 385,2389 410,2392 505,2392 531,2392 585,2392 609,2391 646,2391 671,2402 736,2402 761,2393 828,2393"/>
<TextEquiv><Unicode>De bello Goth. lib. V. cap. VII.</Unicode></TextEquiv>
</TextLine>

<TextLine id="line_31">
<Coords points="266,2412 388,2412 411,2415 535,2415 565,2414 687,2414 710,2415 849,2415 861,2440 872,2440 903,2417 973,2417 996,2409 1110,2409 1132,2416 1208,2416 1232,2416 1306,2416 1306,2460 1232,2460 1208,2460 1132,2460 1110,2456 996,2456 973,2460 903,2460 872,2459 861,2459 849,2460 710,2460 687,2457 565,2457 535,2456 411,2456 388,2456 266,2456 266,2412"/>
<Baseline points="266,2456 388,2456 411,2456 535,2456 565,2457 687,2457 710,2460 849,2460 861,2459 872,2459 903,2460 973,2460 996,2456 1110,2456 1132,2460 1208,2460 1232,2460 1306,2460"/>
<TextEquiv><Unicode>Dieſen wurde, obwohl ſparſam, doch immer auch noch</Unicode></TextEquiv>
</TextLine>

</TextRegion>
</Page>
</PcGts>