1600 2688
83 248 1314 317 nen Tiraboſchi getraͤumt hat . Gewiß verließ er ſich in
83 329 1314 388 dieſer Beziehung auf irgend einen literaͤriſchen Aufſchneider.
79 399 1316 458 Denn er kann die Stelle, auf welche er ſich bezieht, weder
78 469 1324 536 im griechiſchen Text, noch in der lateiniſchen Verſion geleſen
76 544 1313 610 haben, wo klaͤrlich ſteht, das Bild, alſo nicht nothwendig die
73 619 1313 687 Bildſaͤule, ſey von der Wand herabgefallen , was außer
72 701 1310 759 Frage ſtellt, daß es ein muſiviſches Wandgemaͤlde geweſen,
70 776 1309 830 wie die uͤbrigen Bildniſſe Theodorichs, welche Agnellus
70 854 424 910 noch geſehen .
278 896 1311 991 Alſo nicht die Gothen, ſondern die blutige Ruͤckeroberung
47 979 1312 1055 Italiens unter Juſtinian, der bald darauf erfolgte Einbruch
69 1071 1312 1127 der Longobarden, das neue Staatsverhaͤltniß endlich, welches
70 1145 1309 1201 aus dieſen Ereigniſſen hervorging, verkuͤmmerte allgemach die
70 1220 1309 1278 Fortpflanzung der kuͤnſtleriſchen Ueberlieferungen. Auch ohne
655 156 740 203 183
212 1393 1308 1439 Tirab. sto. della lett. It. To. c. lib. I. c. VII. §. 8. — tutta
68 1451 1306 1501 composta di sassolini minuti ed a varj colori, intrecciati ed uniti
67 1504 1306 1554 insieme. — Verſchiedene haben dieſe Albernheit dem Tiraboſchi
65 1564 528 1614 ungepruͤft nachgeſchrieben.
250 1645 1304 1713 Procop. de bello Goth. lib. I. c. 24, wo der griechiſche
66 1698 1303 1752 Text der venez. Ausg.: Ταύτῃ τε ἅπασα ἐκ τοῦ τοίχου ἐξίτηλος ἡ
66 1761 1304 1811 ἐικὼν γέγονεν; die lateiniſche, dort und auch bey Muratori, scriptt.
67 1820 1303 1865 To. I. P. 1, abgedruckte Verſion: „itaque de pariete effigies pror-
66 1882 304 1916 sus abolevit.“
254 1961 1304 2006 Agnell. l. c. „Ticinum, quae civitas Papia dicitur, ubi
67 2020 1305 2064 Theodoricus palatium struxit, et eius imaginem sedentem super
66 2075 1301 2123 equum in Tribunalis cameris Tessellis ornatis bene conspexi. —
67 2130 1302 2174 Bacchini macht eben dieſes offenbar muſiv. Bild zu einer zweyten
68 2188 1302 2235 Statue. — Daſ. geht Agnellus unmittelbar nachher auf Ra-
67 2243 1302 2289 venna uͤber, und beſchreibt ein zweytes muſiviſches Bild Theodo-
68 2301 1303 2348 richs auf der Flaͤche des Giebelfeldes, deſſen Gipfel jene Ritter-
71 2355 1306 2404 ſtatue zierte, welche wir nicht mit dem allegoriſchen Gemaͤlde des
69 2419 552 2462 Feldes verwechſeln werden.
