1600 2688
249 225 1509 280 gleichzeitige Schriftſteller erwaͤhnen oder beſchreiben, deren An-
252 301 1514 355 denken haͤufig durch die Annaliſten nachfolgender Jahrhunderte
251 376 1515 430 erneuert wird . Die Rotunde  zu Achen iſt bis auf die
252 452 1516 508 heutige Stunde erhalten; die alte Hofkapelle bildet indeß nur
247 526 1515 581 einen Nebentheil der heutigen Hauptkirche der Stadt; Achen
248 600 1515 654 war damals ein Hofſitz, keine Hauptſtadt. Von der neueren
249 674 1516 734 Erhoͤhung unterſcheidet ſich das alte Gemaͤuer durch Groͤße
250 749 1515 805 der Werkſtuͤcke; die Granitſaͤulen im Inneren, dieſelben, welche
253 823 1514 880 in den letzten Kriegen nach Paris entfuͤhrt, und zum Theil
251 897 1514 954 wiederum zuruͤckverſetzt worden, entſtehen hier, wie es ſchon in
251 973 1515 1029 dem Palaſte Diocletians zu Spalatro , und ſpaͤter immer
251 1035 1513 1103 haͤufiger vorkommt, nicht mehr aus einem Beduͤrfniß der
251 1122 1512 1178 Conſtruction; doch vermehren ſie, indem ſie verzieren, wenig-
249 1197 1512 1250 ſtens das innere Gemach, und ſind eben deshalb noch weit
250 1263 1511 1325 entfernt von jener Verzwergung der Saͤulen, welche gewiß
250 1343 1511 1399 vor dem zwoͤlften Jahrhundert in Italien nirgend Eingang
247 1421 1510 1472 gefunden, und wahrſcheinlich im Norden entſtanden iſt. Die
247 1493 1509 1556 Anlage der Gebaͤude in die Runde darf uusuns aber in dieſer
244 1567 1510 1621 Zeit nicht befremden. Denn ſeit dem erſten Jahrhundert des
245 1642 1507 1695 herrſchenden Chriſtenthums waren Anlagen dieſer Art, deren
245 1715 1506 1772 Vorbilder im roͤmiſchen Alterthume aufzuſuchen ſind, vornehm-
245 1790 1103 1847 lich fuͤr Taufkirchen ſtark im Gebrauch .
833 123 922 169 212
398 1933 1503 2024 S. Wippo, vita Conr. Sal. (ap. Pictor.Pistor. scr. p. 429.) und
234 2005 373 2043 Andere.
410 2078 1502 2124 — basilica rotunda Caroli Magni, in den Nachrichten von
235 2130 842 2179 Kroͤnungen nachfolgender Kaiſer.
447 2210 1501 2257 S. Cassas, voy. pittoresque et hist. d’Istrie et de Dal-
234 2261 1500 2313 matie, Paris, an X. (1802.) Pl. 42. 43. Verkleinerte Nachbildungen
234 2325 463 2367 bey Durand.
313 2398 1497 2446 S. Maffei, Verona illustrata, T. III. (S. 116 f. der ach-
