1600 2656
291 275 1474 331 den Sprachgebrauch aber iſt zu bemerken, daß die Aus-
289 355 1472 410 drücke judex und judicium mit willkührlicher Abwechslung
291 436 1475 493 gebraucht werden, bald um allein das oben beſchriebene
288 518 1476 573 judicium im engeren Sinn zu bezeichnen (Note a. b. d),
293 598 1478 653 bald als generiſche Bezeichnung, unter welcher auch die
293 680 1474 734 arbitria begriffen ſind . Ein ähnliches Schwanken kommt
292 759 1479 816 bey den Ausdrücken arbiter und arbitrium nicht vor, welche
291 839 1479 897 ganz gewiß nur bey den Prozeſſen der freyeren Art ge-
295 925 696 974 braucht werden .
373 993 1452 1058 Faſſen wir dieſes Alles zuſammen, ſo gab es im alten
295 1077 1478 1138 Prozeß zweyerley Klagen, die wir, der Kürze wegen,
294 1163 1476 1219 ſtrenge und freye nennen wollen. Die Verſchiedenheit
294 1243 1484 1299 im Verfahren, das heißt die mehr oder weniger freye
301 1321 1483 1379 Macht, die dem urtheilenden Judex überlaſſen war, hieng
300 1404 1484 1459 aber zuſammen mit der perſönlichen Eigenſchaft deſſelben,
288 179 352 216 104
460 171 1323 219 Buch II. Rechtsverhältniſſe. Kap. IV. Verletzung.
293 1516 862 1561 fenden Jahres, die doch ſtets ar-
294 1564 865 1612 bitri ſeyn konnten, nicht in das
296 1618 871 1663 album geſetzt; endlich durfte der
299 1669 870 1712 arbiter eben ſowohl aus dem
299 1718 867 1762 album, als außer demſelben, ge-
297 1772 528 1813 wählt werden.
411 1818 861 1863 Dieſes erhellt ganz klar
296 1869 862 1907 aus den Stellen des Cicero Note c.
294 1918 867 1965 Ferner gebraucht Gajus IV. § 163
295 1969 869 2013 die Ausdrücke judex und arbiter
297 2020 869 2066 ganz abwechſlend, vielleicht dem
299 2070 868 2117 bloßen Wohllaut folgend (z. B.
293 2123 868 2167 judicis arbitrio). In den For-
297 2172 868 2218 meln derjenigen Klagen, die gewiß
297 2224 870 2267 arbitria waren, kommt ſtets ju-
298 2274 870 2317 dex esto vor, nie arbiter esto;
298 2325 872 2379 nur bey Mehreren heißt es: recu-
299 2373 908 2422 peratores sunto (Gajus IV. § 46.
910 1513 1478 1558 47.), nicht: judices oder arbitri
916 1565 1482 1608 sunto. Es war alſo nicht etwa
918 1616 1485 1660 nachläſſiger Sprachgebrauch der
920 1666 1484 1710 Schriftſteller, ſondern die herrſchen-
914 1716 1481 1759 de Gerichtsſprache. Wenn daher
911 1766 1480 1813 geſtritten wurde, ob es beſſer ſey
906 1816 1485 1861 judex oder arbiter zu ſagen
912 1867 1485 1911 (Cicero pro Murena C. 12), ſo
914 1918 1482 1960 darf dieſem Streit wohl nur eine
917 1967 1483 2014 theoretiſche, ſprachverbeſſernde, Be-
916 2019 1408 2063 deutung zugeſchrieben werden.
1028 2070 1485 2114 In ganz anderer Beziehung
913 2120 1486 2165 freylich iſt auch der Ausdruck ar-
912 2171 1487 2217 biter zweydeutig, indem er nicht
914 2221 1521 2269 blos den Urtheiler in einer freyen
915 2272 1484 2322 Klage, ſondern auch den außerge-
916 2322 1485 2368 richtlichen Schiedsrichter bezeichnet.
