1600 2656
269 286 1448 342 Gajus dar , er war aber entſchieden ſchon zur Zeit
268 367 1448 424 des Cicero vorhanden, welcher ein Beyſpiel dieſer petito-
264 432 1448 504 ria formula, ganz mit Gajus übereinſtimmend, anführt .
265 529 1451 585 Dadurch war eine einzelne in rem actio in den Formular-
265 609 1446 665 prozeß eingeführt, ſo daß man damals ſagen konnte, in
264 691 1449 746 rem actio ſey der individuelle Name der Eigenthumsklage,
265 773 1453 826 in personam actio die generiſche Bezeichnung aller übrigen
264 851 1453 905 Klagen überhaupt. Der in dieſer Zeit ſo gebildete Sprach-
266 929 1446 986 gebrauch hat ſich, wie es zu geſchehen pflegt, theilweiſe
267 1011 1451 1069 noch in ſpäterer Zeit erhalten, ſo daß nicht ſelten in rem
264 1092 1451 1145 actio als individueller Name von ſolchen Schriftſtellern
260 1172 1450 1225 gebraucht wird , die außerdem den Ausdruck als Be-
269 181 314 218 30
443 183 1278 232 Buch II. Rechtsverhältniſſe. Kap. IV. Verletzung.
267 1272 835 1316 Gajus IV. § 91 — 95. Es
265 1324 837 1367 gab zweyerley Eigenthumsklagen
262 1374 835 1419 per formulas, und außerdem noch
265 1424 836 1468 die Sacramenti legis actio vor
263 1476 537 1512 den Centumvirn.
380 1526 831 1560 Cicero in Verrem II. 12
260 1575 837 1617 „L. Octavius judex esto: Si
260 1626 837 1670 paret, fundum Capenatem, quo
265 1677 837 1720 de agitur, ex jure quiritium
264 1727 832 1770 P. Servilii esse, neque is fun-
267 1777 829 1819 dus Q. Catulo restituetur: non
262 1827 830 1868 necesse erit L. Octavio judici
255 1877 830 1922 cogere P. Servilium Q. Catulo
257 1928 834 1969 fundum restituere, aut condem-
256 1979 837 2022 nare eum quem non oporteat?”
258 2030 837 2072 Offenbar wählt hier Cicero eine
262 2080 837 2124 hergebrachte, allgemein anerkannte
261 2130 837 2174 Klagformel, und was er daran
260 2180 837 2226 als ſchreyende Ungerechtigkeit her-
258 2231 837 2277 vorhebt, beſteht nur darin, daß
260 2281 838 2326 nach dieſer Faſſung die Reſtitution
261 2332 839 2374 des Grundſtücks an eine andere
263 2382 841 2426 Perſon, als den vorher bezeichne-
884 1273 1451 1318 ten Eigenthümer geſchehen müßte.
1006 1325 1448 1367 So geſchieht es von Ga-
884 1374 1447 1419 jus (IV. 51. 91. 86. 87), Ulpian
883 1423 1449 1470 (L. 1 § 1 de R. V. 6. 1), Pau-
880 1474 1448 1519 lus (L. 23 pr. eod.). Eben ſo
878 1526 1447 1569 in vielen Stellen des tit. Dig.
883 1577 1453 1621 de R. V. (6. 1.). — Dagegen
886 1627 1452 1670 darf nicht hieraus erklärt werden
883 1676 1449 1721 L. 25 pr. de O. et A. (44. 7)
878 1726 1448 1772 „In rem actio est per quam
876 1779 1449 1820 rem nostram, quae ab alio
876 1827 1450 1870 possidetur, petimus.” Denn da
882 1868 1451 1921 dieſe Worte unmittelbar hinter der
887 1925 1450 1971 Eintheilung der actiones in duo
885 1977 1451 2021 genera ſtehen (ſ. o. § 206), ſo iſt
884 2029 1447 2072 offenbar jener Satz nicht Defini-
884 2079 1449 2122 tion der in rem actio, ſondern
883 2118 1449 2173 nur erläuterndes Beyſpiel für den
883 2180 1446 2228 aufgeſtellten generiſchen Begriff.
883 2231 1449 2274 Auch würde ja ſonſt in dieſen
882 2281 1449 2325 Worten Ulpian ſelbſt der confes-
884 2332 1450 2374 soria den Character einer in rem
885 2381 1165 2425 actio abſprechen.
