1600 2652
265 250 1468 298 dem suam condicionem licere eis facere, etiam sine tu-
266 331 1468 384 toris auctoritate, deteriorem vero non aliter quam tutore
264 411 501 458 auctore .
339 491 1467 546 I. Bey den obligatoriſchen Verträgen zeigt ſich
265 570 1250 624 jener Grundſatz am reinſten und vollſtändigſten.
339 652 1469 703 Jeder Unmündige alſo, der nicht mehr Kind iſt, kann
265 732 1424 785 auch ohne Tutor gültig ſtipuliren, nicht promittiren .
337 813 1468 866 So bey einſeitigen Verträgen. Schließt er dagegen
265 892 1469 945 allein einen zweyſeitigen Vertrag, worin ſtets Gewinn und
264 973 1468 1025 Verluſt gemiſcht iſt (wie Kauf und Miethe), ſo iſt der Ver-
262 1053 1465 1107 trag für den Gegner bindend, für den Unmündigen nicht,
257 1133 1468 1185 das heißt es ſteht in der Wahl des Tutors, ob er den
262 1214 1290 1264 Vertrag ganz anerkennen oder verwerfen will .
334 1292 1457 1347 Eine natürliche Beſchränkung erleiden dieſe Regeln bey
264 144 307 179 40
348 142 1470 192 Buch II. Rechtsverhältniſſe. Kap. III. Entſtehung und Untergang.
366 1392 842 1436 pr. J. de auctor. (1. 21.),
254 1441 840 1486 L. 28 pr. de pactis (2. 14.). In
255 1490 835 1533 der Pandektenſtelle ſteht nur die
254 1540 832 1582 erſte Hälfte dieſer Regel, in den
254 1590 832 1634 Inſtitutionen ſtehen beide, obgleich
253 1641 831 1683 in manchen Handſchriften die
252 1691 832 1734 zweyte Hälfte gleichfalls fehlt.
256 1741 836 1784 Eine beſondere Anwendung der
256 1793 838 1834 zweyten Hälfte enthält L. 10 de
245 1844 840 1886 jur. et facti ign. (22. 6.). „Im-
252 1893 840 1936 puberes sine tutore agentes ni-
250 1943 839 1987 hil posse scire intelliguntur.”
251 1992 839 2034 So wie hier die Stelle in die
250 2041 840 2086 Digeſten aufgenommen iſt, er-
251 2093 839 2137 klärt ſie den Pupillen für unfähig,
254 2141 836 2186 durch ſein Bewußtſeyn in irgend
254 2191 836 2235 einen Nachtheil zu kommen, wo-
251 2241 834 2287 durch alſo jede Verpflichtung durch
254 2292 829 2334 Culpa ausgeſchloſſen ſeyn würde.
250 2341 827 2390 Zunächſt dachte aber Papinian an
894 1393 1469 1436 den Verluſt durch verſäumte Friſt
890 1444 1468 1488 der bonorum possessio, welches
884 1494 1467 1537 daraus erhellt, daß die Stelle durch
882 1540 1462 1583 ihre Inſeription mit L. 2 de suc-
883 1593 1464 1637 cessorio ed. (38. 9.) zuſammen-
882 1642 1463 1687 hängt, worin nicht von einem Pu-
884 1691 1462 1734 pillen, ſondern von einem Min-
889 1741 1463 1786 derjährigen die Rede iſt, der die
888 1792 1464 1837 B. P. wirklich agnoſcirt, und dann
890 1844 1298 1886 dagegen reſtituirt wird.
993 1915 1463 1959 pr. J. de auctor. (1. 21.),
889 1964 1461 2009 § 9 J. de inut. stip. (3. 19.). (Ga-
888 2015 1459 2059 jus III. § 107), L. 9 pr. de auctor.
889 2065 1457 2110 (26. 8.), L. 8 pr. de adqu. her.
888 2114 1459 2159 (29. 2.), L. 41 de cond. ind. (12.
887 2163 1462 2210 6.), L. 1 C. de inut. stip. (8. 39.).
988 2244 1461 2290 pr. J. de auctor. (1. 21.),
883 2294 1462 2339 L. 5 § 1 de auctor. (26. 8.), L. 13
881 2343 1353 2389 § 29 de act. emti (19. 1.).
