1600 2656
120 287 1301 346 chen Verhältniſſe durchaus keinen Einfluß . Im Pri-
121 367 1082 425 vatrecht aber ſind folgende Wirkungen ſichtbar.
294 451 725 504 I. Familienrecht.
195 530 1306 583 Die Civilehe, welche vor der capitis deminutio vor-
123 606 1304 666 handen war, dauert auch nach derſelben unverändert fort.
130 673 1307 746 Bey der Arrogation und der vollendeten Emancipation iſt
132 759 1309 826 dieſes ganz unzweifelhaft. In dem Übergangszuſtand,
131 848 1313 904 während der mancipii causa, könnte man daran noch etwa
129 926 1328 984 zweifeln; und gerade für dieſen Fall iſt die fortdauernde
130 993 1224 1065 Wirkſamkeit der Ehe ausdrücklich anerkannt (§ 67 d).
202 1087 1312 1144 Die Agnation wird durch jede minima c. d. gänz-
136 1166 1315 1223 lich aufgehoben, die Cognation dagegen dauert unverän-
136 1238 1317 1300 dert fort . Dieſes gilt in allen Anwendungen, alſo bey
133 1326 1310 1383 der Arrogation , der Adoption, und der Emancipation.
132 1405 1314 1462 Es iſt dieſes zugleich als eine der eigenthümlichſten Wir-
132 1487 1317 1544 kungen zu betrachten; namentlich bey dem Emancipirten
133 1568 1320 1622 verſteht ſie ſich gar nicht von ſelbſt, und es ließe ſich ſehr
132 1648 1318 1702 wohl eine Entlaſſung aus der väterlichen Gewalt denken
137 1719 1319 1783 ohne Zerſtörung der Agnation mit den Seitenverwandten.
1250 187 1298 222 75
312 173 1096 242 §. 69. Wirkungen der capitis deminutio.
248 1878 711 1922 L. 5 § 2 L. 6 de cap. min.
143 1929 709 1973 (4. 5.). Mit welcher Einſchrän-
142 1978 706 2022 kung dieſer Satz vielleicht in den
137 2028 705 2070 älteren Zeiten verſtanden werden
137 2078 704 2122 mußte, iſt ſchon oben angegeben
137 2129 521 2171 worden, § 67 Note c.
177 2230 704 2273 Gajus I. § 158. 163. III. § 27.
136 2280 706 2324 — Ulpian. XXVIII. § 9. — § 3
138 2329 705 2374 J. de leg. agn. tut. (1. 15.). —
140 2380 707 2425 § 1 J. de adquis. per. adrog.
762 1878 1321 1921 (3. 10.). — L 6 de cap. min.
757 1928 1324 1972 (4. 5.). L. 8 de R. J. (50. 17.).
859 1979 1326 2020 Bey der Arrogation jedoch
741 2029 1328 2071 iſt eine Einſchränkung zu bemer-
753 2077 1330 2120 ken. Der Arrogirte nimmt ſeine
755 2127 1328 2172 Kinder mit hinüber in die Ge-
753 2180 1325 2218 walt des neuen Vaters, deren
754 2228 1323 2272 Agnation alſo geht ihm nicht ver-
756 2277 1323 2322 loren, oder er findet ſie gewiſſer-
756 2328 1322 2371 maßen wieder in der neuen Fa-
757 2381 852 2416 milie.
