1600 2656
369 172 1096 221 §. 226. Exceptionen. Form. Geſchichte.
142 273 1328 332 vom Kläger behauptete Recht an ſich vorhanden ſeyn
142 350 1325 407 ſollte. Daher wurde der Intentio und Condemnatio: Si
140 437 1324 504 paret fundum Agerii esse, oder centum dari oportere …
140 516 1329 572 condemna, die Ausnahme hinzugefügt: si ea res judicata
130 581 1327 652 non sit. Es erklärt ſich hieraus der negative Ausdruck
149 675 1325 731 aller Exceptionen im Verhältniß zu der poſitiven Anwei-
152 752 1322 813 ſung der, unter Vorausſetzung der Wahrheit der Intentio,
152 817 1324 893 auszuſprechenden Condemnatio ; ferner die bey mehre-
147 916 1329 973 ren alten Juriſten vorkommende Erklärung der Exceptio
141 992 1331 1051 als einer Bedingung der Condemnatio . Nämlich
139 1070 1331 1132 ſchon die Intentio ſelbſt iſt eine Bedingung (Si paret); zu
1258 179 1325 216 161
812 2369 1078 2462 V. 11
256 1213 703 1257 Gajus IV. § 119. „Omnes
142 1263 704 1307 autem exceptiones in contra-
137 1312 704 1359 rium concipiuntur quia (ejus
139 1363 702 1408 quod?) adfirmat is, cum quo
138 1412 704 1459 agitur .... ideo scilicet, quia
142 1464 704 1510 omnis exceptio objicitur qui-
146 1513 706 1552 dem a reo, sed ita formulae
145 1561 712 1600 inseritur, ut condicionalem fa-
148 1611 714 1653 ciat condemnationem, id est ne
146 1660 713 1708 aliter judex eum, cum quo agi-
142 1705 707 1754 tur, condemnet, quam si nihil
138 1759 700 1804 in ea re, qua de agitur, dolo
137 1810 700 1858 actoris factum sit” rel. — Vgl.
134 1859 703 1900 Zimmern S. 290. — Mit Un-
137 1909 705 1957 recht hat man die Allgemeinheit
138 1959 705 2008 dieſer negativen Faſſung bezwei-
136 2009 705 2058 feln wollen (Albrecht S. 21.)
135 2063 703 2108 wegen mancher poſitiv ausgedrück-
134 2112 703 2159 ten Stellen, z. B. L. 11 § 3 de
135 2162 702 2206 exc. rei jud. (44. 2.) „… ob-
138 2213 700 2258 staret exceptio, quod res judi-
140 2262 700 2309 cata sit inter me et te.” Solche
140 2310 700 2359 Stellen enthalten nur allgemeine
137 2360 699 2409 Angaben des Inhalts: in der For-
752 1208 1323 1264 mel ſelbſt lautete die Faſſung ge-
753 1267 1324 1310 wiß negativ. — Zimmern S. 298
753 1318 1324 1362 hält die Exceptionsformel mit ex-
752 1368 1325 1413 tra quam si für poſitiv; allein
754 1418 1323 1464 extra quam si heißt genau ſo
751 1468 1325 1514 viel als nisi, die eine Formel iſt
756 1519 1325 1563 alſo völlig ſo negativ wie die
760 1570 871 1602 andere.
881 1617 1325 1663 L. 22 pr. de exc. (44. 1.).
762 1667 1328 1712 „Exceptio est condicio, quae
754 1716 1329 1753 modo eximit reum damnatio-
751 1767 1329 1806 ne, modo minuit damnationem.”
750 1816 1321 1863 — Gajus IV. § 119 (vgl. Note a.).
751 1867 1318 1910 — Im Weſentlichen damit über-
754 1917 1319 1961 einſtimmend iſt L. 2 pr. de exc.
757 1967 1321 2011 (44. 1.). „Exceptio dicta est
757 2017 1323 2059 quasi quaedam exclusio … ad
756 2067 1322 2110 cludendum (excludendum? in-
754 2117 1323 2161 tercludendum?) id, quod in in-
754 2168 1321 2205 tentionem condemnationemve
753 2219 1318 2264 deductum est. Daher heißt eine
751 2268 1315 2312 Klage ohne Exception judicium
748 2319 1314 2359 purum. Cicero de inventione
751 2368 862 2402 II. 20.
