1600 2664
74 274 1270 329 ſie künftig ihre Edicte unter Mitwirkung des Senats aus-
75 356 1271 411 arbeiten laſſen würden , wodurch ſie jedoch gewiß nicht
74 435 1268 490 ſagen wollten, daß die Geſetzeskraft von der Beobachtung
71 515 1268 568 dieſer Form abhängig ſeyn ſollte. — Endlich wird auch
69 595 1268 649 noch die Nothwendigkeit der Bekanntmachung der Geſetze
71 675 1265 729 anerkannt, jedoch ohne Beſtimmung einer Form für die-
72 741 1207 809 ſelbe, die doch allein praktiſchen Werth haben kann .
174 825 1270 890 II. Decrete. Darunter verſteht man jede Ausübung
75 915 1271 967 des kaiſerlichen Richteramts, ſowohl durch Interlocute als
70 994 1266 1046 durch Endurtheile . Wenn auch dieſen, wie allen an-
68 1073 1264 1128 dern Conſtitutionen, Geſetzeskraft für den einzelnen Fall
68 1154 1263 1206 beygelegt wird, ſo ſcheint das nicht conſequent, da ſie
65 1233 1261 1287 vielmehr als richterliche Entſcheidungen angeſehen werden
65 1314 1266 1366 mußten, die ſtets rechtskräftig waren, weil ſie von der
67 1394 1266 1446 höchſten Inſtanz im Reich ausgingen. Jene Vorſtellungs-
71 1472 1264 1524 weiſe erklärt ſich vielleicht daraus, daß die ganze Gerichts-
70 1551 1269 1603 barkeit des Kaiſers etwas außerordentliches war, worauf
250 172 1076 219 §. 23. Ausſprüche der Römer über die Geſetze.
1201 178 1276 214 125
67 1648 632 1690 Juſtinian, ſind an einen Beam-
63 1699 632 1743 ten, z. B. einen Praefectus prae-
61 1749 633 1790 torio gerichtet, und man konnte
61 1799 634 1842 ſie nach dieſer Form auch Re-
59 1848 633 1889 ſcripte nennen; aber Niemand
56 1898 633 1942 zweifelte, daß ſie wahre edicta,
58 1949 634 1993 generales leges, leges edictales
60 1998 629 2043 ſeyen, und darum war bey ihnen
64 2049 630 2096 der an ſich paſſende Ausdruck
64 2098 632 2145 rescriptum nicht üblich. Eine
63 2146 631 2193 Vergleichung neuerer Einrichtun-
61 2196 632 2243 gen wird dieſes anſchaulicher ma-
58 2246 633 2294 chen. Was durch die Preußiſche
55 2298 634 2343 Geſetzſammlung publicirt wird,
53 2348 630 2395 hat völlig gleiche Geſetzeskraft,
682 1650 1259 1695 es mag nun Geſetz oder Verord-
681 1700 1257 1746 nung heißen, alſo unmittelbar
684 1751 1254 1793 an alle Unterthanen und Beamte
681 1800 1254 1843 gerichtet ſeyn, oder aber in einer
683 1851 1253 1887 Kabinetsordre an das Staatsmi-
684 1900 1254 1943 niſterium, oder einen einzelnen
681 1951 1252 1998 Miniſter beſtehen. Vgl. § 24
680 2003 814 2037 Note e.
794 2051 1251 2095 L. 8 C. de leg. (1. 14.).
783 2099 1229 2145 L. 9 C. de leg. (1. 14.).
790 2151 1252 2196 L. 1 § 1 de const. princ.
678 2203 1253 2247 (1. 4.) „Quodcunque igitur
680 2252 1253 2296 Imp.... vel cognoscens decre-
681 2303 1254 2346 vit, vel de plano interlocutus
679 2354 1181 2397 est … legem esse constat.”
