1600 2656
290 265 1481 341 konnte . Der Name in factum erklärt ſich aus der
296 360 1482 416 ausführlichen Erzählung der Thatſachen, wodurch dieſe
290 443 1481 496 Art der Klagen mit den formulae in factum conceptae
292 513 1481 593 Ähnlichkeit hatte, und zwar insbeſondere mit denjenigen
292 583 1481 658 unter ihnen, welche nicht ſchon im Edict ſpeciell aufgeſtellt
289 685 1477 739 waren, ſondern für das Bedürfniß vorkommender Fälle
287 764 924 822 jedesmal neu erfunden wurden.
358 846 1479 898 Hierauf folgte nun die auch bey vielen anderen Kla-
289 927 1474 981 gen übliche, ganz unbeſtimmte, Intentio in jus concepta:
292 1010 1475 1060 Quidquid eum ob eam rem dare facere oportet. Von
288 1087 1474 1142 ihr führt die Klage in ſehr vielen Stellen bald den Na-
283 1171 1471 1222 men incerti actio, (wegen des unbeſtimmten Quidquid),
285 1250 1475 1302 bald civilis (wegen der juris civilis oder in jus Intentio),
286 1331 1475 1384 bald beide Namen vereinigt ; einmal ſogar geradezu
291 1400 1473 1463 den Namen: civilis intentio incerti , welche Bezeichnung
288 1483 1473 1544 allein ſchon hinreicht, um jeden Zweifel über die Natur
282 1570 1475 1626 dieſer Formel zu beſeitigen. Ja auch ſchon der Name
284 1654 1476 1715 incerti actio würde keinen Sinn haben, wenn man jene
283 1734 1470 1795 Klage für eine formula in factum concepta halten wollte,
244 156 334 213 98
457 178 1313 224 Buch II. Rechtsverhältniſſe. Kap. IV. Verletzung.
398 1834 852 1877 Dieſes iſt richtig bemerkt
281 1884 780 1927 von Haſſe a. a. O., S. 44.
399 1935 855 1978 Civilis, ſ. o. Note k. —
284 1985 858 2031 Incerti. L. 8 L. 9 pr. de prae-
282 2036 856 2081 scr. verb. (19. 5), L. 19 § 2 de
276 2087 852 2131 prec. (43. 26), L. 9 C. de don.
278 2138 854 2181 (8. 54.). — Civilis incerti oder
278 2187 855 2234 incerta. L. 7 § 2 de pactis
280 2238 853 2283 (2. 14), L. 16 de praescr. verb.
277 2288 854 2335 (19. 5), L. 23 comm. div. (10. 3),
279 2338 854 2386 L. 6 C. de rer. perm. (4. 64.). —
282 2389 902 2438 In der angeführten L. 19 § 2 de
900 1834 1474 1877 prec. ließt die Florentina: incerti
904 1884 1471 1927 condictione, ohne Zweifel unrich-
904 1934 1473 1980 tig; die richtige Bononienſis: in-
906 1986 1471 2028 certa actione ſteht im Cod.
903 2036 1471 2079 Rehd., in meiner Handſchrift, und
902 2087 1470 2132 in den Ausgaben: Rom. 1476.
900 2137 1472 2174 Norimb. 1483. Venet. 1483. Ve-
900 2190 1072 2224 net. 1485.
1023 2239 1471 2285 L. 6 pr. de praescr. ver-
901 2291 1470 2335 bis (19. 5) „civili intentione in-
901 2343 1012 2376 certi.”
