1600 2652
148 290 1345 345 trug als Werkzeug gebraucht . Dagegen würde es ganz
150 370 1346 425 unrichtig ſeyn, hierin den Unterſchied zwiſchen culpoſen
149 450 1348 503 und doloſen Delicten als entſcheidend anzuſehen, ſo daß
152 531 1350 586 der Unmündige früher zu jenen als zu dieſen für fähig
159 593 1356 667 zu halten wäre . — Dieſe Grundſätze werden nun in
162 692 1291 745 vielen Delicten mit großer Conſequenz durchgeführt . —
160 772 1358 826 Ganz dieſelben Grundſätze aber gelten auch bey ſolchen
155 853 1356 907 Obligationen, deren erſte Entſtehung nicht in einem De-
158 933 1356 986 lict, ſondern in einem Vertrag u. ſ. w., enthalten iſt, wo-
158 1013 1359 1068 bey aber die einzelne Anwendung der Klage auf einen
1293 182 1345 223 43
288 163 1153 234 §. 108. Altersſtufen. Infantes. (Fortſetzung).
270 1126 732 1169 L. 13 § 1 L. 14 de dolo (4.
162 1176 737 1218 3.). Die erſte Stelle ſagt, auch die
163 1227 742 1269 doli actio könne gegen den pro-
162 1276 744 1320 ximus pubertati gehen; dieſes
163 1326 746 1370 führt die zweyte Stelle weiter aus
166 1377 746 1419 in folgenden Worten: Quid enim
170 1428 747 1469 si impetraverit a procuratore
173 1477 740 1520 petitoris ut absolveretur … vel
172 1526 737 1568 alia similia admisit, quae non
169 1578 738 1618 magnam machinationem exi-
168 1627 741 1670 gunt?” Noch deutlicher tritt
167 1678 741 1720 dieſe Anſicht bey der Frage wegen
166 1728 744 1772 der Zurechnung mancher öffentli-
166 1779 742 1823 chen Verbrechen hervor, von wel-
167 1828 742 1874 chen ſogleich die Rede ſeyn wird.
166 1884 335 1927 (Note k).
278 1930 741 1973 Dieſen Unterſchied behaup-
166 1983 740 2026 tet Gensler (§ 107. n), ohne
166 2033 738 2078 Zweifel weil bey mehreren dolo-
167 2085 740 2132 ſen Delicten der proximus pu-
170 2134 742 2178 bertati ausgedrückt wird, bey cul-
173 2186 744 2230 poſen (die aber überhaupt nur
178 2233 745 2279 ſelten vorkommen) nicht, wie in
181 2285 746 2330 L. 5 § 2 ad L. Aquil. (9. 2.),
177 2333 748 2379 L. 23 de furtis (47. 2.). Allein
176 2384 762 2426 in eben ſo vielen Stellen wird
784 1124 1362 1167 auch dort nur der doli capax
786 1173 1365 1217 erwähnt, gerade ſo wie hier nur
791 1223 1368 1267 der culpae capax. Ja in L. 23
795 1272 1367 1315 cit. werden beide mit völlig gleich-
796 1323 1369 1366 artigen Ausdrücken unmittelbar
798 1373 1369 1416 neben einander genannt. — Sieht
796 1424 1366 1465 man auf das Weſen der Sache,
792 1474 1364 1516 ſo iſt es wohl einleuchtend, daß
789 1523 1364 1566 man einem Knaben meiſt früher
788 1574 1362 1617 einen Diebſtahl wird zurechnen
790 1624 1366 1667 können, als die Unvorſichtigkeit
789 1674 1364 1716 woraus gegen einen Erwachſenen
791 1725 1366 1768 unfehlbar die actio legis Aqui-
792 1777 1161 1817 liae entſtehen würde.
905 1826 1367 1866 So bey furtum, damnum
791 1877 1368 1924 injuria datum, und injuria. § 18
791 1926 1364 1970 (al. 20.) J. de oblig. ex del. (4.
791 1976 1367 2020 1.), L. 23 de furtis (47. 2.), L. 5
791 2028 1365 2071 § 2 ad L. Aquil. (9. 2.), L. 111
788 2078 1365 2122 pr. de R. J. (50. 17.), L. 3 § 4
795 2122 1368 2172 de injur. (47. 10.). — Bey vi
797 2180 1369 2223 bonorum raptorum. L. 2 § 19
795 2231 1369 2274 vi bon. rapt. (47.8.). — Bey se-
794 2281 1371 2325 pulchrum violatum. L. 3 § 1
794 2330 1373 2375 de sep. viol. (47. 12.). — Bey
795 2379 1370 2426 dolus. L. 13 § 1 L. 14 de dolo
