1600 2682
240 276 1450 335 ferner beziehen auf Eigenthum oder auf jura in re. Die
241 358 1451 414 Schenkung durch übertragenes Eigenthum iſt ſo ſehr
242 428 1450 496 die häufigſte und wichtigſte, daß deshalb nicht ſelten die
248 521 1452 576 Schenkung im Allgemeinen als eine Art der Eigenthums-
248 601 1451 665 übertragung aufgefaßt worden iſt (§ 142. a). Die Form,
248 682 1445 738 wodurch Eigenthum übertragen wird, iſt im Juſtiniani-
247 759 1446 819 ſchen Recht ganz einfach die Tradition, ohne Unterſchied
244 834 1448 895 der Zwecke, wofür die Übertragung geſchieht . So iſt
241 924 1446 977 alſo zunächſt von der Schenkung durch Tradition zu
241 1005 1450 1058 handeln. In dieſer zeigt ſich die Schenkung in ihrer po-
243 1085 1447 1139 ſitiven Natur dadurch wirkſam, daß ſie als justa causa
244 1158 1446 1219 der Tradition dient, und ſo den wirklichen Übergang des
245 1247 1444 1314 Eigenthums vermittelt . Natürlich nur unter der Vor-
242 1327 1444 1381 ausſetzung, daß der Geber ſelbſt das Eigenthum hat;
242 1408 1444 1462 welche Folgen eintreten, wenn es ihm fehlt, ſoll weiter
244 1489 964 1539 unten beſonders dargeſtellt werden.
323 1564 1442 1619 Die Tradition erſcheint hier in allen verſchiedenen Ge-
243 1648 1447 1701 ſtalten, die ſie überhaupt anzunehmen fähig iſt. Unter
241 1727 1446 1779 andern alſo durch Mittelsperſonen . Ferner ſo, daß
239 1790 1443 1860 der Beſchenkte die Sache, die er ſchon inne hat, nur be-
240 186 303 220 106
325 174 1454 234 Buch II. Rechtsverhältniſſe. Kap. III. Entſtehung und Untergang.
354 1929 820 1970 Im älteren Recht gab es
238 1973 821 2022 überhaupt drey Formen zur Über-
238 2029 821 2078 tragung des Eigenthums: man-
242 2076 818 2124 cipatio, in jure cessio, tradi-
243 2127 818 2179 tio. Dieſe kamen daher auch bey
247 2177 816 2221 der Schenkung vor, ja für viele
248 2228 815 2273 Fälle waren ſogar die feyerliche-
249 2278 815 2329 ren Formen nothwendig. Hierin
246 2327 817 2372 iſt alſo der Rechtszuſtand viel ein-
243 2378 534 2421 facher geworden.
983 1928 1444 1972 § 40 J. de rer. div. (2. 1.).
985 2029 1442 2069 L. 4. 6. 10. de don. (39.
868 2079 1443 2123 5.) Dahin gehört auch der ſchon
868 2128 1446 2171 oben angeführte Fall, da ich die
866 2180 1446 2222 Schenkung durch Auftrag an Den-
864 2228 1445 2273 jenigen vollziehe, welcher mir die
855 2278 1444 2323 Sache ſchenken oder als Verkäu-
867 2329 1395 2373 fer tradiren wollte (§ 148. a).
