1600 2664
144 299 1340 360 jährung gemacht, deren Natur jedoch zur Begründung
147 374 1342 431 einer allgemeinen Rechtsregel gar nicht paßt. Auch würde
149 458 1340 510 die Vorſchrift, ſo aufgefaßt, doch keine beſtimmte Anwen-
144 539 1340 591 dung geſtatten, da es Verjährungen von ſehr verſchiede-
144 617 1343 672 ner Dauer giebt, hier aber keine beſtimmte Zeit angegeben
144 682 1340 750 iſt. Sehr wahrſcheinlich ſoll daher dieſer Ausdruck, über-
150 777 1343 830 einſtimmend mit dem Römiſchen Recht, nur überhaupt
151 856 1346 910 eine lange Dauer bezeichnen, und alſo legitime praescripta
151 933 1290 989 hier ſo viel heißen als longa oder diuturna.
223 1015 1342 1069 Endlich erwähnen auch mehrere Reichsgeſetze des Ge-
144 1095 1340 1146 wohnheitsrechts, aber nur indem ſie überhaupt die Richter
144 1175 1340 1229 zu ſeiner Befolgung anweiſen, ohne deſſen Bedingungen
145 1255 951 1307 oder Wirkung näher zu beſtimmen .
689 1417 812 1466 §. 26.
148 1489 1344 1539 Ausſprüche der Römer über das wiſſenſchaftliche Recht.
225 1574 1344 1627 Von früher Zeit her wird das Anſehen der Rechts-
145 1642 1341 1706 kundigen, und der Einfluß derſelben auf die Fortbildung
142 1732 1339 1785 des Rechts durch Sitte, bezeugt . Daß dieſer Einfluß
1273 201 1345 242 155
147 181 1229 241 §. 26. Ausſprüche der Römer über das wiſſenſchaftliche Recht.
146 1823 715 1863 C. 11. X. de consuet. Jene
141 1872 715 1915 erſte Meynung hat von ihm an-
141 1923 715 1967 genommen Glück I § 86 Num.
143 1973 717 2016 V. — Eichhorn Kirchenrecht
146 2022 715 2066 S. 42. 43. will jene Stellen nicht
150 2073 715 2117 von einem eigentlichen Gewohn-
149 2122 716 2166 heitsrecht verſtanden wiſſen, ſon-
148 2174 715 2216 dern von einer Obſervanz, d. h.
147 2223 719 2266 einem ſtillſchweigenden Statut,
147 2273 719 2317 inſofern daraus dritte Perſonen
144 2324 719 2367 Rechte herleiten wollen (§ 20. f.).
148 2375 720 2418 Es mag ſeyn, daß die Rück-
764 1821 1336 1863 ſicht auf ſolche Fälle Veranlaſ-
764 1870 1338 1913 ſung zu jenen Ausſprüchen ge-
767 1920 1336 1963 geben hat. Allein daß dieſe all-
764 1970 1338 2014 gemein gefaßt ſind, giebt er
765 2022 1337 2064 ſelbſt zu, und ſo mag doch wohl
762 2072 1338 2113 dem ungenauen Ausdruck auch
761 2121 1341 2170 ein unklarer Gedanke zum Grunde
762 2172 1007 2214 gelegen haben.
894 2223 1335 2257 C. C. C. art. 104. — Conc
767 2272 1344 2315 ord. cam. Tit. 19 provem. Tit.
767 2322 1243 2365 71, Rec. Imp. nov. § 105.
869 2372 1342 2416 L. 2 § 5 de orig. jur. (1. 2.).
