1600 2682
240 142 1116 196 §. 143. Schenkung. Einleitung. (Fortſetzung.)
71 249 1293 307 eines Rechts, ſey es Eigenthum oder Schuldforderung,
74 331 1293 394 welcher unentgeldlich, alſo ohne eigene Aufopferung, ge-
73 405 1294 473 ſchieht, ſo daß der Schuldner ſchon durch die Natur die-
76 494 1298 553 ſes Erwerbs  reicher wird, heißt lucrativa causa .
63 571 1300 633 Die Neueren pflegen, im Gegenſatz derſelben, die Erwer-
75 659 1300 719 bungen, welche nicht unentgeldlich geſchehen, als onerosa
76 741 1297 800 causa zu bezeichnen, aber nicht richtig, da onerosum bey
81 824 1300 879 den Römiſchen Schriftſtellern nur das Läſtige, Unbequeme
77 905 1300 963 bezeichnet, welcher Begriff von jenem ſehr verſchieden
76 987 1299 1044 iſt . — Daher iſt denn in jeder Schenkung zugleich eine
79 1069 1302 1123 lucrativa causa enthalten, aber nicht umgekehrt, indem es
78 1152 1304 1209 dabey ſehr oft an einer Perſon welche ſchenkt, alſo auch
79 1234 1302 1289 an der Abſicht zu ſchenken, gänzlich fehlt. In unſren
79 1318 1302 1374 Rechtsquellen wird als lucrativa causa, außer der Schen-
1249 148 1291 184 11
201 1417 665 1464 Nämlich auch durch einen
87 1469 672 1516 wohlfeilen Kauf wird allerdings
83 1521 678 1564 der Käufer reicher, da es aber
83 1571 675 1618 nicht in der allgemeinen Natur
83 1623 673 1667 des Geſchäfts, ſondern in den zu-
85 1675 670 1720 fälligen Umſtänden des einzelnen
88 1725 666 1771 Falles liegt, ſo wird deshalb nie-
82 1777 666 1820 mals der vortheilhafte Kauf eine
82 1831 540 1871 Iucrativa causa genannt.
204 1878 666 1923 So bey erworbenem Ei-
80 1931 672 1976 genthum: L. 13 § 5 de act. emti
79 1982 671 2029 (19. 1.), L. 4 § 29. 31 de doli
79 2034 667 2079 exc. (44. 4.), L. 7 § 3 de public.
81 2086 668 2130 (6. 2.) — Bey Obligationen: L. 17.
83 2138 668 2180 19 de O. et A. (44. 7.), L. 108
85 2190 667 2232 § 4 de leg. 1 (30. un.). — Es
94 2239 666 2283 heißt auch lucrativa adquisitio,
86 2291 665 2334 ja ſelbſt lucrativa res. L. 4 § 31
83 2341 664 2386 de doli exc. (44. 4.), Paulus V.
82 2391 657 2438 11 § 5. — Eine nicht hierher ge-
717 1418 1304 1463 hörende Nebenbedeutung von lu-
723 1470 1304 1510 crativa causa, oder lucrifaciendi
730 1522 1308 1565 causa possidere u. ſ. w. iſt die
724 1571 1310 1616 der unredlichen Gewinnſucht. So
723 1621 1312 1667 bey dem Diebſtahl. L. 1 § 3 L. 54
719 1671 1308 1717 § 1 de furtis (47. 2.). Eben ſo
719 1725 1304 1768 bey der alten pro herede usu-
718 1776 1304 1821 capio. Gajus II. § 56. 57. L. 2
717 1827 1304 1872 § 1 pro her. (41. 5.), L. 5. L. 33
717 1878 1139 1924 § 1 de usurp. (41. 3.).
760 1931 1302 1973 Brissonius v. Onerosus.
720 1981 1304 2030 Wer eine Sache, die ihm unbrauch-
718 2033 1306 2077 bar iſt, theuer verkauft, wird dar-
718 2086 1305 2128 über ſehr vergnügt ſeyn, und kein
719 2137 1306 2181 Römer würde ſein Geſchäft ein
720 2190 1308 2233 onerosum negotium nennen;
719 2240 1308 2284 nach dem Sprachgebrauch der
719 2290 1307 2334 Neueren iſt es allerdings ein ſol-
717 2342 1300 2387 ches, weil er doch das Eigenthum
718 2394 1079 2439 der Sache weggiebt.
