1600 2652
291 153 1085 218 §. 120. Bedingung. Regelmäßige Wirkung.
100 252 1286 328 meinen kann dieſe Frage bejaht werden , jedoch ſind
103 340 987 410 dabey manche Beſchränkungen zu bemerken.
179 410 1291 490 1) Iſt eine Sache bedingungsweiſe tradirt, ſo bleibt
108 482 1295 571 ſie einſtweilen im Eigenthum des Schuldners, der ſie alſo
112 573 1302 650 auch ferner verpfänden oder mit Servituten beſchweren
115 649 1302 722 kann. Sobald aber die Bedingung erfüllt wird, ſind alle
116 729 1303 808 dieſe Veräußerungen der Zwiſchenzeit vernichtet. Eben ſo
117 810 1304 883 wird die Priorität eines bedingungsweiſe gegebenen Pfand-
116 891 1304 968 rechts nicht nach der Zeit der Erfüllung, ſondern nach der
117 967 1304 1047 Zeit des Pfandvertrags, beſtimmt . — Dieſes leidet je-
118 1050 1303 1127 doch eine Ausnahme, wenn die Erfüllung der Bedingung
120 1130 1308 1201 in einer von der Willkühr des Schuldners abhängenden
120 1206 1334 1291 Handlung beſteht ; und zwar nicht als ob dieſes keine
1214 149 1287 190 151
236 1351 698 1406 Vgl. im Allgemeinen: W.
126 1403 703 1453 Sell über bedingte Traditionen
128 1452 702 1509 Zürich 1839 S. 100 fg. Man
132 1502 696 1549 kann Das ſo ausdrücken: retro-
131 1549 693 1601 trahitur impleta conditio ad
130 1600 694 1648 conventionis diem. Zwar kommt
132 1648 695 1699 der Ausdruck in dieſer Verbin-
136 1701 696 1754 dung nicht vor; aber bey der Ra-
133 1750 696 1806 tihabition eines in fremdem Na-
131 1803 700 1853 men geſchloſſenen Vertrags ge-
132 1850 701 1903 braucht ihn Juſtinian in der That,
132 1899 699 1955 und ganz in demſelben Sinn. L. 7
133 1951 702 2002 C. ad Sc. Maced. (4. 28.). Eben
132 1998 702 2055 ſo ſagt Marcian in L. 15 pr. de
136 2053 703 2100 reb. dubiis (34. 5.) „ex post
141 2099 706 2152 facto retro ducitur,” von einer
151 2153 710 2205 legirten Sache, die der Erbe ver-
152 2201 708 2254 äußert, wenn ſpäterhin der Le-
152 2255 710 2304 gatar das Legat entweder an-
149 2299 711 2349 nimmt oder ausſchlägt. Eben ſo
144 2348 713 2402 Ulpian in L. 17 § 1 L. 35 ad
754 1334 1318 1389 L. Aquil. (9. 2.) „retro adcre-
750 1385 1318 1432 visse dominium.” — In L. 11
747 1435 1317 1494 § 2. 9 de don. int. vir. (24. 1.)
745 1484 1312 1538 ſteht retro agi, in L. 40 de m.
743 1533 1314 1586 c. don. (39. 6.) reducitur, in
743 1586 1313 1629 L. 25 C. de don. int. vir. (5.
745 1635 1315 1689 16.) referatur und reduci. Vgl.
745 1686 1317 1735 über dieſe letzte Stellen, und über
746 1734 1321 1788 ihre Verbindung mit der Lehre
747 1786 1276 1833 von den Bedingungen, § 170.
860 1834 1323 1884 L. 8 pr. de peric. (18. 6.),
750 1884 1322 1937 L. 9 § 1 L. 11 § 1 qui pot. (20.
752 1933 1323 1990 4.). Sell bedingte Traditionen
755 1993 947 2033 S. 157 fg.
875 2035 1323 2082 L. 16 § 7 de pign. (20.
758 2085 1324 2139 1.), L. 4 quae res pign. (20. 3.),
761 2137 1325 2187 L. 9 § 1 L. 11 pr. § 2 qui pot.
760 2184 1328 2239 (20. 4.). So z. B. bey einer Ver-
762 2235 1331 2288 pfändung unter der Bedingung,
765 2285 1334 2338 daß der Schuldner ein Darlehen
762 2330 1335 2387 empfangen, oder daß er Mobi-
