1600 2656
371 248 1483 313 Übrigens finden ſich als utiles actiones ſowohl Kla-
296 338 1482 393 gen in personam, als in rem, ſowohl Pönalklagen, als
295 401 1481 474 ſolche die blos das Vermögen nach beiden Seiten hin un-
300 499 804 549 verändert erhalten ſollen.
369 578 1479 635 Verſchieden von den Fictionsklagen, die noch im neue-
294 661 1475 709 ſten Recht unter dem Namen von utiles actiones vorkom-
292 742 1477 796 men, waren diejenigen, die auf der Fiction einer alten Legis
288 822 1478 874 actio beruhten, und von welchen im neueſten Recht jede
291 902 851 953 Spur verſchwunden iſt .
359 1063 1472 1117 Bey Gajus kommt der Ausdruck incerta formula vor,
285 1144 1468 1197 welcher auf eine entgegengeſezte certa formula hindeu-
282 1224 1470 1278 tet , und es iſt für die folgende Unterſuchung nicht un-
284 1305 1469 1359 wichtig, den hierin zum Grunde liegenden Gegenſatz genau
284 1386 509 1436 feſtzuſtellen.
354 1452 1466 1518 Betrachten wir zuerſt die Intentio, ſo werden wir die-
280 1548 1466 1608 ſelbe certa nennen müſſen, wenn die Behauptung des Klä-
300 157 342 192 74
463 156 1324 204 Buch II. Rechtsverhältniſſe. Kap. IV. Verletzung.
283 1648 855 1692 einer Fiction gar nicht gebraucht
281 1699 847 1743 wird; der Zweck wird vielmehr da-
281 1748 828 1793 durch erreicht, daß dem gewöhnli-
279 1799 843 1844 chen Ausdruck: quod .. possides,
274 1845 844 1893 noch hinzugefügt wird: quodque
274 1900 847 1944 uteris frueris. — Eben ſo ſind
273 1951 850 1996 auch die exceptiones utiles nicht
273 2003 849 2046 etwa fictitiae, ſondern erweiterte,
274 2054 847 2099 ausgedehnte Exceptionen. Vgl.
272 2106 429 2150 § 227. d.
404 2154 847 2200 Gajus IV. § 10. 32. 33.
269 2206 848 2250 Die Erwähnung dieſer Form von
269 2257 849 2302 Klagen veranlaßt ihn, die ganze
270 2302 847 2350 Lehre der alten Legis actiones
272 2356 667 2403 § 11—31. abzuhandeln.
942 1648 1468 1692 Gajus IV. § 54. — Wo
897 1698 1463 1742 in unſren Juſtinianiſchen Rechts-
892 1749 1465 1791 büchern die Ausdrücke incerti
892 1800 1467 1841 agere, incerti actio, incerta
896 1850 1465 1891 actio, incertum judicium vor-
897 1901 1467 1945 kommen, da gehen dieſelben meiſt
898 1951 1465 1996 beſtimmt auf die actio praescri-
895 2002 1463 2047 ptis verbis, welche incerta In-
894 2053 1463 2097 tentio und Condemnatio hatte.
892 2103 1463 2149 L. 8 L. 9 L. 16 de praescr.
893 2154 1464 2200 verbis (19. 5), L. 7 § 2 de pa-
893 2205 1471 2250 ctis (2. 14), L. 23 comm. div.
892 2255 1462 2300 (10. 3), L. 6 C. de rer. perm.
892 2304 1461 2351 (4. 64), L. 9 C. de don. (8. 54.).
