1600 2664
76 315 1298 374 ſchiedenen, aber verwandten Bedeutungen hat nicht ſelten
78 399 831 452 bedeutende Irrthümer veranlaßt .
158 480 1293 533 Ein zweyter Gegenſatz bezieht ſich auf die verſchiedene
76 560 1289 614 Herkunft der Rechtsregeln, je nachdem dieſelben entſprun-
75 641 1292 701 gen ſind auf dem reinen Rechtsgebiet (ſey dieſes jus oder
78 722 1292 775 aequitas), oder aber auf einem fremdartigen Gebiet (§ 15).
82 802 1292 852 Indem dieſe letzten als fremde Elemente in das Recht ein-
83 881 1294 934 greifen, werden deſſen reine Grundſätze durch ſie modifi-
83 963 1296 1015 cirt, und inſofern gehen ſie contra rationem juris . Ich
76 1043 1296 1093 nenne ſie daher anomaliſche, die Römer nennen ſie
73 1122 1289 1173 Jus singulare, und ſetzen ihren Entſtehungsgrund in die
74 1203 1287 1254 von dem Recht verſchiedene utilitas oder necessitas .
142 217 1232 262 §. 16. Abſolutes u. vermittelndes, regelmäß. u. anomal. Recht.
1252 221 1298 255 61
205 1300 655 1345 Großentheils hieraus iſt
73 1353 654 1394 entſtanden das Werk von Bur-
75 1403 657 1445 chardi: Grundzüge des Rechts-
78 1453 661 1494 ſyſtems der Römer aus ihren Be-
83 1502 665 1545 griffen von öffentlichem und Pri-
81 1551 662 1592 vatrecht entwickelt, Bonn 1822.
81 1603 659 1645 Er betrachtet das ganze Perſo-
81 1653 653 1696 nenrecht als jus publicum, das
77 1702 650 1744 Sachenrecht als jus privatum,
73 1752 648 1793 das Actionenrecht als aus beiden
73 1804 651 1846 gemiſcht. Ich halte den Grund-
73 1853 652 1896 gedanken für unrichtig, deſſen
71 1905 653 1948 ſcharfſinnige Durchführung aber
69 1955 652 1997 macht das Buch dennoch lehrreich.
193 2006 651 2048 L. 14. 15. 16 de leg. (1.
70 2057 647 2099 3.), L. 141 pr. de R. J. (50.
76 2106 649 2148 17.). — Im Weſentlichen iſt die-
76 2156 650 2199 ſes dieſelbe Grundanſicht, welche
73 2206 651 2250 ſchon von Thibaut dargeſtellt
70 2257 472 2297 iſt, Verſuche H. N. 13.
111 2307 653 2351 L. 16 de leg. (1. 3.) „Jus
66 2359 656 2400 singulare est quod contra te-
63 2410 653 2453 norem rationis propter aliquam
703 1302 1289 1335 utilitatem auctoritate consti-
702 1353 1286 1388 tuentium introductum est.”
708 1400 1291 1444 Der Name jus singulare ſteht
710 1452 1292 1495 auch in L. 23 § 3 de fid. lib.
715 1502 1289 1546 (40. 5.). L. 23. §. 1. L. 44 § 1
712 1550 1291 1595 de adqu. poss. (41. 2.). L. 44
706 1603 1289 1646 § 3 de usurp. (41. 3.). L. 15 de
702 1653 1291 1696 reb. cred. (12. 1.) („Singularia
702 1704 1287 1746 quaedam recepta”). — Utilitas
700 1753 1284 1798 (vgl. oben § 15) als ihr Entſte-
703 1804 1282 1847 hungsgrund auch in L. 44 § 1
703 1856 1286 1898 cit. L. 2 § 16 pro emt. (41. 4.).
704 1905 1280 1949 — Necessitas (von utilitas im
705 1955 1283 1998 Weſen nicht verſchieden) in L.
705 2007 1283 2049 162 de R. J. (50. 17.). — Es
701 2058 1284 2099 heißt zuweilen benigne receptum
700 2107 1285 2151 L. 34 pr. mandati (17. 1.). Vgl.
698 2158 1285 2200 Brissonius v. benigne und be-
699 2210 1284 2253 nignus. — In mehreren ande-
702 2259 1288 2301 ren Stellen heißt dieſes ſingu-
704 2310 1288 2352 läre, rein poſitive Recht jus con-
704 2357 1286 2404 stitutum, alſo ohne Beziehung
702 2408 1282 2454 auf Kaiſerconſtitutionen als Ent-
