1600 2656
274 152 1123 219 §. 216. In jus, in factum conceptae formulae.
109 266 1298 336 durch den Ausdruck in rem bezeichnet wird (§ 208. a),
109 346 1297 415 nicht die Beziehung auf eine beſtimmte Sache; dieſe
107 427 1297 496 Beziehung iſt gar nicht allgemein und nothwendig, denn
109 502 1300 579 es kam nur darauf an, daß nicht der Beklagte als ein zu
107 590 1156 653 condemnirender Schuldner ausgedrückt wurde .
182 669 1296 738 Hieraus erklärt ſich zugleich, auf eine dem alten For-
119 750 1296 820 mularprozeß eigenthümliche Weiſe, die bey den Theilungs-
119 830 1299 897 klagen übliche Benennung: mixtae actiones (§ 209). Die
112 912 1301 975 formula derſelben war nämlich, mehr als bey anderen
106 989 1303 1057 Klagen, zuſammengeſetzt. Sie hatte einen rein perſönli-
110 1070 1300 1135 chen, auf Obligationen gerichteten, Beſtandtheil, mit dare
110 1138 1298 1218 facere oportere ex fide bona; daneben aber noch einen
112 1231 1294 1296 anderen Theil, adjudicatio genannt, welcher ſo lautete:
106 1316 1293 1380 Quantum adjudicari oportet, judex Titio adjudicato .
103 1391 1292 1463 Dieſer Theil war unperſönlich gefaßt, mithin in rem ;
108 1473 1295 1539 und ſo mußte man ſagen, die Formelfaſſung dieſer Kla-
114 1552 1293 1623 gen ſey zuſammengeſetzt aus in rem und in personam .
188 1632 1296 1705 Ganz unrichtig aber würde es ſeyn, dieſe Bemerkung
106 1706 1297 1779 dahin wenden zu wollen, als wäre der Unterſchied der in
101 1798 1292 1870 personam und in rem actiones aus jener Formelfaſſung
1251 180 1300 219 89
217 1915 669 1956 Gajus IV. 87. „cum in rem
100 1964 671 2006 agitur, nihil in intentione facit
102 2015 670 2062 ejus persona, cum quo agitur
123 2068 668 2111 … tantum enim intenditur, rem
99 2116 667 2164 actoris esse. Die erſte (negative)
98 2167 667 2214 Hälfte des Satzes beſtätigt das
98 2216 666 2265 hier Geſagte, die zweyte (poſitive)
100 2267 665 2317 iſt nur Beyſpiel, und widerſpricht
102 2316 628 2366 daher meiner Behauptung nicht.
228 2368 494 2411 Gajus IV. § 42.
834 1925 1286 1974 S. o. § 208. a, und § 216. v.
833 1977 1288 2026 So iſt zu verſtehen folgende
721 2023 1291 2076 Stelle, die wir wohl nicht mehr in
720 2074 1292 2125 ihrer urſprünglichen Geſtalt beſitzen
719 2125 1289 2173 mögen: L. 22 § 4 fam. herc.
720 2175 1288 2218 (10. 2.) „Familiae erciscundae
713 2225 1285 2273 judicium ex duobus constat, id
718 2277 1283 2324 est rebus atque praestationibus,
718 2331 1283 2371 quae sunt personales actiones.”
