<?xml version="1.0" encoding="UTF-8"?>
<PcGts xmlns="http://schema.primaresearch.org/PAGE/gts/pagecontent/2019-07-15" xmlns:xsi="http://www.w3.org/2001/XMLSchema-instance" xsi:schemaLocation="http://schema.primaresearch.org/PAGE/gts/pagecontent/2019-07-15 http://schema.primaresearch.org/PAGE/gts/pagecontent/2019-07-15/pagecontent.xsd">
<Metadata>
<Creator>regJS2PAGE.py</Creator>
<Created>2021-02-16T10:57:32.909613</Created>
<LastChange>2021-02-16T10:57:32.909613</LastChange>
</Metadata>
<Page imageFilename="tmp/savigny_system03_1840_0117.png" imageWidth="1600" imageHeight="2652">
<TextRegion id="block_0" custom="structure {type:header;}">
<Coords points="510,194 510,241 1055,241 1055,194 510,194"/>
<TextLine id="line_0">
<Coords points="510,194 540,194 564,196 634,196 675,196 792,196 814,197 874,197 890,197 1055,197 1055,241 890,241 874,232 814,232 792,238 675,238 634,232 564,232 540,237 510,237 510,194"/>
<Baseline points="510,237 540,237 564,232 634,232 675,238 792,238 814,232 874,232 890,241 1055,241"/>
<TextEquiv><Unicode>§. 114. Zwang und Irrthum.</Unicode></TextEquiv>
</TextLine>

</TextRegion>
<TextRegion id="block_1" custom="structure {type:body;}">
<Coords points="260,296 260,355 260,365 188,365 188,434 184,456 184,508 184,535 256,535 256,588 256,607 186,607 186,679 189,697 189,751 189,763 189,833 186,856 186,910 182,924 182,993 182,1017 182,1072 182,1097 182,1152 186,1168 186,1234 183,1256 183,1310 1387,1310 1387,1256 1384,1234 1384,1168 1382,1152 1382,1097 1378,1072 1378,1017 1379,993 1379,924 1381,910 1381,856 1383,833 1383,763 1383,751 1383,697 1382,679 1382,607 1381,588 1381,535 746,535 746,508 746,456 1373,456 1373,434 1373,365 1374,355 1374,296 260,296"/>
<TextLine id="line_1">
<Coords points="260,296 330,296 345,296 603,296 620,299 716,299 740,304 845,304 861,300 1012,300 1035,300 1135,300 1154,304 1214,304 1233,303 1374,303 1374,355 1233,355 1214,344 1154,344 1135,343 1035,343 1012,348 861,348 845,340 740,340 716,348 620,348 603,349 345,349 330,339 260,339 260,296"/>
<Baseline points="260,339 330,339 345,349 603,349 620,348 716,348 740,340 845,340 861,348 1012,348 1035,343 1135,343 1154,344 1214,344 1233,355 1374,355"/>
<TextEquiv><Unicode>Die Bedingungen aber, unter welchen allein der Zwang</Unicode></TextEquiv>
</TextLine>

<TextLine id="line_2">
<Coords points="188,377 272,377 296,376 452,376 480,377 653,377 680,378 788,378 813,378 925,378 961,382 1034,382 1061,365 1164,365 1187,382 1259,382 1283,384 1373,384 1373,425 1283,425 1259,434 1187,434 1164,433 1061,433 1034,429 961,429 925,428 813,428 788,427 680,427 653,430 480,430 452,429 296,429 272,426 188,426 188,377"/>
<Baseline points="188,426 272,426 296,429 452,429 480,430 653,430 680,427 788,427 813,428 925,428 961,429 1034,429 1061,433 1164,433 1187,434 1259,434 1283,425 1373,425"/>
<TextEquiv><Unicode>dieſe wichtige Wirkung haben kann, ſind gleich hier voll-</Unicode></TextEquiv>
</TextLine>

<TextLine id="line_3">
<Coords points="184,456 314,456 338,456 535,456 558,467 600,467 623,456 746,456 746,504 623,504 600,508 558,508 535,507 338,507 314,508 184,508 184,456"/>
<Baseline points="184,508 314,508 338,507 535,507 558,508 600,508 623,504 746,504"/>
<TextEquiv><Unicode>ſtändig zuſammen zu ſtellen.</Unicode></TextEquiv>
</TextLine>

<TextLine id="line_4">
<Coords points="256,539 297,539 331,537 387,537 422,537 462,537 502,535 626,535 664,537 719,537 750,538 875,538 907,546 975,546 1007,539 1119,539 1152,542 1381,542 1381,587 1152,587 1119,581 1007,581 975,579 907,579 875,588 750,588 719,577 664,577 626,588 502,588 462,585 422,585 387,578 331,578 297,586 256,586 256,539"/>
<Baseline points="256,586 297,586 331,578 387,578 422,585 462,585 502,588 626,588 664,577 719,577 750,588 875,588 907,579 975,579 1007,581 1119,581 1152,587 1381,587"/>
<TextEquiv><Unicode>1) Es iſt noͤthig die Furcht vor einem bedeutenden</Unicode></TextEquiv>
</TextLine>

<TextLine id="line_5">
<Coords points="186,607 273,607 282,645 294,645 319,620 390,620 412,616 507,616 531,617 586,617 611,617 823,617 847,620 908,620 933,618 1083,618 1111,624 1198,624 1223,626 1286,626 1311,624 1382,624 1382,665 1311,665 1286,663 1223,663 1198,679 1111,679 1083,669 933,669 908,658 847,658 823,669 611,669 586,657 531,657 507,667 412,667 390,657 319,657 294,666 282,666 273,658 186,658 186,607"/>
<Baseline points="186,658 273,658 282,666 294,666 319,657 390,657 412,667 507,667 531,657 586,657 611,669 823,669 847,658 908,658 933,669 1083,669 1111,679 1198,679 1223,663 1286,663 1311,665 1382,665"/>
<TextEquiv><Unicode>Übel, das heißt die Bedrohung des Lebens, oder des Lei-</Unicode></TextEquiv>
</TextLine>

<TextLine id="line_6">
<Coords points="189,698 251,698 267,700 345,700 379,700 462,700 496,700 557,700 584,697 758,697 825,698 947,698 979,701 1067,701 1103,700 1172,700 1204,701 1241,701 1273,703 1383,703 1383,745 1273,745 1241,743 1204,743 1172,751 1103,751 1067,748 979,748 947,748 825,748 758,749 584,749 557,737 496,737 462,738 379,738 345,746 267,746 251,737 189,737 189,698"/>
<Baseline points="189,737 251,737 267,746 345,746 379,738 462,738 496,737 557,737 584,749 758,749 825,748 947,748 979,748 1067,748 1103,751 1172,751 1204,743 1241,743 1273,745 1383,745"/>
<TextEquiv><Unicode>bes , oder der Freyheit. Dieſes letzte gilt in einem</Unicode></TextEquiv>
</TextLine>

<TextLine id="line_7">
<Coords points="189,776 370,776 406,777 525,777 558,776 694,776 724,777 783,777 804,763 871,763 902,778 1056,778 1078,780 1291,780 1320,786 1383,786 1383,826 1320,826 1291,833 1078,833 1056,829 902,829 871,818 804,818 783,826 724,826 694,828 558,828 525,817 406,817 370,825 189,825 189,776"/>
<Baseline points="189,825 370,825 406,817 525,817 558,828 694,828 724,826 783,826 804,818 871,818 902,829 1056,829 1078,833 1291,833 1320,826 1383,826"/>
<TextEquiv><Unicode>doppelten Sinn: ſowohl für die factiſche Entziehung der</Unicode></TextEquiv>
</TextLine>

<TextLine id="line_8">
<Coords points="186,856 342,856 373,858 475,858 511,856 719,856 750,861 833,861 862,859 987,859 1002,862 1072,862 1106,862 1168,862 1201,863 1285,863 1320,862 1381,862 1381,910 1320,910 1285,910 1201,910 1168,901 1106,901 1072,909 1002,909 987,901 862,901 833,899 750,899 719,908 511,908 475,906 373,906 342,906 186,906 186,856"/>
<Baseline points="186,906 342,906 373,906 475,906 511,908 719,908 750,899 833,899 862,901 987,901 1002,909 1072,909 1106,901 1168,901 1201,910 1285,910 1320,910 1381,910"/>
<TextEquiv><Unicode>Freyheit durch Gefängniß oder Ketten , als auch für</Unicode></TextEquiv>
</TextLine>

<TextLine id="line_9">
<Coords points="182,938 245,938 271,937 462,937 488,924 748,924 761,940 843,940 875,948 978,948 1004,944 1098,944 1123,941 1177,941 1201,943 1379,943 1379,993 1201,993 1177,983 1123,983 1098,980 1004,980 978,981 875,981 843,988 761,988 748,985 488,985 462,986 271,986 245,976 182,976 182,938"/>
<Baseline points="182,976 245,976 271,986 462,986 488,985 748,985 761,988 843,988 875,981 978,981 1004,980 1098,980 1123,983 1177,983 1201,993 1379,993"/>
<TextEquiv><Unicode>den wirklichen Sklavenſtand , wenn etwa die Drohung</Unicode></TextEquiv>
</TextLine>

<TextLine id="line_10">
<Coords points="182,1017 317,1017 342,1017 440,1017 474,1017 545,1017 577,1020 771,1020 804,1022 841,1022 871,1023 1080,1023 1114,1023 1218,1023 1249,1022 1378,1022 1378,1065 1249,1065 1218,1072 1114,1072 1080,1059 871,1059 841,1058 804,1058 771,1058 577,1058 545,1057 474,1057 440,1069 342,1069 317,1064 182,1064 182,1017"/>
<Baseline points="182,1064 317,1064 342,1069 440,1069 474,1057 545,1057 577,1058 771,1058 804,1058 841,1058 871,1059 1080,1059 1114,1072 1218,1072 1249,1065 1378,1065"/>
<TextEquiv><Unicode>darauf geht, eine vindicatio in servitutem durch Unter-</Unicode></TextEquiv>
</TextLine>

<TextLine id="line_11">
<Coords points="182,1097 346,1097 379,1106 451,1106 485,1098 668,1098 706,1101 914,1101 947,1111 988,1111 1020,1103 1162,1103 1177,1105 1248,1105 1298,1105 1382,1105 1382,1143 1298,1143 1248,1152 1177,1152 1162,1150 1020,1150 988,1150 947,1150 914,1151 706,1151 668,1140 485,1140 451,1138 379,1138 346,1148 182,1148 182,1097"/>
<Baseline points="182,1148 346,1148 379,1138 451,1138 485,1140 668,1140 706,1151 914,1151 947,1150 988,1150 1020,1150 1162,1150 1177,1152 1248,1152 1298,1143 1382,1143"/>
<TextEquiv><Unicode>drückung von Urkunden verderblich zu machen , oder</Unicode></TextEquiv>
</TextLine>

<TextLine id="line_12">
<Coords points="186,1185 288,1185 312,1180 351,1180 377,1177 415,1177 445,1180 505,1180 530,1178 657,1178 684,1182 748,1182 771,1181 984,1181 1015,1182 1119,1182 1150,1184 1217,1184 1248,1168 1384,1168 1384,1234 1248,1234 1217,1222 1150,1222 1119,1231 1015,1231 984,1230 771,1230 748,1218 684,1218 657,1228 530,1228 505,1219 445,1219 415,1218 377,1218 351,1216 312,1216 288,1218 186,1218 186,1185"/>
<Baseline points="186,1218 288,1218 312,1216 351,1216 377,1218 415,1218 445,1219 505,1219 530,1228 657,1228 684,1218 748,1218 771,1230 984,1230 1015,1231 1119,1231 1150,1222 1217,1222 1248,1234 1384,1234"/>
<TextEquiv><Unicode>wenn es in der Macht des Drohenden ſteht, den Freyen</Unicode></TextEquiv>
</TextLine>

<TextLine id="line_13">
<Coords points="183,1256 219,1256 253,1257 348,1257 382,1258 547,1258 588,1269 628,1269 669,1262 897,1262 910,1263 992,1263 1061,1262 1118,1262 1156,1261 1247,1261 1278,1258 1387,1258 1387,1310 1278,1310 1247,1303 1156,1303 1118,1307 1061,1307 992,1310 910,1310 897,1302 669,1302 628,1309 588,1309 547,1300 382,1300 348,1298 253,1298 219,1297 183,1297 183,1256"/>
<Baseline points="183,1297 219,1297 253,1298 348,1298 382,1300 547,1300 588,1309 628,1309 669,1302 897,1302 910,1310 992,1310 1061,1307 1118,1307 1156,1303 1247,1303 1278,1310 1387,1310"/>
<TextEquiv><Unicode>in einen Sklaven zu verwandeln . In allen dieſen</Unicode></TextEquiv>
</TextLine>

</TextRegion>
<TextRegion id="block_2" custom="structure {type:pageNum;}">
<Coords points="1306,202 1306,237 1376,237 1376,202 1306,202"/>
<TextLine id="line_14">
<Coords points="1306,202 1376,202 1376,237 1306,237 1306,202"/>
<Baseline points="1306,237 1376,237"/>
<TextEquiv><Unicode>105</Unicode></TextEquiv>
</TextLine>

</TextRegion>
<TextRegion id="block_3" custom="structure {type:note;}">
<Coords points="185,1376 185,1421 189,1427 189,1471 189,1476 189,1518 190,1526 190,1570 186,1575 186,1619 189,1626 189,1670 186,1678 186,1721 184,1730 184,1773 180,1779 180,1821 180,1830 180,1873 180,1881 180,1924 178,1931 178,1976 162,1980 162,2026 182,2031 182,2073 182,2082 219,2082 219,2127 219,2130 186,2130 186,2177 190,2183 190,2228 192,2229 192,2277 189,2279 189,2327 183,2379 183,2426 562,2426 562,2379 597,2379 597,2327 597,2279 749,2279 749,2277 749,2229 751,2228 751,2183 750,2177 750,2130 753,2127 753,2082 713,2082 713,2073 713,2031 754,2031 754,2026 754,1980 752,1976 752,1931 752,1924 752,1881 753,1873 753,1830 753,1821 753,1779 753,1773 753,1730 753,1721 753,1678 751,1670 751,1626 747,1619 747,1575 752,1570 752,1526 755,1518 755,1476 764,1471 764,1427 766,1421 766,1376 185,1376"/>
<TextLine id="line_15">
<Coords points="185,1385 295,1385 316,1376 335,1376 356,1377 428,1377 456,1396 494,1396 524,1378 595,1378 622,1379 674,1379 703,1379 766,1379 766,1421 703,1421 674,1412 622,1412 595,1419 524,1419 494,1402 456,1402 428,1409 356,1409 335,1417 316,1417 295,1407 185,1407 185,1385"/>
<Baseline points="185,1407 295,1407 316,1417 335,1417 356,1409 428,1409 456,1402 494,1402 524,1419 595,1419 622,1412 674,1412 703,1421 766,1421"/>
<TextEquiv><Unicode>bruch § 643. — Bey der Ehe</Unicode></TextEquiv>
</TextLine>

<TextLine id="line_16">
<Coords points="189,1427 271,1427 284,1428 340,1428 356,1427 450,1427 464,1429 506,1429 520,1430 575,1430 594,1437 696,1437 712,1432 764,1432 764,1464 712,1464 696,1471 594,1471 575,1469 520,1469 506,1463 464,1463 450,1461 356,1461 340,1459 284,1459 271,1467 189,1467 189,1427"/>
<Baseline points="189,1467 271,1467 284,1459 340,1459 356,1461 450,1461 464,1463 506,1463 520,1469 575,1469 594,1471 696,1471 712,1464 764,1464"/>
<TextEquiv><Unicode>hatte das ältere R. R., wegen der</Unicode></TextEquiv>
</TextLine>

<TextLine id="line_17">
<Coords points="189,1477 294,1477 316,1476 499,1476 528,1478 593,1478 624,1480 755,1480 755,1518 624,1518 593,1512 528,1512 499,1518 316,1518 294,1515 189,1515 189,1477"/>
<Baseline points="189,1515 294,1515 316,1518 499,1518 528,1512 593,1512 624,1518 755,1518"/>
<TextEquiv><Unicode>freyen Scheidung, kein Bedürf-</Unicode></TextEquiv>
</TextLine>

<TextLine id="line_18">
<Coords points="190,1527 241,1527 253,1526 334,1526 342,1528 524,1528 536,1528 667,1528 675,1538 683,1538 706,1528 752,1528 752,1563 706,1563 683,1570 675,1570 667,1569 536,1569 524,1565 342,1565 334,1561 253,1561 241,1566 190,1566 190,1527"/>
<Baseline points="190,1566 241,1566 253,1561 334,1561 342,1565 524,1565 536,1569 667,1569 675,1570 683,1570 706,1563 752,1563"/>
<TextEquiv><Unicode>niß einer beſonderen Abhülfe; die</Unicode></TextEquiv>
</TextLine>

<TextLine id="line_19">
<Coords points="186,1579 237,1579 265,1575 483,1575 516,1581 747,1581 747,1619 516,1619 483,1617 265,1617 237,1617 186,1617 186,1579"/>
<Baseline points="186,1617 237,1617 265,1617 483,1617 516,1619 747,1619"/>
<TextEquiv><Unicode>bey Obligationen angewendeten</Unicode></TextEquiv>
</TextLine>

<TextLine id="line_20">
<Coords points="189,1626 294,1626 319,1629 427,1629 457,1628 518,1628 548,1628 631,1628 680,1631 751,1631 751,1664 680,1664 631,1669 548,1669 518,1670 457,1670 427,1668 319,1668 294,1662 189,1662 189,1626"/>
<Baseline points="189,1662 294,1662 319,1668 427,1668 457,1670 518,1670 548,1669 631,1669 680,1664 751,1664"/>
<TextEquiv><Unicode>Mittel paßten hier nicht. Das</Unicode></TextEquiv>
</TextLine>

<TextLine id="line_21">
<Coords points="186,1679 295,1679 310,1680 414,1680 434,1680 556,1680 577,1678 623,1678 648,1681 753,1681 753,1721 648,1721 623,1713 577,1713 556,1718 434,1718 414,1719 310,1719 295,1718 186,1718 186,1679"/>
<Baseline points="186,1718 295,1718 310,1719 414,1719 434,1718 556,1718 577,1713 623,1713 648,1721 753,1721"/>
<TextEquiv><Unicode>neueſte Recht, welches die Schei-</Unicode></TextEquiv>
</TextLine>

<TextLine id="line_22">
<Coords points="184,1732 262,1732 285,1730 315,1730 337,1730 402,1730 423,1732 595,1732 617,1733 668,1733 690,1732 753,1732 753,1773 690,1773 668,1773 617,1773 595,1772 423,1772 402,1771 337,1771 315,1767 285,1767 262,1772 184,1772 184,1732"/>
<Baseline points="184,1772 262,1772 285,1767 315,1767 337,1771 402,1771 423,1772 595,1772 617,1773 668,1773 690,1773 753,1773"/>
<TextEquiv><Unicode>dung ſo ſehr erſchwert, hat hier</Unicode></TextEquiv>
</TextLine>

<TextLine id="line_23">
<Coords points="180,1779 244,1779 272,1780 358,1780 387,1781 522,1781 565,1784 638,1784 668,1791 753,1791 753,1816 668,1816 638,1817 565,1817 522,1821 387,1821 358,1815 272,1815 244,1814 180,1814 180,1779"/>
<Baseline points="180,1814 244,1814 272,1815 358,1815 387,1821 522,1821 565,1817 638,1817 668,1816 753,1816"/>
<TextEquiv><Unicode>eine Lücke gelaſſen. Das cano-</Unicode></TextEquiv>
</TextLine>

<TextLine id="line_24">
<Coords points="180,1830 271,1830 293,1832 386,1832 413,1831 527,1831 557,1841 630,1841 659,1833 753,1833 753,1871 659,1871 630,1873 557,1873 527,1866 413,1866 386,1871 293,1871 271,1871 180,1871 180,1830"/>
<Baseline points="180,1871 271,1871 293,1871 386,1871 413,1866 527,1866 557,1873 630,1873 659,1871 753,1871"/>
<TextEquiv><Unicode>niſche Recht nimmt ganz conſe-</Unicode></TextEquiv>
</TextLine>

<TextLine id="line_25">
<Coords points="180,1883 272,1883 280,1881 458,1881 465,1884 516,1884 526,1884 589,1884 596,1892 645,1892 663,1884 752,1884 752,1916 663,1916 645,1918 596,1918 589,1924 526,1924 516,1916 465,1916 458,1922 280,1922 272,1922 180,1922 180,1883"/>
<Baseline points="180,1922 272,1922 280,1922 458,1922 465,1916 516,1916 526,1924 589,1924 596,1918 645,1918 663,1916 752,1916"/>
<TextEquiv><Unicode>quent Nichtigkeit der Ehe an. C. 15.</Unicode></TextEquiv>
</TextLine>

<TextLine id="line_26">
<Coords points="178,1933 219,1933 239,1933 278,1933 301,1931 341,1931 361,1942 467,1942 489,1934 602,1934 625,1935 656,1935 672,1939 693,1939 714,1935 752,1935 752,1965 714,1965 693,1967 672,1967 656,1967 625,1967 602,1976 489,1976 467,1974 361,1974 341,1963 301,1963 278,1962 239,1962 219,1964 178,1964 178,1933"/>
<Baseline points="178,1964 219,1964 239,1962 278,1962 301,1963 341,1963 361,1974 467,1974 489,1976 602,1976 625,1967 656,1967 672,1967 693,1967 714,1965 752,1965"/>
<TextEquiv><Unicode>28 X. de spons. (4. 1.), C. 2 X.</Unicode></TextEquiv>
</TextLine>

<TextLine id="line_27">
<Coords points="162,1980 218,1980 238,1992 275,1992 295,1984 350,1984 368,1981 447,1981 469,1984 512,1984 529,1985 581,1985 611,1985 754,1985 754,2017 611,2017 581,2026 529,2026 512,2025 469,2025 447,2015 368,2015 350,2023 295,2023 275,2013 238,2013 218,2013 162,2013 162,1980"/>
<Baseline points="162,2013 218,2013 238,2013 275,2013 295,2023 350,2023 368,2015 447,2015 469,2025 512,2025 529,2026 581,2026 611,2017 754,2017"/>
<TextEquiv><Unicode>de eo qui dux. (4. 7.). Böhmer</Unicode></TextEquiv>
</TextLine>

<TextLine id="line_28">
<Coords points="182,2031 200,2031 212,2033 282,2033 323,2031 505,2031 526,2036 563,2036 584,2036 627,2036 642,2037 713,2037 713,2068 642,2068 627,2070 584,2070 563,2066 526,2066 505,2073 323,2073 282,2064 212,2064 200,2073 182,2073 182,2031"/>
<Baseline points="182,2073 200,2073 212,2064 282,2064 323,2073 505,2073 526,2066 563,2066 584,2070 627,2070 642,2068 713,2068"/>
<TextEquiv><Unicode>§ 348. Eichhorn II. S. 351.</Unicode></TextEquiv>
</TextLine>

<TextLine id="line_29">
<Coords points="219,2082 270,2082 293,2082 421,2082 442,2083 515,2083 537,2086 586,2086 608,2085 684,2085 700,2096 753,2096 753,2127 700,2127 684,2118 608,2118 586,2126 537,2126 515,2116 442,2116 421,2125 293,2125 270,2123 219,2123 219,2082"/>
<Baseline points="219,2123 270,2123 293,2125 421,2125 442,2116 515,2116 537,2126 586,2126 608,2118 684,2118 700,2127 753,2127"/>
<TextEquiv><Unicode>L. 3 § 1 L. 7 § 1 L. 8 pr.</Unicode></TextEquiv>
</TextLine>

<TextLine id="line_30">
<Coords points="186,2130 233,2130 252,2131 336,2131 347,2132 452,2132 470,2136 582,2136 604,2136 644,2136 662,2139 683,2139 705,2147 750,2147 750,2168 705,2168 683,2169 662,2169 644,2167 604,2167 582,2177 470,2177 452,2164 347,2164 336,2173 252,2173 233,2171 186,2171 186,2130"/>
<Baseline points="186,2171 233,2171 252,2173 336,2173 347,2164 452,2164 470,2177 582,2177 604,2167 644,2167 662,2169 683,2169 705,2168 750,2168"/>
<TextEquiv><Unicode>§ 2 quod metus (4. 2.), L. 3 ex</Unicode></TextEquiv>
</TextLine>

<TextLine id="line_31">
<Coords points="190,2183 265,2183 273,2185 376,2185 387,2186 530,2186 537,2185 580,2185 590,2187 644,2187 660,2186 751,2186 751,2219 660,2219 644,2228 590,2228 580,2226 537,2226 530,2225 387,2225 376,2214 273,2214 265,2220 190,2220 190,2183"/>
<Baseline points="190,2220 265,2220 273,2214 376,2214 387,2225 530,2225 537,2226 580,2226 590,2228 644,2228 660,2219 751,2219"/>
<TextEquiv><Unicode>quib. causis majores (4. 6.), L. 13</Unicode></TextEquiv>
</TextLine>

<TextLine id="line_32">
<Coords points="192,2229 223,2229 237,2230 273,2230 291,2238 450,2238 471,2236 592,2236 613,2235 689,2235 716,2236 749,2236 749,2267 716,2267 689,2268 613,2268 592,2277 471,2277 450,2266 291,2266 273,2262 237,2262 223,2261 192,2261 192,2229"/>
<Baseline points="192,2261 223,2261 237,2262 273,2262 291,2266 450,2266 471,2277 592,2277 613,2268 689,2268 716,2267 749,2267"/>
<TextEquiv><Unicode>C. de transact. (2. 4.), L. 7 C.</Unicode></TextEquiv>
</TextLine>

<TextLine id="line_33">
<Coords points="189,2279 229,2279 249,2280 294,2280 313,2292 391,2292 411,2286 445,2286 463,2286 507,2286 522,2288 597,2288 597,2327 522,2327 507,2326 463,2326 445,2315 411,2315 391,2324 313,2324 294,2312 249,2312 229,2311 189,2311 189,2279"/>
<Baseline points="189,2311 229,2311 249,2312 294,2312 313,2324 391,2324 411,2315 445,2315 463,2326 507,2326 522,2327 597,2327"/>
<TextEquiv><Unicode>de his quae vi (2. 20.).</Unicode></TextEquiv>
</TextLine>

<TextLine id="line_34">
<Coords points="183,2382 204,2382 226,2379 313,2379 329,2387 427,2387 445,2384 486,2384 507,2386 562,2386 562,2426 507,2426 486,2424 445,2424 427,2414 329,2414 313,2421 226,2421 204,2413 183,2413 183,2382"/>
<Baseline points="183,2413 204,2413 226,2421 313,2421 329,2414 427,2414 445,2424 486,2424 507,2426 562,2426"/>
<TextEquiv><Unicode>2 quod metus (4. 2.).</Unicode></TextEquiv>
</TextLine>

</TextRegion>
<TextRegion id="block_4" custom="structure {type:note;}">
<Coords points="930,1380 930,1431 930,1430 813,1430 813,1473 806,1480 806,1523 802,1529 802,1570 804,1579 804,1624 802,1631 802,1675 802,1681 908,1681 908,1728 928,1734 928,1774 928,1785 804,1785 804,1827 803,1835 803,1876 804,1886 804,1924 804,1935 804,1977 805,1985 805,2028 806,2035 806,2074 808,2086 808,2132 804,2135 804,2178 804,2185 804,2226 804,2235 804,2279 804,2287 804,2331 801,2337 801,2380 800,2387 800,2431 1377,2431 1377,2387 1376,2380 1376,2337 1372,2331 1372,2287 1368,2279 1368,2235 1372,2226 1372,2185 1373,2178 1373,2135 1373,2132 1373,2086 1373,2074 1373,2035 1374,2028 1374,1985 1375,1977 1375,1935 1376,1924 1376,1886 1379,1876 1379,1835 1381,1827 1381,1785 1378,1774 1378,1734 1374,1728 1374,1681 1373,1675 1373,1631 1377,1624 1377,1579 1377,1570 1377,1529 1379,1523 1379,1480 1381,1473 1381,1430 1385,1431 1385,1380 930,1380"/>
<TextLine id="line_35">
<Coords points="930,1380 970,1380 979,1382 1003,1382 1029,1380 1116,1380 1133,1388 1239,1388 1264,1384 1308,1384 1330,1385 1385,1385 1385,1426 1330,1426 1308,1425 1264,1425 1239,1414 1133,1414 1116,1423 1029,1423 1003,1431 979,1431 970,1413 930,1413 930,1380"/>
<Baseline points="930,1413 970,1413 979,1431 1003,1431 1029,1423 1116,1423 1133,1414 1239,1414 1264,1425 1308,1425 1330,1426 1385,1426"/>
<TextEquiv><Unicode>L. 4 quod metus (4. 2.).</Unicode></TextEquiv>
</TextLine>

<TextLine id="line_36">
<Coords points="813,1430 903,1430 924,1434 1006,1434 1029,1432 1126,1432 1154,1433 1320,1433 1342,1434 1381,1434 1381,1466 1342,1466 1320,1465 1154,1465 1126,1464 1029,1464 1006,1473 924,1473 903,1472 813,1472 813,1430"/>
<Baseline points="813,1472 903,1472 924,1473 1006,1473 1029,1464 1126,1464 1154,1465 1320,1465 1342,1466 1381,1466"/>
<TextEquiv><Unicode>„Ego puto etiam servitutis ti-</Unicode></TextEquiv>
</TextLine>

<TextLine id="line_37">
<Coords points="806,1489 947,1489 969,1480 1188,1480 1208,1483 1379,1483 1379,1515 1208,1515 1188,1523 969,1523 947,1518 806,1518 806,1489"/>
<Baseline points="806,1518 947,1518 969,1523 1188,1523 1208,1515 1379,1515"/>
<TextEquiv><Unicode>morem, similiumque admitten-</Unicode></TextEquiv>
</TextLine>

<TextLine id="line_38">
<Coords points="802,1530 906,1530 932,1529 993,1529 1006,1531 1134,1531 1149,1533 1211,1533 1223,1541 1288,1541 1304,1534 1377,1534 1377,1569 1304,1569 1288,1567 1223,1567 1211,1570 1149,1570 1134,1563 1006,1563 993,1565 932,1565 906,1561 802,1561 802,1530"/>
<Baseline points="802,1561 906,1561 932,1565 993,1565 1006,1563 1134,1563 1149,1570 1211,1570 1223,1567 1288,1567 1304,1569 1377,1569"/>
<TextEquiv><Unicode>dum.” Die Similia ſind nun eben</Unicode></TextEquiv>
</TextLine>

<TextLine id="line_39">
<Coords points="804,1579 849,1579 870,1579 902,1579 925,1581 1009,1581 1037,1582 1049,1582 1070,1583 1273,1583 1293,1585 1377,1585 1377,1619 1293,1619 1273,1624 1070,1624 1049,1613 1037,1613 1009,1616 925,1616 902,1614 870,1614 849,1614 804,1614 804,1579"/>
<Baseline points="804,1614 849,1614 870,1614 902,1614 925,1616 1009,1616 1037,1613 1049,1613 1070,1624 1273,1624 1293,1619 1377,1619"/>
<TextEquiv><Unicode>die in Note i angeführten Dro-</Unicode></TextEquiv>
</TextLine>

<TextLine id="line_40">
<Coords points="802,1631 923,1631 934,1641 941,1641 964,1632 1145,1632 1166,1636 1238,1636 1251,1635 1373,1635 1373,1675 1251,1675 1238,1668 1166,1668 1145,1674 964,1674 941,1665 934,1665 923,1672 802,1672 802,1631"/>
<Baseline points="802,1672 923,1672 934,1665 941,1665 964,1674 1145,1674 1166,1668 1238,1668 1251,1675 1373,1675"/>
<TextEquiv><Unicode>hungen: Gefängniß oder Feſſeln.</Unicode></TextEquiv>
</TextLine>

<TextLine id="line_41">
<Coords points="908,1681 976,1681 989,1681 1030,1681 1047,1684 1135,1684 1146,1692 1235,1692 1235,1687 1305,1687 1319,1688 1374,1688 1374,1728 1319,1728 1305,1727 1235,1727 1235,1717 1146,1717 1135,1724 1047,1724 1030,1724 989,1724 976,1715 908,1715 908,1681"/>
<Baseline points="908,1715 976,1715 989,1724 1030,1724 1047,1724 1135,1724 1146,1717 1235,1717 1235,1727 1305,1727 1319,1728 1374,1728"/>
<TextEquiv><Unicode>L. 8 § 1 quod metus (4. 2.).</Unicode></TextEquiv>
</TextLine>

<TextLine id="line_42">
<Coords points="928,1735 982,1735 1003,1742 1024,1742 1045,1735 1090,1735 1119,1734 1166,1734 1197,1735 1253,1735 1280,1736 1378,1736 1378,1771 1280,1771 1253,1769 1197,1769 1166,1768 1119,1768 1090,1769 1045,1769 1024,1774 1003,1774 982,1769 928,1769 928,1735"/>
<Baseline points="928,1769 982,1769 1003,1774 1024,1774 1045,1769 1090,1769 1119,1768 1166,1768 1197,1769 1253,1769 1280,1771 1378,1771"/>
<TextEquiv><Unicode>So z. B. die mit einem</Unicode></TextEquiv>
</TextLine>

<TextLine id="line_43">
<Coords points="804,1785 940,1785 980,1785 1125,1785 1167,1785 1381,1785 1381,1827 1167,1827 1125,1819 980,1819 940,1824 804,1824 804,1785"/>
<Baseline points="804,1824 940,1824 980,1819 1125,1819 1167,1827 1381,1827"/>
<TextEquiv><Unicode>fremden Sklaven verheirathete</Unicode></TextEquiv>
</TextLine>

<TextLine id="line_44">
<Coords points="803,1835 885,1835 904,1836 988,1836 999,1861 1007,1861 1030,1837 1102,1837 1125,1838 1191,1838 1214,1837 1264,1837 1284,1838 1379,1838 1379,1870 1284,1870 1264,1869 1214,1869 1191,1870 1125,1870 1102,1876 1030,1876 1007,1875 999,1875 988,1875 904,1875 885,1876 803,1876 803,1835"/>
<Baseline points="803,1876 885,1876 904,1875 988,1875 999,1875 1007,1875 1030,1876 1102,1876 1125,1870 1191,1870 1214,1869 1264,1869 1284,1870 1379,1870"/>
<TextEquiv><Unicode>freye Frau, nach dem Sc. Clau-</Unicode></TextEquiv>
</TextLine>

<TextLine id="line_45">
<Coords points="804,1886 946,1886 989,1886 1077,1886 1106,1887 1136,1887 1163,1888 1219,1888 1244,1888 1376,1888 1376,1923 1244,1923 1219,1922 1163,1922 1136,1924 1106,1924 1077,1920 989,1920 946,1919 804,1919 804,1886"/>
<Baseline points="804,1919 946,1919 989,1920 1077,1920 1106,1924 1136,1924 1163,1922 1219,1922 1244,1923 1376,1923"/>
<TextEquiv><Unicode>dianum. Eben ſo den undank-</Unicode></TextEquiv>
</TextLine>

<TextLine id="line_46">
<Coords points="804,1938 898,1938 926,1935 1178,1935 1217,1935 1317,1935 1341,1938 1375,1938 1375,1974 1341,1974 1317,1972 1217,1972 1178,1977 926,1977 898,1970 804,1970 804,1938"/>
<Baseline points="804,1970 898,1970 926,1977 1178,1977 1217,1972 1317,1972 1341,1974 1375,1974"/>
<TextEquiv><Unicode>baren Freygelaſſenen. Wenn in</Unicode></TextEquiv>
</TextLine>

<TextLine id="line_47">
<Coords points="805,1985 913,1985 945,1987 1048,1987 1074,1986 1135,1986 1161,1987 1207,1987 1225,1990 1374,1990 1374,2024 1225,2024 1207,2021 1161,2021 1135,2027 1074,2027 1048,2028 945,2028 913,2024 805,2024 805,1985"/>
<Baseline points="805,2024 913,2024 945,2028 1048,2028 1074,2027 1135,2027 1161,2021 1207,2021 1225,2024 1374,2024"/>
<TextEquiv><Unicode>dieſem letzten Fall die Anwend-</Unicode></TextEquiv>
</TextLine>

<TextLine id="line_48">
<Coords points="806,2036 922,2036 944,2038 997,2038 1015,2035 1115,2035 1139,2038 1278,2038 1297,2039 1373,2039 1373,2074 1297,2074 1278,2073 1139,2073 1115,2072 1015,2072 997,2070 944,2070 922,2070 806,2070 806,2036"/>
<Baseline points="806,2070 922,2070 944,2070 997,2070 1015,2072 1115,2072 1139,2073 1278,2073 1297,2074 1373,2074"/>
<TextEquiv><Unicode>barkeit des Edicts verneint wird</Unicode></TextEquiv>
</TextLine>

<TextLine id="line_49">
<Coords points="808,2087 872,2087 893,2088 932,2088 958,2096 1008,2096 1029,2086 1111,2086 1133,2095 1240,2095 1267,2092 1373,2092 1373,2132 1267,2132 1240,2131 1133,2131 1111,2128 1029,2128 1008,2128 958,2128 932,2118 893,2118 872,2128 808,2128 808,2087"/>
<Baseline points="808,2128 872,2128 893,2118 932,2118 958,2128 1008,2128 1029,2128 1111,2128 1133,2131 1240,2131 1267,2132 1373,2132"/>
<TextEquiv><Unicode>(L. 21 pr. quod metus 4. 2.),</Unicode></TextEquiv>
</TextLine>

<TextLine id="line_50">
<Coords points="804,2138 836,2138 869,2135 1005,2135 1029,2136 1119,2136 1153,2137 1230,2137 1261,2141 1373,2141 1373,2175 1261,2175 1230,2178 1153,2178 1119,2175 1029,2175 1005,2177 869,2177 836,2175 804,2175 804,2138"/>
<Baseline points="804,2175 836,2175 869,2177 1005,2177 1029,2175 1119,2175 1153,2178 1230,2178 1261,2175 1373,2175"/>
<TextEquiv><Unicode>ſo geſchieht dieſes nicht deswe-</Unicode></TextEquiv>
</TextLine>

<TextLine id="line_51">
<Coords points="804,2195 879,2195 906,2185 971,2185 989,2186 1033,2186 1053,2189 1224,2189 1246,2189 1279,2189 1301,2200 1372,2200 1372,2222 1301,2222 1279,2222 1246,2222 1224,2221 1053,2221 1033,2221 989,2221 971,2221 906,2221 879,2226 804,2226 804,2195"/>
<Baseline points="804,2226 879,2226 906,2221 971,2221 989,2221 1033,2221 1053,2221 1224,2221 1246,2222 1279,2222 1301,2222 1372,2222"/>
<TextEquiv><Unicode>gen, weil die revocatio in ser-</Unicode></TextEquiv>
</TextLine>

<TextLine id="line_52">
<Coords points="804,2236 936,2236 957,2236 1018,2236 1044,2237 1263,2237 1292,2235 1368,2235 1368,2274 1292,2274 1263,2279 1044,2279 1018,2272 957,2272 936,2269 804,2269 804,2236"/>
<Baseline points="804,2269 936,2269 957,2272 1018,2272 1044,2279 1263,2279 1292,2274 1368,2274"/>
<TextEquiv><Unicode>vitutem kein hinreichendes Übel</Unicode></TextEquiv>
</TextLine>

<TextLine id="line_53">
<Coords points="804,2288 893,2288 913,2287 1035,2287 1056,2288 1126,2288 1147,2287 1180,2287 1202,2291 1268,2291 1282,2291 1372,2291 1372,2331 1282,2331 1268,2323 1202,2323 1180,2323 1147,2323 1126,2323 1056,2323 1035,2326 913,2326 893,2328 804,2328 804,2288"/>
<Baseline points="804,2328 893,2328 913,2326 1035,2326 1056,2323 1126,2323 1147,2323 1180,2323 1202,2323 1268,2323 1282,2331 1372,2331"/>
<TextEquiv><Unicode>wäre, ſondern weil in dem durch</Unicode></TextEquiv>
</TextLine>

<TextLine id="line_54">
<Coords points="801,2337 845,2337 871,2338 1046,2338 1074,2340 1177,2340 1203,2342 1376,2342 1376,2379 1203,2379 1177,2374 1074,2374 1046,2380 871,2380 845,2371 801,2371 801,2337"/>
<Baseline points="801,2371 845,2371 871,2380 1046,2380 1074,2374 1177,2374 1203,2379 1376,2379"/>
<TextEquiv><Unicode>die angeführte Stelle vorausge-</Unicode></TextEquiv>
</TextLine>

<TextLine id="line_55">
<Coords points="800,2387 897,2387 927,2389 990,2389 1020,2388 1067,2388 1086,2390 1196,2390 1218,2397 1276,2397 1297,2387 1377,2387 1377,2431 1297,2431 1276,2430 1218,2430 1196,2431 1086,2431 1067,2425 1020,2425 990,2429 927,2429 897,2430 800,2430 800,2387"/>
<Baseline points="800,2430 897,2430 927,2429 990,2429 1020,2425 1067,2425 1086,2431 1196,2431 1218,2430 1276,2430 1297,2431 1377,2431"/>
<TextEquiv><Unicode>ſetzten Fall die Furcht gar nicht</Unicode></TextEquiv>
</TextLine>

</TextRegion>
</Page>
</PcGts>