1600 2584
77 276 1268 332 Beklagte die feſte Ueberzeugung von ſeinem guten Recht
76 342 1263 412 hat, ſo kann er ſich doch nicht die Möglichkeit verbergen,
76 434 1264 487 den Prozeß zu verlieren. Wenn er ſich daher durch Ver-
83 512 1266 567 äußerung oder Aufzehrung der Sache wiſſentlich außer
83 588 1265 646 Stand ſetzt, der möglichen Verurtheilung zu genügen, ſo
75 666 1268 722 liegt in dieſen Handlungen (wenngleich nicht in der
76 734 1271 798 Fortſetzung des Beſitzes ſelbſt) eine Unredlichkeit, indem er
77 823 1268 878 in der Klage eine Aufforderung ſehen mußte, ſich ſolcher
76 902 1265 955 Handlungen zu enthalten ; durch dieſelben, wenn
74 962 1263 1035 er ſie dennoch vornimmt, verfällt er in die mala fides .
75 1059 1265 1114 Gerade in dieſer Beziehung ſchreibt auch wirklich Ulpian
75 1138 1267 1189 dem urſprünglich redlichen Beſitzer, von der L. C. an, die
82 1216 1270 1269 gleichartige Verantwortlichkeit mit einem praedo zu .
81 1293 1271 1347 Dennoch reicht auch die Wahrheit dieſer Bemerkung nicht
82 1372 1266 1423 hin zur Erklärung der abſoluten Behauptung Ulpians,
74 1449 1264 1501 daß jeder Beklagte von der L. C. an wirklich ein unredlicher
74 1528 384 1577 Beſitzer ſey .
208 176 1125 223 §. 264. Wirkung der L. C. — Umfang. Einleitung.
1214 174 1268 214 89
196 1625 642 1667 L. 10 C. de adqu. poss.
73 1675 644 1716 (7. 32) „ex interposita con-
74 1724 646 1763 testatione, et causa in judicium
79 1773 649 1814 deducta, super jure possessio-
79 1822 649 1864 nis vacillet ac dubitet.“ Vgl.
78 1871 647 1905 oben Note h. über die L. 2 C. de
74 1921 242 1953 fructibus.
200 1970 640 2011 Dieſe richtige Bemerkung
71 2019 640 2060 findet ſich bei Glück B. 7 S. 547
73 2068 617 2107 bis 557 und Kierulff S. 277.
112 2117 639 2160 L. 25 § 2 de her. pet. (5. 3)
74 2168 641 2208 „ait Senatus: Eos, qui bona
76 2217 641 2254 invasissent, … etiamsi ante
75 2267 644 2307 litem contestatam fecerint, quo
73 2314 644 2357 minus possiderent, perinde con-
694 1626 1262 1668 demnandos quasi possiderent.“
694 1676 1266 1718 Zu dieſen Worten des Sc. ſetzt
695 1725 1267 1766 der § 7 folgende Erklärung hinzu:
700 1772 1267 1812 „Si ante litem contestatam,
697 1822 1266 1863 inquit, fecerint. Hoc ideo ad-
691 1871 1267 1913 jectum, quoniam post litem
693 1925 1268 1963 contestatam omnes … pares
690 1971 1267 2012 fiunt, et quasi praedones te-
690 2021 1262 2058 nentur.“ Alſo von der L. C. an
691 2069 1259 2110 iſt das willkührliche Aufgeben
689 2119 1259 2159 des Beſitzes für alle Arten von
692 2165 1258 2209 Beſitzern eine gleich unredliche und
692 2216 1259 2257 daher gleich verpflichtende Hand-
695 2270 777 2308 lung.
808 2315 1258 2358 Ganz beſonders erklären ſich
