1600 2682
379 149 1125 219 §. 152. Schenkung. Begriff. 4. Abſicht.
152 276 1377 332 obliegt, oder das Kind ſelbſt, wenn daſſelbe vaterlos und
151 358 1364 416 vermögend iſt. Geſchieht Dieſes aber blos aus menſchli-
153 424 1363 493 chem Antheil an dem Kinde, insbeſondere von Seiten ei-
152 520 1369 574 nes Verwandten, ſo gilt es nicht als Schenkung. Das
153 601 1370 664 hat die Folge, daß keine Inſinuation nöthig iſt, daß die
148 682 1364 737 Handlung auch von dem mütterlichen Großvater gültig
152 764 1363 820 geſchehen kann , und daß keine Rückforderung wegen
153 846 1363 896 Undankbarkeit, ſey es des Vaters oder des Kindes, Statt
146 925 1358 982 findet . Ob nun dieſe oder eine andere Abſicht zum
148 1007 1358 1061 Grunde lag, iſt eine factiſche Frage. Es laſſen ſich näm-
148 1090 1360 1143 lich hier drey verſchiedene Abſichten denken. Erſtlich der
146 1170 1360 1223 eben beſchriebene rein menſchliche Antheil (pietas). Zwey-
146 1254 1358 1305 tens negotiorum gestio, woraus gegen den, welchem die
146 1334 1356 1388 Ausgaben der Erziehung oblagen, gegenwärtig aber er-
150 1415 1356 1467 ſpart wurden, eine Klage entſpringt. Drittens Schen-
149 1496 1358 1551 kung, woraus zwar keine Klage, wohl aber die Anwend-
149 1577 1363 1629 barkeit der poſitiven Schenkungsregeln entſteht. Die Stel-
150 1657 1360 1710 len des Römiſchen Rechts, welche dieſen ganzen Fall er-
151 1738 1355 1801 wähnen, berühren nur den Zweifel zwiſchen den zwey er-
144 1809 1353 1872 ſten Abſichten (pietas und negotiorum gestio) , und ver-
1318 175 1369 210 85
252 1940 722 1984 Nämlich der mütterliche
142 1990 721 2034 Großvater, in deſſen Gewalt die
145 2042 723 2087 Mutter ſteht, kann nicht dem Va-
146 2094 726 2138 ter des Kindes ſchenken, weil es
150 2143 723 2191 ſo gut wäre, als hätte die Frau
151 2196 725 2239 dem Manne geſchenkt. L. 3 § 6
148 2247 724 2290 L. 32 § 16 de don. int. vir. (24. 1.).
261 2298 723 2340 Dieſes ſcheint ſonderbar, da
144 2349 725 2390 die Erziehung doch immer eine
147 2398 727 2442 große Wohlthat iſt. Allein wenn
772 1941 1353 1984 der freywillige Erzieher bey ſei-
771 1992 1352 2034 ner löblichen Handlung nicht an
771 2043 1353 2086 einen geſchenkten Geldeswerth
772 2093 1352 2137 dachte, ſo kann er auch nicht hin-
772 2144 1353 2188 terher einen ſolchen zum Gegen-
774 2194 1355 2238 ſtand einer Strafforderung ma-
776 2248 981 2290 chen wollen.
884 2298 1360 2341 L. 34, L. 27 § 1 de neg.
774 2347 1361 2394 gestis (3. 5.), L. 15. 11. 13 C.
781 2402 1013 2445 eod. (2. 19.).
