<?xml version="1.0" encoding="UTF-8"?>
<PcGts xmlns="http://schema.primaresearch.org/PAGE/gts/pagecontent/2019-07-15" xmlns:xsi="http://www.w3.org/2001/XMLSchema-instance" xsi:schemaLocation="http://schema.primaresearch.org/PAGE/gts/pagecontent/2019-07-15 http://schema.primaresearch.org/PAGE/gts/pagecontent/2019-07-15/pagecontent.xsd">
<Metadata>
<Creator>regJS2PAGE.py</Creator>
<Created>2021-02-16T10:48:38.488854</Created>
<LastChange>2021-02-16T10:48:38.488854</LastChange>
</Metadata>
<Page imageFilename="tmp/savigny_system06_1847_0038.png" imageWidth="1600" imageHeight="2584">
<TextRegion id="block_0" custom="structure {type:body;}">
<Coords points="321,254 321,310 318,332 318,393 318,410 318,469 316,480 316,541 311,565 311,627 312,621 312,702 313,720 313,778 310,796 310,853 305,877 305,937 306,950 306,1014 305,1028 305,1091 299,1106 299,1169 297,1182 297,1245 299,1258 299,1324 299,1337 299,1402 291,1405 291,1478 1499,1478 1499,1405 1500,1402 1500,1337 1501,1324 1501,1258 1501,1245 1501,1182 1500,1169 1500,1106 1504,1091 1504,1028 1504,1014 1504,950 1507,937 1507,877 1506,853 1506,796 1506,778 1506,720 1507,702 1507,621 1509,627 1509,565 1511,541 1511,480 1512,469 1512,410 1514,393 1514,332 1516,310 1516,254 321,254"/>
<TextLine id="line_0">
<Coords points="321,254 437,254 467,255 582,255 611,257 670,257 700,257 898,257 937,260 1003,260 1037,260 1089,260 1122,262 1236,262 1274,274 1321,274 1353,264 1427,264 1457,267 1516,267 1516,305 1457,305 1427,304 1353,304 1321,303 1274,303 1236,310 1122,310 1089,300 1037,300 1003,309 937,309 898,309 700,309 670,296 611,296 582,304 467,304 437,296 321,296 321,254"/>
<Baseline points="321,296 437,296 467,304 582,304 611,296 670,296 700,309 898,309 937,309 1003,309 1037,300 1089,300 1122,310 1236,310 1274,303 1321,303 1353,304 1427,304 1457,305 1516,305"/>
<TextEquiv><Unicode>Dabei mußte der Uebergang auf die Erben an eine der</Unicode></TextEquiv>
</TextLine>

<TextLine id="line_1">
<Coords points="318,332 352,332 393,333 435,333 475,334 625,334 661,335 854,335 896,337 1054,337 1096,341 1241,341 1304,342 1356,342 1391,343 1514,343 1514,393 1391,393 1356,387 1304,387 1241,379 1096,379 1054,388 896,388 854,386 661,386 625,384 475,384 435,375 393,375 352,374 318,374 318,332"/>
<Baseline points="318,374 352,374 393,375 435,375 475,384 625,384 661,386 854,386 896,388 1054,388 1096,379 1241,379 1304,387 1356,387 1391,393 1514,393"/>
<TextEquiv><Unicode>L. C. analoge Handlung geknüpft werden. In dieſem</Unicode></TextEquiv>
</TextLine>

<TextLine id="line_2">
<Coords points="318,410 424,410 453,411 530,411 561,422 636,422 666,412 855,412 896,416 953,416 984,416 1186,416 1221,420 1287,420 1314,419 1367,419 1397,421 1512,421 1512,462 1397,462 1367,459 1314,459 1287,469 1221,469 1186,468 984,468 953,455 896,455 855,463 666,463 636,451 561,451 530,461 453,461 424,452 318,452 318,410"/>
<Baseline points="318,452 424,452 453,461 530,461 561,451 636,451 666,463 855,463 896,455 953,455 984,468 1186,468 1221,469 1287,469 1314,459 1367,459 1397,462 1512,462"/>
<TextEquiv><Unicode>Sinn ſagt nun Paulus, der Uebergang auf die Erben</Unicode></TextEquiv>
</TextLine>

<TextLine id="line_3">
<Coords points="316,488 421,488 444,499 687,499 711,492 864,492 900,480 1003,480 1032,504 1102,504 1131,495 1185,495 1213,499 1287,499 1312,498 1418,498 1449,500 1511,500 1511,538 1449,538 1418,538 1312,538 1287,536 1213,536 1185,535 1131,535 1102,533 1032,533 1003,533 900,533 864,541 711,541 687,539 444,539 421,538 316,538 316,488"/>
<Baseline points="316,538 421,538 444,539 687,539 711,541 864,541 900,533 1003,533 1032,533 1102,533 1131,535 1185,535 1213,536 1287,536 1312,538 1418,538 1449,538 1511,538"/>
<TextEquiv><Unicode>müſſe angenommen werden, wenn nur bei dem Leben des</Unicode></TextEquiv>
</TextLine>

<TextLine id="line_4">
<Coords points="311,565 382,565 406,566 655,566 677,568 732,568 758,568 868,568 894,570 1078,570 1110,581 1186,581 1210,575 1283,575 1314,578 1402,578 1426,577 1509,577 1509,627 1426,627 1402,616 1314,616 1283,625 1210,625 1186,613 1110,613 1078,622 894,622 868,620 758,620 732,607 677,607 655,615 406,615 382,614 311,614 311,565"/>
<Baseline points="311,614 382,614 406,615 655,615 677,607 732,607 758,620 868,620 894,622 1078,622 1110,613 1186,613 1210,625 1283,625 1314,616 1402,616 1426,627 1509,627"/>
<TextEquiv><Unicode>jetzt Verſtorbenen die Klage eingeleitet war ; denn dieſe</Unicode></TextEquiv>
</TextLine>

<TextLine id="line_5">
<Coords points="312,643 519,643 548,645 607,645 638,645 750,645 790,621 842,621 875,647 911,647 947,650 1009,650 1040,651 1329,651 1359,653 1507,653 1507,702 1359,702 1329,690 1040,690 1009,688 947,688 911,687 875,687 842,696 790,696 750,696 638,696 607,684 548,684 519,694 312,694 312,643"/>
<Baseline points="312,694 519,694 548,684 607,684 638,696 750,696 790,696 842,696 875,687 911,687 947,688 1009,688 1040,690 1329,690 1359,702 1507,702"/>
<TextEquiv><Unicode>Einleitung der Klage ſey in den extraordinariis judiciis</Unicode></TextEquiv>
</TextLine>

<TextLine id="line_6">
<Coords points="313,720 373,720 404,721 462,721 494,721 558,721 588,732 629,732 659,723 859,723 899,727 1038,727 1074,730 1135,730 1174,729 1362,729 1394,731 1429,731 1463,732 1506,732 1506,773 1463,773 1429,771 1394,771 1362,778 1174,778 1135,767 1074,767 1038,775 899,775 859,773 659,773 629,769 588,769 558,761 494,761 462,760 404,760 373,760 313,760 313,720"/>
<Baseline points="313,760 373,760 404,760 462,760 494,761 558,761 588,769 629,769 659,773 859,773 899,775 1038,775 1074,767 1135,767 1174,778 1362,778 1394,771 1429,771 1463,773 1506,773"/>
<TextEquiv><Unicode>als der Akt zu betrachten, welcher der wirklichen L. C.</Unicode></TextEquiv>
</TextLine>

<TextLine id="line_7">
<Coords points="310,796 358,796 395,798 617,798 658,800 792,800 838,802 1024,802 1067,805 1188,805 1218,806 1277,806 1315,814 1506,814 1506,847 1315,847 1277,844 1218,844 1188,853 1067,853 1024,852 838,852 792,849 658,849 617,848 395,848 358,836 310,836 310,796"/>
<Baseline points="310,836 358,836 395,848 617,848 658,849 792,849 838,852 1024,852 1067,853 1188,853 1218,844 1277,844 1315,847 1506,847"/>
<TextEquiv><Unicode>im ordentlichen Prozeß entſpreche (quasi lite contestata</Unicode></TextEquiv>
</TextLine>

<TextLine id="line_8">
<Coords points="305,886 387,886 420,877 573,877 607,877 669,877 698,900 740,900 769,878 874,878 907,879 1021,879 1060,883 1120,883 1159,891 1228,891 1257,885 1346,885 1379,888 1507,888 1507,937 1379,937 1346,935 1257,935 1228,923 1159,923 1120,932 1060,932 1021,920 907,920 874,928 769,928 740,905 698,905 669,926 607,926 573,925 420,925 387,911 305,911 305,886"/>
<Baseline points="305,911 387,911 420,925 573,925 607,926 669,926 698,905 740,905 769,928 874,928 907,920 1021,920 1060,932 1120,932 1159,923 1228,923 1257,935 1346,935 1379,937 1507,937"/>
<TextEquiv><Unicode>cum mortus) . — Dieſe Stelle hat von jeher großen</Unicode></TextEquiv>
</TextLine>

<TextLine id="line_9">
<Coords points="306,950 438,950 463,957 583,957 616,953 747,953 771,966 853,966 877,958 944,958 970,966 1163,966 1190,972 1231,972 1255,962 1329,962 1356,971 1424,971 1448,966 1504,966 1504,1005 1448,1005 1424,1004 1356,1004 1329,1014 1255,1014 1231,1009 1190,1009 1163,998 970,998 944,997 877,997 853,996 771,996 747,999 616,999 583,1003 463,1003 438,1000 306,1000 306,950"/>
<Baseline points="306,1000 438,1000 463,1003 583,1003 616,999 747,999 771,996 853,996 877,997 944,997 970,998 1163,998 1190,1009 1231,1009 1255,1014 1329,1014 1356,1004 1424,1004 1448,1005 1504,1005"/>
<TextEquiv><Unicode>Anſtoß erregt. Indem man das conventus zu eng, von der</Unicode></TextEquiv>
</TextLine>

<TextLine id="line_10">
<Coords points="305,1028 388,1028 417,1030 606,1030 640,1032 766,1032 810,1034 980,1034 1024,1039 1094,1039 1128,1039 1182,1039 1208,1040 1322,1040 1354,1042 1419,1042 1439,1044 1504,1044 1504,1082 1439,1082 1419,1091 1354,1091 1322,1081 1208,1081 1182,1079 1128,1079 1094,1077 1024,1077 980,1085 810,1085 766,1083 640,1083 606,1079 417,1079 388,1068 305,1068 305,1028"/>
<Baseline points="305,1068 388,1068 417,1079 606,1079 640,1083 766,1083 810,1085 980,1085 1024,1077 1094,1077 1128,1079 1182,1079 1208,1081 1322,1081 1354,1091 1419,1091 1439,1082 1504,1082"/>
<TextEquiv><Unicode>blos erhobenen Klage, verſtand, und die Stelle auf den</Unicode></TextEquiv>
</TextLine>

<TextLine id="line_11">
<Coords points="299,1106 526,1106 550,1107 684,1107 716,1110 832,1110 873,1113 980,1113 1016,1125 1098,1125 1129,1117 1275,1117 1307,1128 1348,1128 1379,1120 1500,1120 1500,1169 1379,1169 1348,1166 1307,1166 1275,1167 1129,1167 1098,1155 1016,1155 980,1161 873,1161 832,1161 716,1161 684,1158 550,1158 526,1155 299,1155 299,1106"/>
<Baseline points="299,1155 526,1155 550,1158 684,1158 716,1161 832,1161 873,1161 980,1161 1016,1155 1098,1155 1129,1167 1275,1167 1307,1166 1348,1166 1379,1169 1500,1169"/>
<TextEquiv><Unicode>ordentlichen Prozeß bezog, ſuchte man dadurch zu helfen,</Unicode></TextEquiv>
</TextLine>

<TextLine id="line_12">
<Coords points="297,1182 366,1182 397,1194 479,1194 508,1183 552,1183 583,1193 654,1193 685,1187 814,1187 838,1189 957,1189 986,1192 1161,1192 1202,1194 1242,1194 1272,1196 1420,1196 1445,1197 1501,1197 1501,1236 1445,1236 1420,1245 1272,1245 1242,1234 1202,1234 1161,1242 986,1242 957,1236 838,1236 814,1236 685,1236 654,1224 583,1224 552,1232 508,1232 479,1223 397,1223 366,1231 297,1231 297,1182"/>
<Baseline points="297,1231 366,1231 397,1223 479,1223 508,1232 552,1232 583,1224 654,1224 685,1236 814,1236 838,1236 957,1236 986,1242 1161,1242 1202,1234 1242,1234 1272,1245 1420,1245 1445,1236 1501,1236"/>
<TextEquiv><Unicode>daß man ſie von ſolchen Fällen verſtand, in welchen die</Unicode></TextEquiv>
</TextLine>

<TextLine id="line_13">
<Coords points="299,1258 336,1258 363,1260 406,1260 433,1268 514,1268 538,1261 788,1261 813,1265 994,1265 1028,1270 1201,1270 1235,1274 1374,1274 1408,1282 1501,1282 1501,1324 1408,1324 1374,1313 1235,1313 1201,1320 1028,1320 994,1317 813,1317 788,1309 538,1309 514,1300 433,1300 406,1300 363,1300 336,1299 299,1299 299,1258"/>
<Baseline points="299,1299 336,1299 363,1300 406,1300 433,1300 514,1300 538,1309 788,1309 813,1317 994,1317 1028,1320 1201,1320 1235,1313 1374,1313 1408,1324 1501,1324"/>
<TextEquiv><Unicode>L. C. vom Verſtorbenen abſichtlich verzögert worden war,</Unicode></TextEquiv>
</TextLine>

<TextLine id="line_14">
<Coords points="299,1337 444,1337 490,1338 771,1338 810,1342 1004,1342 1048,1346 1109,1346 1152,1348 1243,1348 1286,1362 1391,1362 1434,1354 1500,1354 1500,1393 1434,1393 1391,1402 1286,1402 1243,1399 1152,1399 1109,1396 1048,1396 1004,1394 810,1394 771,1390 490,1390 444,1386 299,1386 299,1337"/>
<Baseline points="299,1386 444,1386 490,1390 771,1390 810,1394 1004,1394 1048,1396 1109,1396 1152,1399 1243,1399 1286,1402 1391,1402 1434,1393 1500,1393"/>
<TextEquiv><Unicode>welches widerrechtliche Verfahren ihn nicht gegen den</Unicode></TextEquiv>
</TextLine>

<TextLine id="line_15">
<Coords points="291,1405 479,1405 500,1416 570,1416 589,1416 687,1416 694,1418 809,1418 833,1420 973,1420 998,1423 1094,1423 1119,1424 1194,1424 1234,1428 1499,1428 1499,1478 1234,1478 1194,1475 1119,1475 1094,1472 998,1472 973,1469 833,1469 809,1458 694,1458 687,1465 589,1465 570,1465 500,1465 479,1464 291,1464 291,1405"/>
<Baseline points="291,1464 479,1464 500,1465 570,1465 589,1465 687,1465 694,1458 809,1458 833,1469 973,1469 998,1472 1094,1472 1119,1475 1194,1475 1234,1478 1499,1478"/>
<TextEquiv><Unicode>Übergang auf ſeine Erben ſchützen ſollte . Haloander</Unicode></TextEquiv>
</TextLine>

</TextRegion>
<TextRegion id="block_1" custom="structure {type:pageNum;}">
<Coords points="324,146 324,189 373,189 373,146 324,146"/>
<TextLine id="line_16">
<Coords points="324,146 373,146 373,189 324,189 324,146"/>
<Baseline points="324,189 373,189"/>
<TextEquiv><Unicode>20</Unicode></TextEquiv>
</TextLine>

</TextRegion>
<TextRegion id="block_2" custom="structure {type:header;}">
<Coords points="478,157 478,207 1354,207 1354,157 478,157"/>
<TextLine id="line_17">
<Coords points="478,157 561,157 582,157 620,157 650,157 950,157 992,161 1068,161 1088,162 1142,162 1174,164 1354,164 1354,207 1174,207 1142,194 1088,194 1068,200 992,200 950,199 650,199 620,188 582,188 561,198 478,198 478,157"/>
<Baseline points="478,198 561,198 582,188 620,188 650,199 950,199 992,200 1068,200 1088,194 1142,194 1174,207 1354,207"/>
<TextEquiv><Unicode>Buch II. Rechtsverhältniſſe. Kap. IV. Verletzung.</Unicode></TextEquiv>
</TextLine>

</TextRegion>
<TextRegion id="block_3" custom="structure {type:note;}">
<Coords points="289,1537 289,1584 287,1590 287,1633 288,1636 288,1683 286,1685 286,1719 286,1736 419,1736 419,1782 419,1782 288,1782 288,1828 286,1830 286,1878 283,1881 283,1923 284,1929 284,1975 282,1978 282,2021 278,2026 278,2072 275,2077 275,2124 276,2124 276,2173 276,2173 276,2219 278,2222 278,2268 279,2271 279,2323 861,2323 861,2271 861,2268 861,2222 861,2219 861,2173 857,2173 857,2124 857,2124 857,2077 857,2072 857,2026 857,2021 857,1978 858,1975 858,1929 864,1923 864,1881 869,1878 869,1830 870,1828 870,1782 872,1782 872,1736 456,1736 456,1719 456,1685 866,1685 866,1683 866,1636 869,1633 869,1590 869,1584 869,1537 289,1537"/>
<TextLine id="line_18">
<Coords points="289,1537 503,1537 530,1543 581,1543 608,1543 764,1543 794,1546 869,1546 869,1579 794,1579 764,1582 608,1582 581,1584 530,1584 503,1572 289,1572 289,1537"/>
<Baseline points="289,1572 503,1572 530,1584 581,1584 608,1582 764,1582 794,1579 869,1579"/>
<TextEquiv><Unicode>deeretorum des Paulus kom-</Unicode></TextEquiv>
</TextLine>

<TextLine id="line_19">
<Coords points="287,1596 354,1596 373,1590 500,1590 511,1590 640,1590 663,1593 734,1593 753,1593 869,1593 869,1633 753,1633 734,1625 663,1625 640,1624 511,1624 500,1630 373,1630 354,1621 287,1621 287,1596"/>
<Baseline points="287,1621 354,1621 373,1630 500,1630 511,1624 640,1624 663,1625 734,1625 753,1633 869,1633"/>
<TextEquiv><Unicode>men mehrere Stellen über Fiscal-</Unicode></TextEquiv>
</TextLine>

<TextLine id="line_20">
<Coords points="288,1636 389,1636 409,1645 461,1645 480,1640 544,1640 562,1644 763,1644 780,1643 866,1643 866,1676 780,1676 763,1683 562,1683 544,1672 480,1672 461,1671 409,1671 389,1679 288,1679 288,1636"/>
<Baseline points="288,1679 389,1679 409,1671 461,1671 480,1672 544,1672 562,1683 763,1683 780,1676 866,1676"/>
<TextEquiv><Unicode>klagen vor dem procurator Cae-</Unicode></TextEquiv>
</TextLine>

<TextLine id="line_21">
<Coords points="286,1685 375,1685 396,1693 456,1693 456,1719 396,1719 375,1718 286,1718 286,1685"/>
<Baseline points="286,1718 375,1718 396,1719 456,1719"/>
<TextEquiv><Unicode>saris vor.</Unicode></TextEquiv>
</TextLine>

<TextLine id="line_22">
<Coords points="419,1736 491,1736 502,1742 675,1742 686,1737 797,1737 804,1742 872,1742 872,1782 804,1782 797,1772 686,1772 675,1769 502,1769 491,1769 419,1769 419,1736"/>
<Baseline points="419,1769 491,1769 502,1769 675,1769 686,1772 797,1772 804,1782 872,1782"/>
<TextEquiv><Unicode>Das conventus fuerat darf</Unicode></TextEquiv>
</TextLine>

<TextLine id="line_23">
<Coords points="288,1791 349,1791 368,1782 444,1782 462,1794 498,1794 517,1785 724,1785 743,1796 802,1796 821,1792 870,1792 870,1824 821,1824 802,1823 743,1823 724,1828 517,1828 498,1826 462,1826 444,1826 368,1826 349,1817 288,1817 288,1791"/>
<Baseline points="288,1817 349,1817 368,1826 444,1826 462,1826 498,1826 517,1828 724,1828 743,1823 802,1823 821,1824 870,1824"/>
<TextEquiv><Unicode>nur nicht zu eingeſchränkt von der</Unicode></TextEquiv>
</TextLine>

<TextLine id="line_24">
<Coords points="286,1830 359,1830 381,1832 590,1832 600,1835 720,1835 746,1840 869,1840 869,1878 746,1878 720,1877 600,1877 590,1873 381,1873 359,1864 286,1864 286,1830"/>
<Baseline points="286,1864 359,1864 381,1873 590,1873 600,1877 720,1877 746,1878 869,1878"/>
<TextEquiv><Unicode>blos erhobenen Klage, verſtan-</Unicode></TextEquiv>
</TextLine>

<TextLine id="line_25">
<Coords points="283,1881 338,1881 369,1881 495,1881 535,1883 566,1883 597,1884 651,1884 681,1890 864,1890 864,1919 681,1919 651,1917 597,1917 566,1922 535,1922 495,1920 369,1920 338,1923 283,1923 283,1881"/>
<Baseline points="283,1923 338,1923 369,1920 495,1920 535,1922 566,1922 597,1917 651,1917 681,1919 864,1919"/>
<TextEquiv><Unicode>den werden, ſo wie conventus</Unicode></TextEquiv>
</TextLine>

<TextLine id="line_26">
<Coords points="284,1931 344,1931 380,1929 521,1929 538,1931 588,1931 619,1932 771,1932 800,1935 858,1935 858,1970 800,1970 771,1975 619,1975 588,1966 538,1966 521,1973 380,1973 344,1963 284,1963 284,1931"/>
<Baseline points="284,1963 344,1963 380,1973 521,1973 538,1966 588,1966 619,1975 771,1975 800,1970 858,1970"/>
<TextEquiv><Unicode>und petitum in mehreren Di-</Unicode></TextEquiv>
</TextLine>

<TextLine id="line_27">
<Coords points="282,1978 477,1978 499,1980 567,1980 587,1980 639,1980 656,1983 718,1983 745,1985 857,1985 857,2017 745,2017 718,2015 656,2015 639,2018 587,2018 567,2021 499,2021 477,2019 282,2019 282,1978"/>
<Baseline points="282,2019 477,2019 499,2021 567,2021 587,2018 639,2018 656,2015 718,2015 745,2017 857,2017"/>
<TextEquiv><Unicode>geſtenſtellen auch bei dem ordent-</Unicode></TextEquiv>
</TextLine>

<TextLine id="line_28">
<Coords points="278,2026 372,2026 400,2030 512,2030 545,2031 714,2031 746,2039 790,2039 825,2040 857,2040 857,2068 825,2068 790,2066 746,2066 714,2072 545,2072 512,2071 400,2071 372,2068 278,2068 278,2026"/>
<Baseline points="278,2068 372,2068 400,2071 512,2071 545,2072 714,2072 746,2066 790,2066 825,2068 857,2068"/>
<TextEquiv><Unicode>lichen Prozeß vorkommt, wo es</Unicode></TextEquiv>
</TextLine>

<TextLine id="line_29">
<Coords points="275,2077 336,2077 352,2077 538,2077 555,2088 630,2088 645,2080 773,2080 798,2084 857,2084 857,2124 798,2124 773,2120 645,2120 630,2112 555,2112 538,2111 352,2111 336,2110 275,2110 275,2077"/>
<Baseline points="275,2110 336,2110 352,2111 538,2111 555,2112 630,2112 645,2120 773,2120 798,2124 857,2124"/>
<TextEquiv><Unicode>das convenire cum effectu, alſo</Unicode></TextEquiv>
</TextLine>

<TextLine id="line_30">
<Coords points="276,2124 322,2124 352,2125 420,2125 448,2128 499,2128 538,2129 725,2129 753,2132 783,2132 811,2133 857,2133 857,2173 811,2173 783,2165 753,2165 725,2171 538,2171 499,2159 448,2159 420,2162 352,2162 322,2157 276,2157 276,2124"/>
<Baseline points="276,2157 322,2157 352,2162 420,2162 448,2159 499,2159 538,2171 725,2171 753,2165 783,2165 811,2173 857,2173"/>
<TextEquiv><Unicode>die Zeit der vollzogenen L. C.,</Unicode></TextEquiv>
</TextLine>

<TextLine id="line_31">
<Coords points="276,2173 438,2173 461,2174 538,2174 548,2178 755,2178 766,2182 861,2182 861,2216 766,2216 755,2219 548,2219 538,2210 461,2210 438,2216 276,2216 276,2173"/>
<Baseline points="276,2216 438,2216 461,2210 538,2210 548,2219 755,2219 766,2216 861,2216"/>
<TextEquiv><Unicode>bezeichnet. Eine entſcheidende Stelle</Unicode></TextEquiv>
</TextLine>

<TextLine id="line_32">
<Coords points="278,2222 328,2222 354,2222 425,2222 443,2224 621,2224 645,2230 698,2230 718,2238 861,2238 861,2263 718,2263 698,2261 645,2261 621,2268 443,2268 425,2264 354,2264 328,2262 278,2262 278,2222"/>
<Baseline points="278,2262 328,2262 354,2264 425,2264 443,2268 621,2268 645,2261 698,2261 718,2263 861,2263"/>
<TextEquiv><Unicode>für dieſe Bedeutung des conven-</Unicode></TextEquiv>
</TextLine>

<TextLine id="line_33">
<Coords points="279,2273 335,2273 352,2271 386,2271 406,2272 448,2272 461,2276 482,2276 501,2273 545,2273 571,2285 651,2285 672,2284 737,2284 760,2282 805,2282 825,2283 861,2283 861,2323 825,2323 805,2320 760,2320 737,2311 672,2311 651,2309 571,2309 545,2306 501,2306 482,2306 461,2306 448,2307 406,2307 386,2314 352,2314 335,2306 279,2306 279,2273"/>
<Baseline points="279,2306 335,2306 352,2314 386,2314 406,2307 448,2307 461,2306 482,2306 501,2306 545,2306 571,2309 651,2309 672,2311 737,2311 760,2320 805,2320 825,2323 861,2323"/>
<TextEquiv><Unicode>tus iſt L. 8 de nox. act. (9. 4)</Unicode></TextEquiv>
</TextLine>

</TextRegion>
<TextRegion id="block_4" custom="structure {type:note;}">
<Coords points="918,1548 918,1593 917,1595 917,1646 916,1646 916,1694 916,1696 1030,1696 1030,1741 1030,1743 916,1743 916,1788 917,1793 917,1840 917,1842 917,1875 917,1892 1051,1892 1051,1938 1051,1939 906,1939 906,1987 905,1986 905,2036 907,2036 907,2082 906,2086 906,2134 904,2135 904,2181 906,2185 906,2232 909,2234 909,2281 908,2282 908,2328 1482,2328 1482,2282 1489,2281 1489,2234 1489,2232 1489,2185 1489,2181 1489,2135 1493,2134 1493,2086 1494,2082 1494,2036 1492,2036 1492,1986 1494,1987 1494,1939 1492,1938 1492,1892 1048,1892 1048,1875 1048,1842 1495,1842 1495,1840 1495,1793 1493,1788 1493,1743 1494,1741 1494,1696 1391,1696 1391,1694 1391,1646 1495,1646 1495,1646 1495,1595 1500,1593 1500,1548 918,1548"/>
<TextLine id="line_34">
<Coords points="918,1548 1000,1548 1031,1550 1060,1550 1091,1551 1141,1551 1162,1554 1303,1554 1331,1554 1376,1554 1396,1554 1437,1554 1458,1557 1500,1557 1500,1589 1458,1589 1437,1587 1396,1587 1376,1588 1331,1588 1303,1593 1162,1593 1141,1590 1091,1590 1060,1588 1031,1588 1000,1581 918,1581 918,1548"/>
<Baseline points="918,1581 1000,1581 1031,1588 1060,1588 1091,1590 1141,1590 1162,1593 1303,1593 1331,1588 1376,1588 1396,1587 1437,1587 1458,1589 1500,1589"/>
<TextEquiv><Unicode>Eben ſo für petitum die L. 22</Unicode></TextEquiv>
</TextLine>

<TextLine id="line_35">
<Coords points="917,1595 957,1595 993,1596 1059,1596 1096,1599 1184,1599 1223,1603 1286,1603 1320,1604 1353,1604 1393,1605 1495,1605 1495,1646 1393,1646 1353,1643 1320,1643 1286,1641 1223,1641 1184,1633 1096,1633 1059,1628 993,1628 957,1627 917,1627 917,1595"/>
<Baseline points="917,1627 957,1627 993,1628 1059,1628 1096,1633 1184,1633 1223,1641 1286,1641 1320,1643 1353,1643 1393,1646 1495,1646"/>
<TextEquiv><Unicode>de reb. cred. (12. 1) Vergl.</Unicode></TextEquiv>
</TextLine>

<TextLine id="line_36">
<Coords points="916,1646 1083,1646 1103,1648 1142,1648 1165,1650 1184,1650 1206,1651 1249,1651 1271,1652 1319,1652 1342,1653 1391,1653 1391,1694 1342,1694 1319,1684 1271,1684 1249,1684 1206,1684 1184,1681 1165,1681 1142,1686 1103,1686 1083,1687 916,1687 916,1646"/>
<Baseline points="916,1687 1083,1687 1103,1686 1142,1686 1165,1681 1184,1681 1206,1684 1249,1684 1271,1684 1319,1684 1342,1694 1391,1694"/>
<TextEquiv><Unicode>Wächter H. 3 S. 66. 67.</Unicode></TextEquiv>
</TextLine>

<TextLine id="line_37">
<Coords points="1030,1696 1086,1696 1107,1697 1313,1697 1335,1701 1428,1701 1450,1702 1494,1702 1494,1735 1450,1735 1428,1741 1335,1741 1313,1741 1107,1741 1086,1739 1030,1739 1030,1696"/>
<Baseline points="1030,1739 1086,1739 1107,1741 1313,1741 1335,1741 1428,1741 1450,1735 1494,1735"/>
<TextEquiv><Unicode>Im Weſentlichen haben die</Unicode></TextEquiv>
</TextLine>

<TextLine id="line_38">
<Coords points="916,1743 1032,1743 1057,1745 1238,1745 1270,1747 1414,1747 1439,1751 1493,1751 1493,1782 1439,1782 1414,1782 1270,1782 1238,1788 1057,1788 1032,1785 916,1785 916,1743"/>
<Baseline points="916,1785 1032,1785 1057,1788 1238,1788 1270,1782 1414,1782 1439,1782 1493,1782"/>
<TextEquiv><Unicode>richtige Erklärung: Voorda In-</Unicode></TextEquiv>
</TextLine>

<TextLine id="line_39">
<Coords points="917,1795 1021,1795 1048,1793 1106,1793 1139,1797 1193,1797 1225,1797 1389,1797 1416,1800 1453,1800 1476,1801 1495,1801 1495,1833 1476,1833 1453,1840 1416,1840 1389,1837 1225,1837 1193,1835 1139,1835 1106,1833 1048,1833 1021,1834 917,1834 917,1795"/>
<Baseline points="917,1834 1021,1834 1048,1833 1106,1833 1139,1835 1193,1835 1225,1837 1389,1837 1416,1840 1453,1840 1476,1833 1495,1833"/>
<TextEquiv><Unicode>terpr. II., 19, Wächter H. 3</Unicode></TextEquiv>
</TextLine>

<TextLine id="line_40">
<Coords points="917,1842 956,1842 981,1843 1048,1843 1048,1875 981,1875 956,1875 917,1875 917,1842"/>
<Baseline points="917,1875 956,1875 981,1875 1048,1875"/>
<TextEquiv><Unicode>S. 112.</Unicode></TextEquiv>
</TextLine>

<TextLine id="line_41">
<Coords points="1051,1892 1136,1892 1168,1895 1315,1895 1351,1897 1492,1897 1492,1938 1351,1938 1315,1934 1168,1934 1136,1933 1051,1933 1051,1892"/>
<Baseline points="1051,1933 1136,1933 1168,1934 1315,1934 1351,1938 1492,1938"/>
<TextEquiv><Unicode>Nach mehreren Vorgän-</Unicode></TextEquiv>
</TextLine>

<TextLine id="line_42">
<Coords points="906,1948 975,1948 996,1939 1075,1939 1095,1939 1136,1939 1158,1941 1230,1941 1249,1944 1416,1944 1438,1957 1494,1957 1494,1980 1438,1980 1416,1987 1249,1987 1230,1982 1158,1982 1136,1982 1095,1982 1075,1980 996,1980 975,1980 906,1980 906,1948"/>
<Baseline points="906,1980 975,1980 996,1980 1075,1980 1095,1982 1136,1982 1158,1982 1230,1982 1249,1987 1416,1987 1438,1980 1494,1980"/>
<TextEquiv><Unicode>gern hatte ich dieſe Erklärung an-</Unicode></TextEquiv>
</TextLine>

<TextLine id="line_43">
<Coords points="905,1986 1089,1986 1118,1989 1179,1989 1201,1992 1220,1992 1243,1993 1263,1993 1283,1994 1342,1994 1364,2004 1421,2004 1447,1996 1492,1996 1492,2030 1447,2030 1421,2036 1364,2036 1342,2026 1283,2026 1263,2031 1243,2031 1220,2022 1201,2022 1179,2023 1118,2023 1089,2028 905,2028 905,1986"/>
<Baseline points="905,2028 1089,2028 1118,2023 1179,2023 1201,2022 1220,2022 1243,2031 1263,2031 1283,2026 1342,2026 1364,2036 1421,2036 1447,2030 1492,2030"/>
<TextEquiv><Unicode>genommen, Bd. 5 § 211 g., die</Unicode></TextEquiv>
</TextLine>

<TextLine id="line_44">
<Coords points="907,2036 946,2036 982,2037 1044,2037 1081,2047 1156,2047 1195,2042 1333,2042 1373,2046 1412,2046 1447,2045 1494,2045 1494,2079 1447,2079 1412,2076 1373,2076 1333,2082 1195,2082 1156,2081 1081,2081 1044,2079 982,2079 946,2077 907,2077 907,2036"/>
<Baseline points="907,2077 946,2077 982,2079 1044,2079 1081,2081 1156,2081 1195,2082 1333,2082 1373,2076 1412,2076 1447,2079 1494,2079"/>
<TextEquiv><Unicode>ich jetzt ganz aufgebe, da die</Unicode></TextEquiv>
</TextLine>

<TextLine id="line_45">
<Coords points="906,2086 1002,2086 1020,2087 1168,2087 1197,2090 1274,2090 1295,2092 1385,2092 1404,2093 1493,2093 1493,2134 1404,2134 1385,2131 1295,2131 1274,2123 1197,2123 1168,2129 1020,2129 1002,2120 906,2120 906,2086"/>
<Baseline points="906,2120 1002,2120 1020,2129 1168,2129 1197,2123 1274,2123 1295,2131 1385,2131 1404,2134 1493,2134"/>
<TextEquiv><Unicode>Stelle durchaus keine Spur dieſer</Unicode></TextEquiv>
</TextLine>

<TextLine id="line_46">
<Coords points="904,2135 1143,2135 1182,2139 1303,2139 1332,2159 1373,2159 1401,2142 1489,2142 1489,2175 1401,2175 1373,2166 1332,2166 1303,2181 1182,2181 1143,2179 904,2179 904,2135"/>
<Baseline points="904,2179 1143,2179 1182,2181 1303,2181 1332,2166 1373,2166 1401,2175 1489,2175"/>
<TextEquiv><Unicode>Vorausſetzung enthält. — Kie-</Unicode></TextEquiv>
</TextLine>

<TextLine id="line_47">
<Coords points="906,2185 1005,2185 1045,2187 1087,2187 1123,2189 1183,2189 1225,2189 1376,2189 1414,2191 1489,2191 1489,2232 1414,2232 1376,2231 1225,2231 1183,2220 1123,2220 1087,2220 1045,2220 1005,2226 906,2226 906,2185"/>
<Baseline points="906,2226 1005,2226 1045,2220 1087,2220 1123,2220 1183,2220 1225,2231 1376,2231 1414,2232 1489,2232"/>
<TextEquiv><Unicode>rulff S. 281 betrachtet dieſe</Unicode></TextEquiv>
</TextLine>

<TextLine id="line_48">
<Coords points="909,2234 1003,2234 1022,2235 1072,2235 1096,2235 1180,2235 1189,2237 1318,2237 1337,2240 1394,2240 1405,2240 1489,2240 1489,2281 1405,2281 1394,2279 1337,2279 1318,2278 1189,2278 1180,2270 1096,2270 1072,2268 1022,2268 1003,2268 909,2268 909,2234"/>
<Baseline points="909,2268 1003,2268 1022,2268 1072,2268 1096,2270 1180,2270 1189,2278 1318,2278 1337,2279 1394,2279 1405,2281 1489,2281"/>
<TextEquiv><Unicode>Stelle als einen Beweis, daß ſchon</Unicode></TextEquiv>
</TextLine>

<TextLine id="line_49">
<Coords points="908,2282 952,2282 958,2283 1070,2283 1089,2284 1135,2284 1152,2285 1333,2285 1352,2290 1402,2290 1411,2289 1440,2289 1453,2289 1482,2289 1482,2324 1453,2324 1440,2322 1411,2322 1402,2322 1352,2322 1333,2328 1152,2328 1135,2319 1089,2319 1070,2318 958,2318 952,2318 908,2318 908,2282"/>
<Baseline points="908,2318 952,2318 958,2318 1070,2318 1089,2319 1135,2319 1152,2328 1333,2328 1352,2322 1402,2322 1411,2322 1440,2322 1453,2324 1482,2324"/>
<TextEquiv><Unicode>die Römer die Wirkungen der L. C</Unicode></TextEquiv>
</TextLine>

</TextRegion>
</Page>
</PcGts>