1600 2682
162 280 1131 333 Die einzelnen Fälle dieſer Klaſſe ſind folgende.
163 362 1301 415 Es iſt keine Schenkung, wenn Derjenige, welchem eine
87 443 1301 498 Erbſchaft oder ein Legat angefallen iſt, dieſes ausſchlägt,
90 510 1306 579 um dem nach ihm Berufenen den Vortheil zuzuwenden;
87 607 1306 660 daher iſt dieſe Begünſtigung unter Ehegatten erlaubt ,
84 689 1305 742 und eben ſo iſt hier die Anwendung der Pauliana und der
86 770 1301 823 Faviana ausgeſchloſſen . Daſſelbe gilt, wenn Jemand
90 846 1303 903 den ihm geneigten Teſtator beſtimmt, nicht ihm, ſondern
84 932 1299 986 einem Andern, die Erbſchaft oder ein Legat zuzuwenden .
87 1013 1300 1066 Eben ſo wenn der berufene Legatar (oder Erbe) den Er-
87 1096 1302 1150 werb dadurch verhindert, daß er eine vorgeſchriebene Be-
84 1177 1304 1231 dingung abſichtlich unerfüllt läßt . — Dieſer ganzen Be-
254 174 1121 222 §. 145. Schenkung. Begriff. 2. Veräußerung.
1250 177 1302 213 29
83 1287 664 1330 Behauptungen liegt in folgender
86 1338 666 1382 Stelle, worin man bey oberfläch-
87 1383 669 1432 licher Betrachtung einen Einwurf
92 1440 671 1483 ſuchen könnte. L. 45 pr. de j.
80 1490 681 1533 fisci (49. 14.). „In fraudem fisci
88 1542 680 1584 non solum per donationem, sed
87 1593 680 1635 quocunque modo res alienatae
88 1642 679 1686 revocantur: idemque juris est
92 1696 676 1736 et si non quaeratur: aeque
92 1745 671 1788 enim in omnibus fraus puni-
90 1794 669 1836 tur.” Hier iſt deutlich anerkannt,
88 1847 668 1887 daß der unterlaſſene Erwerb we-
83 1898 668 1939 der als Schenkung, noch über-
84 1948 668 1992 haupt als Veräußerung zu be-
84 1999 668 2042 trachten iſt; nur ſoll das Klage-
84 2049 669 2093 recht des Fiscus alle dieſe Fälle
85 2101 458 2143 gleichmäßig umfaſſen.
200 2152 666 2197 L. 5 § 13. 14 de don. int.
92 2205 305 2246 vir. (24. 1.). Ganz gewiß kann
97 2252 666 2297 in demſelben Fall weder von der
90 2304 664 2348 L. Cincia, noch von der Inſi-
86 2354 663 2401 nuation die Rede ſeyn. Nicht
84 2406 664 2452 blos paſſen die hierin enthalte-
716 1288 1301 1331 nen Formen gar nicht auf die
716 1341 1302 1384 Ausſchlagung der Erbſchaft oder
717 1392 1302 1434 des Legats, ſondern dieſe Be-
721 1442 1303 1485 ſchränkung ſteht mit der Grund-
728 1493 1304 1537 anſicht des R. R. von der freyen
730 1541 1307 1584 Willkühr berufener Erben oder
729 1592 1309 1640 Legatare im Widerſpruch. Bey
728 1642 1307 1689 Erbſchaften kommt noch hinzu der
723 1694 1304 1740 unſichere Erfolg des Ausſchlagens,
720 1743 1300 1790 weil der Erwerb des nachher Be-
720 1795 1304 1840 rufenen, dem der Vortheil zuge-
718 1845 1301 1893 dacht iſt, noch auf mancherley
718 1895 1302 1937 Weiſe verhindert werden kann:
718 1948 1300 1994 durch deſſen Ausſchlagen oder Tod,
718 1997 1301 2044 durch Verſäumniß der Agnitions-
719 2048 791 2091 friſt.
760 2102 1300 2146 L. 6 § 2 — 5 quae in fraud.
718 2153 1299 2198 (42. 8.). — L. 1 § 6 si quid in
707 2203 996 2247 fraud. (38. 5.).
833 2254 1304 2299 L. 31 § 7 de don. int. v.
713 2307 1303 2352 (24. 1.), von dem Verhältniß der
714 2360 893 2402 Ehegatten.
823 2408 1293 2453 L. 1 § 6 si quid in fraud.
