1600 2652
405 344 1521 400 Dieſe Fiction endlich gilt nicht nur bey Teſtamenten,
326 426 1522 481 ſondern auch bey Verträgen, und dieſe zweyte Art der
330 506 1519 563 Anwendung wird hier in unſren Rechtsquellen ausdrücklich
330 566 578 638 erwähnt .
404 669 1519 725 C. Eine ganz andere Natur hat die dritte Fiction,
330 749 1520 803 welche nicht auf einer, aus allgemeineren Grundſätzen ab-
327 830 1515 886 geleiteten, Rechtsregel beruht, ſondern auf der bloßen Be-
323 910 1517 965 günſtigung der Freyheit, folglich auch den Charakter eines
319 992 1517 1044 ganz poſitiven Rechtsſatzes, eines jus constitutum oder
316 1073 1516 1126 singulare (§ 16. q.) an ſich trägt. Wenn nämlich ein
317 1150 1512 1205 Sklave durch letzten Willen, direct oder fideikommiſſariſch,
320 1215 1517 1283 freygelaſſen wird unter einer mixta conditio, und wenn
322 1310 1514 1366 derſelbe von ſeiner Seite zur Erfüllung bereit iſt, auch
321 1376 1512 1447 alle von ihm erwartete Mittel zur Erfüllung in Bereit-
317 1470 1514 1526 ſchaft hat, nun aber die Erfüllung durch eine äußere Ur-
312 1532 1512 1616 ſache verhindert wird, ſo gilt die Bedingung dennoch als
312 1630 1510 1687 erfüllt, und der Sklave wird frey . Dieſes geſchieht
316 1710 1513 1765 alſo namentlich in dem Fall, wenn der Sklave einer be-
328 239 397 276 142
418 236 1522 288 Buch II. Rechtsverhältniſſe. Kap. III. Entſtehung und Untergang.
318 1839 893 1884 gung der Freyheit darin beſteht,
317 1890 893 1931 daß der Sklave einem Dritten
315 1939 894 1984 100 zahle. Hier tritt die erſte
306 1990 894 2034 Fiction ein, wenn der Dritte die
313 2042 896 2087 Annahme verweigert: die zweyte,
314 2093 896 2130 wenn der Erbe dem Sklaren die
312 2142 894 2188 Zahlung verbietet. L. 3 § 2 de
312 2190 894 2239 statulib. (40 7.). Vgl. L. 3 § 9
314 2242 862 2290 de cond. causa data (12. 4.).
417 2293 895 2337 Vgl. die vier erſten unter
318 2344 891 2389 den in Note g angeführten Stellen.
358 2393 891 2440 L. 20 § 3. 4, L. 19, L. 3
286 2421 890 2492 pr. § 8. 10. 11, L. 4 § 2. 5, L. 5
936 1833 1508 1889 pr., L. 28 pr. de statulib. (40.
942 1894 1508 1938 7.), L. 55 pr. § 1. 2 de manum.
941 1946 1509 1989 test. (40. 4.), L. 94 pr. § 1 de
942 1994 1511 2040 cond. (35. 1.). — Ulpian. II. § 6
942 2044 1510 2089 „si paratus sit dare, et is cui
937 2096 1512 2139 jussus est dare … moriatur.”
941 2145 1512 2190 Ulpian hat in den §§ 5 und 6 un-
943 2193 1511 2239 ſre drey Fictionen neben einan-
942 2245 1512 2292 der (ſ. o. Note b und g), ohne ſie
942 2298 1510 2342 genau zu unterſcheiden, was auch
941 2348 1508 2394 in dem Fall des statuliber, von
939 2398 1507 2445 welchem allein er hier ſpricht, gar
937 2448 1232 2495 nicht nöthig war.
