1600 2652
491 189 1026 233 §. 114. Zwang und Irrthum.
168 272 1376 347 auf das Vermögen gerichteten Rechtsverletzung zu jener
171 370 1002 430 Wirkung gewiß nicht hinreichen .
238 450 1362 504 2) Es iſt ferner nöthig eine gegründete Furcht, alſo
168 522 1368 584 ein wahrſcheinliches Übel, welchem ſchwer zu widerſtehen
173 599 1369 663 iſt, ſo daß der Characterſchwäche oder der leeren Einbil-
173 690 988 745 dung kein Schutz verheißen ſeyn ſoll .
248 761 1369 823 3) Endlich aber, und was das Wichtigſte iſt, es ge-
171 851 1368 903 nügt nicht das bloße Daſeyn der Furcht, ſondern die Furcht
168 931 1367 984 muß auf einer Drohung beruhen, das heißt ſie muß von
168 1012 1366 1064 irgend einem Menſchen abſichtlich erregt worden ſeyn, um
168 1093 1367 1145 dieſe Handlung zu bewirken . War dieſes der Fall, ſo
171 1173 1372 1225 beſchränkt ſich allerdings die Wirkung nicht auf den Ur-
168 1252 1373 1303 heber allein, ſondern ſie erſtreckt ſich auch auf andere,
165 1333 1223 1383 ſchuldloſe Perſonen, das heißt ſie geht in rem .
246 1412 1370 1463 Faſſen wir das hier Geſagte, und im Einzelnen Be-
174 1481 1365 1541 wieſene, zu einer kurzen Überſicht zuſammen, ſo ergiebt
174 1562 1363 1621 ſich daraus die Beſtätigung des oben aufgeſtellten Grund-
1297 190 1361 225 107
272 1679 737 1723 Auch hier wieder (wie in
172 1730 739 1773 Note p) muß gegen das Mis-
169 1781 740 1822 verſtändniß gewarnt werden, als
167 1830 743 1873 ob gegen ſolche Drohungen jegli-
166 1881 743 1925 cher Schutz fehlte. Hier kann die
164 1932 741 1974 condictio ob turpem causam
164 1981 739 2025 helfen (L. 2 pr. L. 4 § 2 de cond.
164 2031 736 2075 ob turp. 12. 5.), die nur andere
171 2082 736 2128 Regeln hat, als die actio quod
172 2128 735 2175 metus causa. Der durchgrei-
174 2182 735 2225 fendſte praktiſche Unterſchied liegt
173 2230 737 2276 darin, daß die actio quod me-
172 2283 738 2326 tus causa gegen jeden Dritten
170 2330 738 2375 wirkt, anſtatt daß die erwähnten
165 2383 737 2428 anderen Rechtsmittel (Note p und
787 1680 1362 1722 r) nur gegen den Thäter gehen.
897 1729 1366 1773 L. 6 quod metus (4. 2.).
790 1780 1368 1822 „Metum autem non vani homi-
791 1830 1367 1871 nis, sed qui merito et in ho-
791 1880 1364 1921 mine constantissimo cadat, ad
792 1930 1362 1973 hoc edictum pertinere constat.”
791 1980 1361 2024 L. 7 pr. L. 9 pr. eod. L. 184 de
790 2032 1055 2075 R. J. (50. 17.).
898 2082 1358 2128 L. 14 § 3 quod metus (4.
786 2132 1358 2176 2.) „sufficit enim hoc docere,
787 2184 1358 2228 metum sibi illatum.” L. 9 § 1
789 2234 1028 2276 L. 21 pr. eod.
901 2284 1357 2328 L. 9 § 8 quod metus (4.
787 2334 1358 2380 2.), L. 4 § 33 de doli except.
787 2385 926 2428 (44. 4.).
