1600 2656
190 167 1249 234 §. 215. Directae, utiles actiones. Certa, incerta formula.
126 266 1336 335 niſchen Recht der Ausdruck fictitia actio ganz verſchwun-
127 349 1320 418 den iſt, während die Benennung der utiles actiones noch
127 433 1348 498 überall vorkommt. Dieſe hat nun für das Juſtinianiſche
128 510 1322 578 Recht, und für uns, nur noch eine geſchichtliche Bedeu-
127 596 1321 656 tung; ſie bringt uns in Erinnerung, daß eine ſo benannte
129 676 1319 741 Klage aus der allmäligen Erweiterung eines früher be-
136 756 1083 830 ſchränkteren Rechtsinſtituts hervorgegangen iſt.
205 820 1319 901 Es iſt jedoch kaum zn bezweifeln, daß auch ſchon im
131 913 1326 984 älteren Prozeß dieſe Erweiterung einer ſchon beſtehenden
127 988 1327 1064 Klage auf neue Fälle nicht immer als eigentliche Fiction
127 1077 1325 1143 in der Formel ausgedrückt wurde . Daher hatte man
126 1160 1322 1225 ſchon damals neben den utiles actiones, die als Fictionen
130 1241 1321 1303 in der Formel ausgedrückt wurden, auch ſolche, denen der
127 1323 1320 1389 Name blos in dem materiellen Sinn eines auf neue Fälle
125 1403 1317 1467 erweiterten Rechtsinſtituts beygelegt wurde. Insbeſondere
127 1474 1318 1551 läßt ſich annehmen, daß blos bey alten Civilklagen die
135 1565 1340 1631 Erweiterung durch eine Fiction in der Formel ausgedrückt
135 1647 1324 1711 wurde , anſtatt daß bey den prätoriſchen Klagen die
126 1727 1324 1793 Natur der utilis actio in der Faſſung der Formel nicht
123 1806 615 1859 zur Anſchauung kam .
1272 183 1322 221 73
230 1917 695 1964 Mühlenbruch Ceſſion
123 1969 599 2014 S. 150 der dritten Ausgabe.
239 2020 693 2068 Die von Gajus wörtlich
124 2071 692 2118 angeführten Fälle fingirter einzel-
123 2124 690 2170 ner Klagen beziehen ſich ſämtlich
125 2173 691 2221 auf alte Civilklagen, die dadurch
106 2224 560 2268 ausgedehnt werden ſollten.
230 2276 689 2323 Dahin würde alſo gehören
124 2325 687 2365 die utilis Serviana actio. L. 1
121 2373 689 2426 § 2 de pign. (20. 1), L. 1 pr.
742 1926 1314 1975 quib. m. pign. (20. 6.). Eben ſo
743 1977 1313 2027 das utile interdictum uti pos-
745 2026 1313 2076 sidetis, unde vi, quod legato-
743 2079 1313 2132 rum. Vatic. Fragm. § 90. Von
744 2123 1313 2176 dem zulezt genannten Inter-
744 2180 1312 2226 dict iſt in der angeführten Stelle
744 2230 1309 2278 die formula aufbewahrt, und aus
743 2282 1307 2330 dieſer erhält die hier aufgeſtellte
742 2333 1307 2380 Anſicht eine unmittelbare Beſtäti-
742 2384 1308 2428 gung, da in derſelben der Ausdruck
