1600 2652
329 324 1520 388 ſcheinungsformen . Dieſe Unſicherheit des Sprachge-
328 417 1522 478 brauchs iſt jedoch ohne allen Nachtheil, da die juriſtiſche
329 497 1364 549 Beurtheilung beider Zuſtände völlig dieſelbe iſt .
409 577 1520 628 Die Vernunftloſen nun ſind eben ſo rechtsfähig als
334 658 1520 710 Andere; nicht blos ihr Vermögen bleibt unverändert, ſon-
335 737 1521 789 dern auch jedes Familienverhältniß, wie Ehe und väter-
333 804 1517 869 liche Gewalt . Nur ihre Handlungsfähigkeit iſt völlig
333 898 1521 950 ruhend. Alles alſo, Was durch ſie geſchieht, kann nur
332 978 1522 1028 den täuſchenden Schein einer Handlung an ſich tragen,
330 1058 1521 1109 die rechtlichen Folgen einer Handlung entſtehen daraus
329 1137 1516 1188 niemals . Dieſer wichtige Satz gilt in den mannichfal-
331 1216 1520 1267 tigſten Anwendungen. Er gilt bey Rechtsgeſchäften, als
335 1294 1518 1365 Verträgen, Teſtamenten, Eheſcheidung, Beſitzerwerbung .
334 1362 1517 1446 Er gilt aber auch eben ſo entſchieden bey Verbrechen und
332 1435 1521 1506 Delicten , ſo daß alſo die von dem Vernunftloſen aus-
327 236 374 271 84
408 231 1518 279 Buch II. Rechtsverhältniſſe. Kap. III. Entſtehung und Untergang.
441 1607 895 1652 L. 25 C. de nupt. (5. 4.),
326 1658 896 1703 L. 8 § 1 de tut. et cur. (26. 5.).
327 1707 899 1749 — Im Deutſchen gebrauchen wir
327 1756 901 1799 als beſondere Bezeichnungen: Ra-
330 1806 729 1849 ſende und Blödſinnige.
443 1856 902 1898 Ausdrücklich anerkannt iſt
327 1905 902 1960 dieſe praktiſche Gleichheit in L. 25
329 1956 686 2000 C. de nupt. (5. 4.).
456 2090 917 2150 L. 40 L. 5 de R. J. (50.
325 2154 901 2201 17.), § 8 J. de inut. stip. (3. 19.).
326 2196 902 2246 — Nur den Schein einer Aus-
326 2254 901 2299 nahme hat der in L. 8 pr. de
330 2305 900 2348 his qui sui (1. 6.) aufgeſtellte
331 2355 896 2412 Satz, daß ungeachtet des Wahn-
327 2400 890 2479 ſinns eines Ehegatten oder auch
945 1608 1514 1652 beider, das in dieſem Zuſtand er-
945 1658 1517 1703 zeugte Kind dennoch in väterliche
947 1709 1518 1747 Gewalt kommt. Denn die Er-
950 1758 1517 1803 zeugung (verſchieden von dem Bey-
952 1808 1514 1851 ſchlaf) gilt nicht als freye Hand-
949 1859 1511 1900 lung, ſondern als ein von dem
947 1907 1513 1952 Willen unabhängiges Naturer-
946 1957 1054 2036 eigniß.
674 2255 901 2299 L. 8 pr. de his qui sui (1. 6.).
1056 2028 1518 2073 L. 2 C. de contr. emt. (4.
948 2078 1516 2123 38.), L. 2 de inoff. (5. 2.), L. 17
948 2129 1513 2172 qui test. (28. 1.), L. 22 § 7 sol.
947 2178 1514 2222 matr. (24. 3.), L. 1 § 12 de O.
949 2228 1515 2272 et A. (44. 7.), L. 18 § 1 de adqu.
944 2274 1201 2327 poss. (41. 2.).
1052 2324 1513 2431 L. 14 de off. praes. (1. 18),
940 2405 1457 2454 L. 5 § 2 ad L. Aqu. (9. 2.).
