1600 2635
165 264 1301 322 In allen übrigen Fällen eines gerichtlichen Geſtändniſſes
92 343 1300 401 fehlte es alſo ganz an ausdrücklichen Beſtimmungen über
92 423 1299 480 deſſen formelle Kraft. Dennoch iſt nicht zu bezweifeln, daß
95 486 1304 558 das Geſtändniß ſtets thatſächliche Anerkennung in den
92 581 1304 644 Urtheilen der Richter gefunden haben wird, und zwar ohne
89 658 1303 712 Unterſchied, ob es vor dem Prätor oder vor dem Judex
92 742 360 793 abgelegt war.
165 800 1298 870 3. Die volle Ausdehnung endlich, in welcher der
91 896 1296 949 Grundſatz oben aufgeſtellt worden iſt (§ 303), erhielt der-
90 975 1296 1032 ſelbe erſt durch einen Senatsſchluß unter der Regierung
91 1037 1301 1109 des K. Marcus Aurelius (oratio D. Marci). Hierin
89 1118 1298 1185 wurde beſtimmt ausgeſprochen, daß bei Klagen aller Art
90 1212 1296 1266 das vor dem Prätor abgelegte Geſtändniß für den Beklagten
92 1291 1294 1345 dieſelbe verpflichtende Kraft haben ſollte, wie ein rechtskräf-
90 1368 1296 1423 tiges Urtheil . — Wenngleich aber die Ausdrücke der alten
90 1449 1295 1503 Juriſten über den Umfang dieſes Senatsſchluſſes höchſt allge-
92 1528 1298 1581 mein gefaßt ſind, ſo muß derſelbe doch auf diejenigen Klagen
88 1607 1315 1659 beſchränkt werden, worüber jede Partei eine völlig freie
92 1685 1295 1737 Verfügung hat, welches bei den Klagen über Vermögens-
96 1763 1292 1814 rechte durchaus der Fall iſt. Dagegen iſt dem Geſtändniß
96 1841 1289 1893 nicht dieſelbe Kraft beizulegen, wenn es darauf abzweckt,
88 1921 1292 1972 die perſönliche Freiheit des Geſtändigen zu verneinen, oder
89 2000 876 2055 eine Ehe als ungültig darzuſtellen .
241 2079 1292 2139 4. Seit dem Untergang des ordo judiciorum hatte jede
246 172 1143 236 §. 304. I. Geſtändniß. Confessio. (Fortſetzung.)
1251 174 1303 216 15
225 2227 1266 2270 L. 6 § 2 de confessis (42. 2), L. 56 de re jud. (42. 1).
227 2276 1294 2321 L. 24. 39 C. de lib. causa (7. 16), C. 5 X. de eo, qui
84 2327 1053 2370 cognovit (4. 13). — Bethmann-Hollweg S. 274.
