1600 2652
324 305 1521 358 Verkehr beruht. Dieſer umfaſſende Begriff nun kommt in
323 386 1519 440 ſehr verſchiedener Weiſe vor. Zuerſt in verſchiedener Abſtu-
324 467 1520 522 fung, ſo daß er bald den härteſten Tadel in ſich ſchließt ,
326 548 1518 601 bald nur eine mäßige Misbilligung . Ferner in verſchie-
328 628 1522 680 dener Anwendung. Die beſtimmteſten und einflußreichſten
329 709 1521 760 Anwendungen des Begriffs ſind dieſe: 1) Abſichtliches Zu-
329 789 1521 841 widerhandeln eines Schuldners gegen den Inhalt ſeiner
328 869 1518 922 Verpflichtung; dieſes iſt der dolus in Obligationen, wo
327 940 1520 1008 er als Gegenſatz von culpa und casus erſcheint. 2) Ab-
325 1030 1523 1081 ſichtliche Erzeugung eines Irrthums, wodurch der Irrende
323 1110 1518 1164 zu einer Willenserklärung beſtimmt wird; von dieſer An-
326 1189 1007 1240 wendung allein iſt hier die Rede.
405 1268 1521 1325 In dieſer Anwendung alſo heißt dolus Verfälſchung
330 1348 1520 1409 der Wahrheit, und ſo iſt der Ausdruck gleichbedeutend mit
326 1429 1521 1489 fraus . Es muß aber noch hinzugedacht werden die
322 1486 1520 1566 böſe Abſicht, das heißt die welche auf des Gegners Nach-
320 1586 1515 1642 theil gerichtet iſt, ohne Unterſchied ob zugleich eigener Vor-
319 1653 1520 1723 theil bezweckt wird oder nicht . Dieſen Zuſatz bezeich-
322 1745 1518 1795 nen die Römiſchen Juriſten durch den Ausdruck dolus ma-
324 1825 1516 1890 lus, im Gegenſatz eines denkbaren dolus bonus in ſolchen
323 206 399 243 118
409 202 1519 250 Buch II. Rechtsverhältniſſe. Kap. III. Entſtehung und Untergang.
439 1943 902 1986 Beſonders ſichtbar tritt die-
321 1995 902 2039 ſes hervor in den vielen Fällen,
322 2043 902 2091 worin der in Privatrechtsverhält-
323 2093 903 2139 niſſen begangene dolus die In-
320 2142 808 2190 famie zur Folge hat (§ 77).
423 2193 900 2237 So in vielen Fällen der
322 2242 900 2288 doli exceptio, wo das Unred-
326 2290 899 2340 liche oft nur in der hartnäckigen
327 2344 897 2390 Rechtsverfolgung liegt, während
326 2394 895 2480 den Kläger für ſeine bisherigen
947 1947 1515 1991 Handlungen gar kein Tadel trifft.
947 1997 1516 2044 L. 2 § 5 de doli exc. (44. 4.)
947 2047 1518 2091 „petendo facit dolose.” L. 36
947 2097 1516 2143 de V. O. (45. 1.) „hoc ipso dolo
946 2147 1258 2192 facit quod petit.”
984 2216 1518 2266 L. 1 § 2 de dolo (4. 2.),
947 2268 1514 2316 L. 7 § 9. 10 de pactis (2. 14.),
946 2318 1515 2366 L. 43 § 2 de contr. emt. (18 1.).
1044 2390 1490 2444 L. 39. 40 de dolo (4. 3.).
