1600 2682
110 255 1327 309 kung an den Glaubiger, ſelbſt wenn der Schuldner inſol-
110 320 1324 389 vent iſt; denn dem Glaubiger wird dadurch nur die Ver-
108 418 1240 472 folgung des ohnehin vorhandenen Rechts geſichert .
186 497 1327 553 Die Beſtellung eines Pfandrechts für eine eigene Schuld
112 581 1329 643 iſt keine Schenkung, ſelbſt wenn der Schuldner inſolvent
106 662 1328 720 iſt, weil dadurch der Glaubiger nur ſicherer Dasjenige
106 743 1321 795 bekommt, was er bereits zu fordern hat . — Eben ſo
109 825 1321 877 iſt die Verpfändung einer Sache für eine fremde Schuld
104 896 1319 958 keine Schenkung an den Glaubiger; völlig wie die Über-
100 987 1318 1040 nahme einer Bürgſchaft . — Auch der Erlaß eines Pfand-
102 1067 1321 1122 rechts enthält keine Schenkung des Glaubigers an den
101 1151 1319 1203 Schuldner, da durch die Fortdauer der Schuld das Ver-
99 1215 1317 1286 mögen unvermindert bleibt . Deshalb iſt dieſer Erlaß
283 150 1151 197 §. 149. Schenkung. Begriff. 3. Bereicherung.
1282 156 1333 195 55
214 1314 680 1358 L. 1 § 19 si quid in fraud.
102 1365 680 1409 (38. 5.). — Eine Schenkung an
105 1416 684 1456 den Schuldner kann darin lie-
106 1467 688 1509 gen, wenn es in der Abſicht ge-
104 1517 690 1560 ſchieht, das für ihn gezahlte Geld
100 1568 689 1610 nicht mit der actio mandati oder
102 1620 686 1669 negotiorum gestorum wieder zu
104 1671 440 1714 fordern (§ 158. s).
201 1741 677 1784 Die gegenwärtige oder künf-
97 1792 676 1835 tig mögliche Inſolvenz des Schuld-
94 1843 676 1885 ners macht die Verpfändung eben
93 1894 675 1940 ſo wenig zu einer Schenkung, als
93 1945 675 1988 die baare Zahlung. — Die Pau-
91 1996 674 2037 liana kann in dieſem Fall aller-
92 2046 673 2091 dings begründet ſeyn (L. 22 L. 6
94 2098 671 2144 § 6 quae in fraud. 42. 8.), da
97 2149 671 2193 dieſe nicht nothwendig Bereiche-
101 2202 592 2247 rung vorausſetzt. § 145. d.
214 2282 670 2327 L. 1 § 19 si quid in fraud.
93 2334 672 2378 (38. 5.). — Eine Schenkung an
91 2385 673 2427 den Schuldner kann die Ver-
731 1310 1316 1355 pfändung ſeyn, eben ſo wie die
733 1364 1124 1407 Bürgſchaft (Note d).
845 1413 1313 1458 L. 1 § 1 quib. modis pign.
737 1464 1316 1510 (20. 6.). Die Stelle gieng ohne
740 1515 1316 1558 Zweifel auf die L. Cincia und iſt
738 1567 1317 1610 interpolirt (Zeitſchrift für ge-
735 1618 1317 1661 ſchichtl. Rechtswiſſenſch. IV. 44).
731 1668 1315 1711 Der Glauhiger hatte die Schuld
728 1720 1311 1762 durch Schenkung erlaſſen, alſo
726 1771 1309 1813 auch das Pfandrecht aufgegeben.
725 1821 1310 1863 Die Schenkung war durch die
727 1873 1309 1915 L. Cincia ungültig, das ſchadete
725 1924 1306 1967 dem Erlaß des Pfandrechts nicht:
723 1977 1308 2019 „.. quoniam inutilem pecuniae
724 2027 1306 2068 donationem lex facit, cui non
722 2080 1306 2123 est in locus in pignore liberan-
722 2128 1307 2173 do;” das heißt, der Pfanderlaß
721 2179 1308 2225 iſt keine Schenkung. L. 8 § 5
723 2232 1309 2278 eod. widerſpricht dieſem Satz nicht,
723 2283 1309 2327 ſondern beſtätigt ihn vielmehr, da
723 2334 1305 2376 ſie das donare dem Erlaß eines
724 2387 1304 2430 Pfandes entgegenſetzt, und nur
