<?xml version="1.0" encoding="UTF-8"?>
<PcGts xmlns="http://schema.primaresearch.org/PAGE/gts/pagecontent/2019-07-15" xmlns:xsi="http://www.w3.org/2001/XMLSchema-instance" xsi:schemaLocation="http://schema.primaresearch.org/PAGE/gts/pagecontent/2019-07-15 http://schema.primaresearch.org/PAGE/gts/pagecontent/2019-07-15/pagecontent.xsd">
<Metadata>
<Creator>regJS2PAGE.py</Creator>
<Created>2021-02-16T11:00:30.569247</Created>
<LastChange>2021-02-16T11:00:30.569247</LastChange>
</Metadata>
<Page imageFilename="tmp/savigny_system07_1848_0225.png" imageWidth="1600" imageHeight="2635">
<TextRegion id="block_0" custom="structure {type:header;}">
<Coords points="281,184 281,234 1157,234 1157,184 281,184"/>
<TextLine id="line_0">
<Coords points="281,188 313,188 342,187 408,187 453,185 592,185 616,184 931,184 971,185 1010,185 1031,185 1157,185 1157,234 1031,234 1010,219 971,219 931,228 616,228 592,227 453,227 408,220 342,220 313,226 281,226 281,188"/>
<Baseline points="281,226 313,226 342,220 408,220 453,227 592,227 616,228 931,228 971,219 1010,219 1031,234 1157,234"/>
<TextEquiv><Unicode>§. 332. Einzelne Reſtitutionsgründe. V. Betrug.</Unicode></TextEquiv>
</TextLine>

</TextRegion>
<TextRegion id="block_1" custom="structure {type:body;}">
<Coords points="125,273 125,362 124,353 124,404 124,353 124,410 124,509 226,509 226,563 225,574 225,643 224,671 224,718 224,707 176,707 176,814 176,810 227,810 227,876 223,901 223,957 229,981 229,1046 229,1041 229,1111 226,1113 226,1185 229,1215 229,1266 221,1279 221,1351 233,1370 233,1424 233,1449 204,1449 204,1502 204,1528 132,1528 132,1580 131,1607 131,1659 137,1680 137,1737 136,1758 136,1816 1332,1816 1332,1758 1329,1737 1329,1680 1332,1659 1332,1607 1330,1580 1330,1528 1326,1502 1326,1449 1306,1424 1306,1370 1327,1370 1327,1351 1327,1279 1327,1266 1327,1215 1327,1185 1327,1113 1331,1111 1331,1041 1327,1046 1327,981 1326,957 1326,901 1325,876 1325,810 1231,810 1231,814 1231,707 666,707 666,718 666,671 1327,671 1327,643 1327,574 1326,563 1326,509 1411,509 1411,410 1411,353 561,353 561,404 561,353 1327,353 1327,362 1327,273 125,273"/>
<TextLine id="line_1">
<Coords points="125,277 181,277 217,277 306,277 342,273 433,273 469,274 527,274 558,275 769,275 786,282 1005,282 1033,276 1174,276 1204,275 1327,275 1327,362 1204,362 1174,316 1033,316 1005,327 786,327 769,325 558,325 527,316 469,316 433,321 342,321 306,314 217,314 181,316 125,316 125,277"/>
<Baseline points="125,316 181,316 217,314 306,314 342,321 433,321 469,316 527,316 558,325 769,325 786,327 1005,327 1033,316 1174,316 1204,362 1327,362"/>
<TextEquiv><Unicode>der actio doli, die Reſtitution vorgezogen werden müſſe,</Unicode></TextEquiv>
</TextLine>

<TextLine id="line_2">
<Coords points="124,354 208,354 212,353 274,353 296,354 391,354 416,354 561,354 561,404 416,404 391,404 296,404 274,403 212,403 208,396 124,396 124,354"/>
<Baseline points="124,396 208,396 212,403 274,403 296,404 391,404 416,404 561,404"/>
<TextEquiv><Unicode>weil ſie nicht entehre.</Unicode></TextEquiv>
</TextLine>

<TextLine id="line_3">
<Coords points="124,354 208,354 212,353 274,353 296,354 391,354 416,354 561,354 1099,375 1104,375 1215,382 1230,382 1388,382 1411,382 1411,410 1388,410 1230,386 1215,386 1104,381 1099,381 561,404 416,404 391,404 296,404 274,403 212,403 208,396 124,396 124,354"/>
<Baseline points="124,396 208,396 212,403 274,403 296,404 391,404 416,404 561,404 1099,381 1104,381 1215,386 1230,386 1388,410 1411,410"/>
<TextEquiv><Unicode>weil ſie nicht entehre.</Unicode></TextEquiv>
</TextLine>

<TextLine id="line_4">
<Coords points="226,513 361,513 385,509 512,509 535,510 736,510 763,513 972,513 991,512 1103,512 1129,513 1162,513 1186,513 1264,513 1288,513 1326,513 1326,552 1288,552 1264,562 1186,562 1162,549 1129,549 1103,559 991,559 972,558 763,558 736,548 535,548 512,555 385,555 361,563 226,563 226,513"/>
<Baseline points="226,563 361,563 385,555 512,555 535,548 736,548 763,558 972,558 991,559 1103,559 1129,549 1162,549 1186,562 1264,562 1288,552 1326,552"/>
<TextEquiv><Unicode>ponius refert, Labeonem existimare, etiam si quis in</Unicode></TextEquiv>
</TextLine>

<TextLine id="line_5">
<Coords points="225,591 402,591 435,589 574,589 604,590 736,590 769,574 842,574 876,588 1004,588 1038,591 1069,591 1101,589 1194,589 1219,592 1327,592 1327,629 1219,629 1194,628 1101,628 1069,627 1038,627 1004,638 876,638 842,626 769,626 736,640 604,640 574,627 435,627 402,643 225,643 225,591"/>
<Baseline points="225,643 402,643 435,627 574,627 604,640 736,640 769,626 842,626 876,638 1004,638 1038,627 1069,627 1101,628 1194,628 1219,629 1327,629"/>
<TextEquiv><Unicode>integrum restitui possit, non debere ei hanc actio-</Unicode></TextEquiv>
</TextLine>

<TextLine id="line_6">
<Coords points="224,679 304,679 331,671 564,671 658,694 666,694 666,704 658,704 564,718 331,718 304,705 224,705 224,679"/>
<Baseline points="224,705 304,705 331,718 564,718 658,704 666,704"/>
<TextEquiv><Unicode>nem competere“ …</Unicode></TextEquiv>
</TextLine>

<TextLine id="line_7">
<Coords points="176,747 222,747 250,746 273,746 311,746 333,746 363,746 381,746 420,746 465,746 497,747 538,747 567,747 632,747 663,750 744,750 788,744 846,744 872,744 915,744 958,707 1231,707 1231,796 958,796 915,795 872,795 846,814 788,814 744,800 663,800 632,783 567,783 538,782 497,782 465,783 420,783 381,784 363,784 333,796 311,796 273,783 250,783 222,783 176,783 176,747"/>
<Baseline points="176,783 222,783 250,783 273,783 311,796 333,796 363,784 381,784 420,783 465,783 497,782 538,782 567,783 632,783 663,800 744,800 788,814 846,814 872,795 915,795 958,796 1231,796"/>
<TextEquiv><Unicode>L. 7 § 1 de in int. rest. (4. 1) (Marcellus)</Unicode></TextEquiv>
</TextLine>

<TextLine id="line_8">
<Coords points="227,823 329,823 353,824 456,824 467,824 535,824 560,823 676,823 702,825 835,825 861,810 1030,810 1054,821 1172,821 1181,827 1325,827 1325,876 1181,876 1172,875 1054,875 1030,862 861,862 835,875 702,875 676,861 560,861 535,861 467,861 456,861 353,861 329,869 227,869 227,823"/>
<Baseline points="227,869 329,869 353,861 456,861 467,861 535,861 560,861 676,861 702,875 835,875 861,862 1030,862 1054,875 1172,875 1181,876 1325,876"/>
<TextEquiv><Unicode>„Nec intra has solum species consistet hujus generis</Unicode></TextEquiv>
</TextLine>

<TextLine id="line_9">
<Coords points="223,901 411,901 455,903 582,903 614,901 768,901 801,904 878,904 911,902 1013,902 1048,914 1144,914 1145,906 1326,906 1326,954 1145,954 1144,957 1048,957 1013,954 911,954 878,939 801,939 768,953 614,953 582,939 455,939 411,954 223,954 223,901"/>
<Baseline points="223,954 411,954 455,939 582,939 614,953 768,953 801,939 878,939 911,954 1013,954 1048,957 1144,957 1145,954 1326,954"/>
<TextEquiv><Unicode>auxilium; etenim deceptis sine culpa sua, maxime</Unicode></TextEquiv>
</TextLine>

<TextLine id="line_10">
<Coords points="229,983 260,983 281,981 401,981 433,981 478,981 510,981 718,981 747,983 999,983 1033,984 1192,984 1218,995 1327,995 1327,1034 1218,1034 1192,1019 1033,1019 999,1046 747,1046 718,1018 510,1018 478,1017 433,1017 401,1030 281,1030 260,1018 229,1018 229,983"/>
<Baseline points="229,1018 260,1018 281,1030 401,1030 433,1017 478,1017 510,1018 718,1018 747,1046 999,1046 1033,1019 1192,1019 1218,1034 1327,1034"/>
<TextEquiv><Unicode>si fraus ab adversario intervenerit, succurri opor-</Unicode></TextEquiv>
</TextLine>

<TextLine id="line_11">
<Coords points="229,1059 336,1059 366,1070 474,1070 502,1060 604,1060 630,1057 675,1057 701,1057 784,1057 809,1041 1019,1041 1046,1065 1245,1065 1272,1065 1331,1065 1331,1098 1272,1098 1245,1111 1046,1111 1019,1103 809,1103 784,1096 701,1096 675,1095 630,1095 604,1096 502,1096 474,1108 366,1108 336,1103 229,1103 229,1059"/>
<Baseline points="229,1103 336,1103 366,1108 474,1108 502,1096 604,1096 630,1095 675,1095 701,1096 784,1096 809,1103 1019,1103 1046,1111 1245,1111 1272,1098 1331,1098"/>
<TextEquiv><Unicode>tebit, quum etiam de dolo malo actio competere so-</Unicode></TextEquiv>
</TextLine>

<TextLine id="line_12">
<Coords points="226,1136 302,1136 360,1139 414,1139 445,1137 530,1137 550,1138 739,1138 769,1142 822,1142 846,1113 973,1113 1003,1140 1194,1140 1217,1141 1327,1141 1327,1184 1217,1184 1194,1175 1003,1175 973,1185 846,1185 822,1173 769,1173 739,1174 550,1174 530,1173 445,1173 414,1174 360,1174 302,1174 226,1174 226,1136"/>
<Baseline points="226,1174 302,1174 360,1174 414,1174 445,1173 530,1173 550,1174 739,1174 769,1173 822,1173 846,1185 973,1185 1003,1175 1194,1175 1217,1184 1327,1184"/>
<TextEquiv><Unicode>leat. Et boni Praetoris est potius restituere litem,</Unicode></TextEquiv>
</TextLine>

<TextLine id="line_13">
<Coords points="229,1220 269,1220 306,1220 341,1220 375,1216 465,1216 499,1220 534,1220 566,1217 721,1217 753,1215 962,1215 1001,1229 1113,1229 1147,1219 1327,1219 1327,1254 1147,1254 1113,1264 1001,1264 962,1266 753,1266 721,1266 566,1266 534,1252 499,1252 465,1253 375,1253 341,1251 306,1251 269,1252 229,1252 229,1220"/>
<Baseline points="229,1252 269,1252 306,1251 341,1251 375,1253 465,1253 499,1252 534,1252 566,1266 721,1266 753,1266 962,1266 1001,1264 1113,1264 1147,1254 1327,1254"/>
<TextEquiv><Unicode>ut et ratio et aequitas postulabit, quam actionem</Unicode></TextEquiv>
</TextLine>

<TextLine id="line_14">
<Coords points="221,1293 416,1293 441,1279 672,1279 704,1292 748,1292 779,1306 881,1306 906,1298 991,1298 1016,1293 1157,1293 1183,1294 1327,1294 1327,1351 1183,1351 1157,1332 1016,1332 991,1331 906,1331 881,1344 779,1344 748,1330 704,1330 672,1338 441,1338 416,1341 221,1341 221,1293"/>
<Baseline points="221,1341 416,1341 441,1338 672,1338 704,1330 748,1330 779,1344 881,1344 906,1331 991,1331 1016,1332 1157,1332 1183,1351 1327,1351"/>
<TextEquiv><Unicode>famosam constituere, ad quam tunc demum descen-</Unicode></TextEquiv>
</TextLine>

<TextLine id="line_15">
<Coords points="233,1370 386,1370 413,1376 482,1376 510,1384 618,1384 645,1370 800,1370 827,1371 926,1371 953,1381 1035,1381 1055,1385 1128,1385 1155,1378 1306,1378 1306,1424 1155,1424 1128,1410 1055,1410 1035,1410 953,1410 926,1409 827,1409 800,1408 645,1408 618,1422 510,1422 482,1415 413,1415 386,1408 233,1408 233,1370"/>
<Baseline points="233,1408 386,1408 413,1415 482,1415 510,1422 618,1422 645,1408 800,1408 827,1409 926,1409 953,1410 1035,1410 1055,1410 1128,1410 1155,1424 1306,1424"/>
<TextEquiv><Unicode>dendum est, quum remedio locus esse non potest.“</Unicode></TextEquiv>
</TextLine>

<TextLine id="line_16">
<Coords points="204,1449 311,1449 337,1449 479,1449 510,1449 582,1449 615,1458 683,1458 709,1450 886,1450 912,1451 945,1451 972,1451 1153,1451 1178,1453 1326,1453 1326,1492 1178,1492 1153,1502 972,1502 945,1500 912,1500 886,1498 709,1498 683,1490 615,1490 582,1497 510,1497 479,1490 337,1490 311,1491 204,1491 204,1449"/>
<Baseline points="204,1491 311,1491 337,1490 479,1490 510,1497 582,1497 615,1490 683,1490 709,1498 886,1498 912,1500 945,1500 972,1502 1153,1502 1178,1492 1326,1492"/>
<TextEquiv><Unicode>Beide Stellen ſind von Manchen ſo aufgefaßt worden.</Unicode></TextEquiv>
</TextLine>

<TextLine id="line_17">
<Coords points="132,1529 239,1529 268,1528 404,1528 446,1528 634,1528 669,1529 740,1529 772,1529 1000,1529 1051,1531 1098,1531 1135,1540 1212,1540 1250,1531 1330,1531 1330,1571 1250,1571 1212,1569 1135,1569 1098,1569 1051,1569 1000,1578 772,1578 740,1568 669,1568 634,1579 446,1579 404,1580 268,1580 239,1575 132,1575 132,1529"/>
<Baseline points="132,1575 239,1575 268,1580 404,1580 446,1579 634,1579 669,1568 740,1568 772,1578 1000,1578 1051,1569 1098,1569 1135,1569 1212,1569 1250,1571 1330,1571"/>
<TextEquiv><Unicode>Jeder Betrug begründet eine Reſtitution; da nun aber</Unicode></TextEquiv>
</TextLine>

<TextLine id="line_18">
<Coords points="131,1607 180,1607 206,1607 458,1607 484,1607 566,1607 589,1607 644,1607 669,1607 889,1607 915,1607 967,1607 992,1608 1082,1608 1108,1609 1248,1609 1274,1611 1332,1611 1332,1650 1274,1650 1248,1659 1108,1659 1082,1657 992,1657 967,1647 915,1647 889,1656 669,1656 644,1647 589,1647 566,1655 484,1655 458,1656 206,1656 180,1647 131,1647 131,1607"/>
<Baseline points="131,1647 180,1647 206,1656 458,1656 484,1655 566,1655 589,1647 644,1647 669,1656 889,1656 915,1647 967,1647 992,1657 1082,1657 1108,1659 1248,1659 1274,1650 1332,1650"/>
<TextEquiv><Unicode>im Colliſionsfall ſtets die Reſtitution, die nicht entehrt, der</Unicode></TextEquiv>
</TextLine>

<TextLine id="line_19">
<Coords points="137,1680 358,1680 384,1687 474,1687 502,1684 575,1684 599,1693 806,1693 830,1688 963,1688 988,1687 1080,1687 1108,1687 1143,1687 1168,1688 1256,1688 1280,1687 1329,1687 1329,1727 1280,1727 1256,1727 1168,1727 1143,1737 1108,1737 1080,1736 988,1736 963,1726 830,1726 806,1737 599,1737 575,1722 502,1722 474,1722 384,1722 358,1735 137,1735 137,1680"/>
<Baseline points="137,1735 358,1735 384,1722 474,1722 502,1722 575,1722 599,1737 806,1737 830,1726 963,1726 988,1736 1080,1736 1108,1737 1143,1737 1168,1727 1256,1727 1280,1727 1329,1727"/>
<TextEquiv><Unicode>entehrenden actio doli vorgezogen werden muß, ſo kann im</Unicode></TextEquiv>
</TextLine>

<TextLine id="line_20">
<Coords points="136,1764 216,1764 255,1765 315,1765 349,1764 509,1764 550,1774 617,1774 656,1764 758,1764 786,1764 837,1764 872,1765 1080,1765 1104,1758 1332,1758 1332,1816 1104,1816 1080,1814 872,1814 837,1804 786,1804 758,1804 656,1804 617,1803 550,1803 509,1813 349,1813 315,1803 255,1803 216,1811 136,1811 136,1764"/>
<Baseline points="136,1811 216,1811 255,1803 315,1803 349,1813 509,1813 550,1803 617,1803 656,1804 758,1804 786,1804 837,1804 872,1814 1080,1814 1104,1816 1332,1816"/>
<TextEquiv><Unicode>Fall des Betrugs nur allein die Reſtitution angewendet</Unicode></TextEquiv>
</TextLine>

</TextRegion>
<TextRegion id="block_2" custom="structure {type:pageNum;}">
<Coords points="1248,178 1248,232 1372,232 1372,178 1248,178"/>
<TextLine id="line_21">
<Coords points="1248,178 1372,178 1372,232 1248,232 1248,178"/>
<Baseline points="1248,232 1372,232"/>
<TextEquiv><Unicode>203</Unicode></TextEquiv>
</TextLine>

</TextRegion>
<TextRegion id="block_3" custom="structure {type:note;}">
<Coords points="272,1930 272,1971 272,1979 135,1979 135,2021 136,2029 136,2071 142,2078 142,2122 142,2128 142,2172 140,2179 140,2218 140,2229 270,2229 270,2271 270,2278 139,2278 139,2321 139,2327 139,2370 719,2370 719,2327 716,2321 716,2278 715,2271 715,2229 231,2229 231,2218 231,2179 709,2179 709,2172 709,2128 709,2122 709,2078 708,2071 708,2029 709,2021 709,1979 712,1971 712,1930 272,1930"/>
<TextLine id="line_22">
<Coords points="272,1930 336,1930 362,1931 590,1931 618,1931 712,1931 712,1969 618,1969 590,1971 362,1971 336,1962 272,1962 272,1930"/>
<Baseline points="272,1962 336,1962 362,1971 590,1971 618,1969 712,1969"/>
<TextEquiv><Unicode>Der vorhergehende Para-</Unicode></TextEquiv>
</TextLine>

<TextLine id="line_23">
<Coords points="135,1980 226,1980 249,1980 327,1980 348,1979 391,1979 414,1980 512,1980 536,1982 586,1982 609,1980 709,1980 709,2013 609,2013 586,2012 536,2012 512,2014 414,2014 391,2012 348,2012 327,2020 249,2020 226,2021 135,2021 135,1980"/>
<Baseline points="135,2021 226,2021 249,2020 327,2020 348,2012 391,2012 414,2014 512,2014 536,2012 586,2012 609,2013 709,2013"/>
<TextEquiv><Unicode>graph hatte die Stelle des Edicts</Unicode></TextEquiv>
</TextLine>

<TextLine id="line_24">
<Coords points="136,2030 287,2030 321,2030 390,2030 420,2029 536,2029 556,2029 598,2029 620,2029 708,2029 708,2061 620,2061 598,2063 556,2063 536,2071 420,2071 390,2070 321,2070 287,2068 136,2068 136,2030"/>
<Baseline points="136,2068 287,2068 321,2070 390,2070 420,2071 536,2071 556,2063 598,2063 620,2061 708,2061"/>
<TextEquiv><Unicode>erläutert, nach welcher die actio</Unicode></TextEquiv>
</TextLine>

<TextLine id="line_25">
<Coords points="142,2078 209,2078 239,2088 294,2088 323,2079 355,2079 387,2080 594,2080 634,2080 709,2080 709,2113 634,2113 594,2122 387,2122 355,2112 323,2112 294,2111 239,2111 209,2109 142,2109 142,2078"/>
<Baseline points="142,2109 209,2109 239,2111 294,2111 323,2112 355,2112 387,2122 594,2122 634,2113 709,2113"/>
<TextEquiv><Unicode>doli nur in Ermanglung einer</Unicode></TextEquiv>
</TextLine>

<TextLine id="line_26">
<Coords points="142,2131 264,2131 298,2128 383,2128 420,2131 569,2131 601,2133 709,2133 709,2163 601,2163 569,2172 420,2172 383,2160 298,2160 264,2161 142,2161 142,2131"/>
<Baseline points="142,2161 264,2161 298,2160 383,2160 420,2172 569,2172 601,2163 709,2163"/>
<TextEquiv><Unicode>anderen actio gebraucht werden</Unicode></TextEquiv>
</TextLine>

<TextLine id="line_27">
<Coords points="140,2179 231,2179 231,2218 140,2218 140,2179"/>
<Baseline points="140,2218 231,2218"/>
<TextEquiv><Unicode>dürfe.</Unicode></TextEquiv>
</TextLine>

<TextLine id="line_28">
<Coords points="270,2229 386,2229 420,2229 489,2229 523,2231 629,2231 671,2231 715,2231 715,2263 671,2263 629,2271 523,2271 489,2262 420,2262 386,2270 270,2270 270,2229"/>
<Baseline points="270,2270 386,2270 420,2262 489,2262 523,2271 629,2271 671,2263 715,2263"/>
<TextEquiv><Unicode>Vorher wird geſagt, bei</Unicode></TextEquiv>
</TextLine>

<TextLine id="line_29">
<Coords points="139,2278 208,2278 230,2278 370,2278 391,2280 649,2280 670,2281 716,2281 716,2312 670,2312 649,2321 391,2321 370,2321 230,2321 208,2310 139,2310 139,2278"/>
<Baseline points="139,2310 208,2310 230,2321 370,2321 391,2321 649,2321 670,2312 716,2312"/>
<TextEquiv><Unicode>aller nöthigen Aufrechthaltung der</Unicode></TextEquiv>
</TextLine>

<TextLine id="line_30">
<Coords points="139,2327 289,2327 332,2329 457,2329 488,2329 546,2329 583,2329 645,2329 676,2329 719,2329 719,2363 676,2363 645,2370 583,2370 546,2365 488,2365 457,2370 332,2370 289,2360 139,2360 139,2327"/>
<Baseline points="139,2360 289,2360 332,2370 457,2370 488,2365 546,2365 583,2370 645,2370 676,2363 719,2363"/>
<TextEquiv><Unicode>solennia (damit ſind hier die</Unicode></TextEquiv>
</TextLine>

</TextRegion>
<TextRegion id="block_4" custom="structure {type:note;}">
<Coords points="755,1925 755,1973 754,1981 754,2022 754,2029 754,2073 754,2079 754,2123 755,2131 755,2172 758,2181 758,2221 758,2231 758,2273 762,2281 762,2323 1061,2323 1061,2281 1330,2281 1330,2273 1330,2231 1332,2221 1332,2181 1336,2172 1336,2131 1336,2123 1336,2079 1333,2073 1333,2029 1331,2022 1331,1981 1332,1973 1332,1925 755,1925"/>
<TextLine id="line_31">
<Coords points="755,1925 976,1925 998,1932 1138,1932 1161,1932 1245,1932 1265,1932 1332,1932 1332,1973 1265,1973 1245,1971 1161,1971 1138,1973 998,1973 976,1971 755,1971 755,1925"/>
<Baseline points="755,1971 976,1971 998,1973 1138,1973 1161,1971 1245,1971 1265,1973 1332,1973"/>
<TextEquiv><Unicode>Prozeßformen gemeint) müſſe doch</Unicode></TextEquiv>
</TextLine>

<TextLine id="line_32">
<Coords points="754,1983 802,1983 823,1982 941,1982 953,1981 1012,1981 1034,1981 1132,1981 1154,1981 1331,1981 1331,2018 1154,2018 1132,2022 1034,2022 1012,2013 953,2013 941,2019 823,2019 802,2013 754,2013 754,1983"/>
<Baseline points="754,2013 802,2013 823,2019 941,2019 953,2013 1012,2013 1034,2022 1132,2022 1154,2018 1331,2018"/>
<TextEquiv><Unicode>der Prätor’ eine billige Reſtitution</Unicode></TextEquiv>
</TextLine>

<TextLine id="line_33">
<Coords points="754,2029 828,2029 848,2032 999,2032 1020,2033 1049,2033 1072,2042 1093,2042 1105,2032 1146,2032 1170,2039 1242,2039 1243,2031 1333,2031 1333,2064 1243,2064 1242,2064 1170,2064 1146,2064 1105,2064 1093,2073 1072,2073 1049,2071 1020,2071 999,2072 848,2072 828,2071 754,2071 754,2029"/>
<Baseline points="754,2071 828,2071 848,2072 999,2072 1020,2071 1049,2071 1072,2073 1093,2073 1105,2064 1146,2064 1170,2064 1242,2064 1243,2064 1333,2064"/>
<TextEquiv><Unicode>nicht verſagen; ſo z. B. wenn eine</Unicode></TextEquiv>
</TextLine>

<TextLine id="line_34">
<Coords points="754,2079 857,2079 868,2082 922,2082 941,2081 1001,2081 1023,2081 1246,2081 1259,2081 1336,2081 1336,2122 1259,2122 1246,2123 1023,2123 1001,2114 941,2114 922,2120 868,2120 857,2119 754,2119 754,2079"/>
<Baseline points="754,2119 857,2119 868,2120 922,2120 941,2114 1001,2114 1023,2123 1246,2123 1259,2122 1336,2122"/>
<TextEquiv><Unicode>Partei auf eine interrogatio nicht</Unicode></TextEquiv>
</TextLine>

<TextLine id="line_35">
<Coords points="755,2134 910,2134 937,2134 995,2134 1016,2134 1168,2134 1190,2141 1224,2141 1246,2131 1336,2131 1336,2164 1246,2164 1224,2172 1190,2172 1168,2172 1016,2172 995,2164 937,2164 910,2169 755,2169 755,2134"/>
<Baseline points="755,2169 910,2169 937,2164 995,2164 1016,2172 1168,2172 1190,2172 1224,2172 1246,2164 1336,2164"/>
<TextEquiv><Unicode>antworte, und deswegen zu einem</Unicode></TextEquiv>
</TextLine>

<TextLine id="line_36">
<Coords points="758,2181 910,2181 922,2182 1093,2182 1104,2184 1194,2184 1209,2183 1242,2183 1250,2183 1332,2183 1332,2220 1250,2220 1242,2220 1209,2220 1194,2214 1104,2214 1093,2221 922,2221 910,2221 758,2221 758,2181"/>
<Baseline points="758,2221 910,2221 922,2221 1093,2221 1104,2214 1194,2214 1209,2220 1242,2220 1250,2220 1332,2220"/>
<TextEquiv><Unicode>Nachtheil verurtheilt werde (§ 305),</Unicode></TextEquiv>
</TextLine>

<TextLine id="line_37">
<Coords points="758,2233 837,2233 855,2232 930,2232 958,2231 1076,2231 1103,2232 1146,2232 1177,2233 1330,2233 1330,2272 1177,2272 1146,2265 1103,2265 1076,2273 958,2273 930,2263 855,2263 837,2263 758,2263 758,2233"/>
<Baseline points="758,2263 837,2263 855,2263 930,2263 958,2273 1076,2273 1103,2265 1146,2265 1177,2272 1330,2272"/>
<TextEquiv><Unicode>dann aber ſogleich die verſäumte</Unicode></TextEquiv>
</TextLine>

<TextLine id="line_38">
<Coords points="762,2281 897,2281 917,2281 1061,2281 1061,2323 917,2323 897,2314 762,2314 762,2281"/>
<Baseline points="762,2314 897,2314 917,2323 1061,2323"/>
<TextEquiv><Unicode>Antwort nachhole.</Unicode></TextEquiv>
</TextLine>

</TextRegion>
</Page>
</PcGts>