1600 2524
758 92 848 139 423
315 202 1473 259 .. longum est dicere quibus jocunditatibus dies exe-
132 262 1472 325 gerit et nocteſ, maxime in proceſſione infantum, quibuſ poma
130 321 1471 383 in medio eccleſiae pavimento anteſterni jubenſ, cum nec unum
129 385 1469 443 parviſſimorum movere nec ad ea adtendere vidiſſet, miratuſ
131 445 1468 500 eſt diſciplinam. Ekkeh. IV. caſuſ S. Galli c. 1. Pertz
128 503 389 547 Mon. II. 84.
273 634 1469 693 „Homo animal capax disciplinae.“ Hroswitha v. Gan-
126 691 295 742 dersheim.
271 818 1466 880 Notker Labeo hat den Erwartungen, die der Abt auf ihn
50 874 1465 939 ſetzte, entſprochen. Er erwarb ſich den Ruhm des gelehrteſten Man-
77 936 1465 1001 nes ſeiner Zeit. „Er war, wie aus ſeinen Schriften erhellt, ein
122 997 1463 1061 Gottesgelehrter, ein Muſiker, ein Dichter, ein Aſtronom, ein Mathe-
116 1062 1463 1122 matiker; in der Bibel, in den Kirchenſchriftſtellern, Vätern und Klaſ-
117 1119 1463 1183 ſikern wohl bewandert, der deutſchen, lateiniſchen und griechiſchen
114 1179 1459 1239 Sprache mächtig.“ I. v. Arx, Geſchichte v. St. Gallen I, 277.
115 1239 1458 1301 Seine noch vorhandenen deutſchen Werke bilden den zweiten und
112 1298 1457 1364 dritten Band von Hattemer's Denkmalen des Mittelalters. Es ſind
111 1357 1455 1424 insbeſondere die Auslegungen der Pſalmen, des Ariſtoteles, des
109 1419 1453 1487 Boethius, des Marcianus Capella und ein Aufſatz über die Tonkunſt.
29 1474 1453 1548 Notker der Großlefzigte ſtarb in hohem Greiſenalter an der Peſt.
109 1538 1452 1605 Vor ſeinem Tod legte er eine öffentliche Beichte ab, in der er u. A.
101 1598 1450 1666 ſeine Reue darüber ausſprach, daß er einſt in klöſterlichem Habit einen
105 1658 415 1715 Wolf erſchlagen.
252 1789 1446 1850 Die Stelle iſt aus Ariſtoteles Kategorien cap. 36. Notker's
15 1839 851 1899 Ueberſetzung ſ. bei Hattemer III. 401.
246 1974 1446 2037 Erat utique jus illorum, sicut adhuc hodie quidem est,
32 2032 1441 2103 quoniam exlegeſ quidem ſunt, ut hoſpiteſ intranteſ captant,
68 2084 1439 2150 captoſ, uſque dum ſe redimant, teneant. Ekkeh. IV. caſuſ
99 2138 838 2201 S. Galli c. 1. Pertz Mon. II. 91.
187 2273 1436 2341 .. „enimvero si vixero,“ ait, „me redimam et talem
98 2329 1434 2412 indolem remunerabo.“ Collectiſque quantociuſ ante januam
