1600 2544
472 238 1120 284 Die Zuſtände in Poſen 1822 — 61.
209 334 1379 395 die ruſſiſche Zolllinie gehemmt und gelähmt wird, iſt
209 401 1379 461 richtig, kann aber hier nicht als hauptſächliche Urſache
209 471 1381 527 angeführt werden. Es trifft das mehr die größere
208 534 1381 593 Induſtrie; überdieß war dieſer Umſtand ſchon 1822 —
211 604 1380 658 1846 vorhanden. Der Stillſtand von 1846 an muß
208 668 911 725 alſo mehr andere Urſachen haben.
319 745 1380 802 Ehe ich aber hierauf noch näher eingehe, theile ich
206 810 1379 867 die Zahlen über die andern Theile des Zollvereins, ſo-
207 876 1381 933 weit ſolche vorliegen, mit. Sie zeigen theilweiſe dieſelben
208 942 1382 1000 Gegenſätze; theilweiſe aber iſt das Reſultat auch ein
207 1011 1380 1065 weſentlich anderes; gerade da, wo das der Fall iſt,
206 1075 1382 1131 ſind wir aufgefordert nachzuforſchen, warum es ein
206 1143 435 1197 anderes iſt.
319 1210 1380 1264 Für 1846 hat ſchon Dieterici eine Vergleichung der-
206 1272 1380 1331 jenigen Zollvereinsſtaaten angeſtellt, die damals brauch-
205 1339 1379 1397 bare Aufnahmen machten. Die Summen der Hand-
205 1403 1379 1463 werker aber, die er hiebei für Preußen z. B. zu Grunde
203 1470 1378 1528 legt, ſind ziemlich niedriger, als die der ſonſtigen
203 1537 1379 1593 offiziellen Statiſtik, wohl weil er ſolche Kategorien, in
203 1602 1378 1659 denen die Aufnahme nicht überall gleich gemacht wurde,
202 1668 1378 1726 weg ließ. Deshalb ſind die aus den Hauptſummen abge-
201 1734 1379 1792 leiteten Prozentzahlen eigentlich nicht direkt vergleichbar mit
201 1799 1376 1858 den Prozentzahlen nach der Aufnahme von 1861. Für
205 1866 1376 1923 1861 exiſtiren offizielle Summirungen nur von den
1312 236 1376 271 297
382 2022 1379 2072 Mittheilungen IV, 252 ff. Statiſtiſche Ueberſicht der
202 2072 1378 2125 Fabrikations- und gewerblichen Zuſtände in den verſchiedenen
204 2128 1137 2180 Staaten des deutſchen Zollvereins im Jahre 1846.
385 2194 1378 2248 Er zählt 803658 Meiſter und Gehülfen in Preußen,
199 2245 735 2300 ſonſt werden 842148 gezählt.
