1600 2544
455 310 1509 364 Die Summen für 1819, 1822, 1825 und 1828
342 377 1508 432 ſind Ferber’s Beiträgen, alſo einer halbamtlichen Publi-
341 443 1509 498 kation entnommen. Ferber giebt nicht näher an, was
341 510 1510 566 ſeine Zahlen umfaſſen; deswegen glaube ich annehmen
341 576 1510 630 zu müſſen, daß ſie ſich auf die ſämmtlichen damals
341 643 1132 698 aufgenommenen Handwerker erſtrecken.
455 722 1509 784 Für das Jahr 1831 iſt mir keine amtliche Sum-
341 795 1509 850 mirung der Handwerker bekannt, außer der bei Diete-
340 861 1510 916 rici, die aber unvollſtändig iſt, indem ſie ebenfalls die
341 927 1510 983 Kuchenbäcker, Korbmacher, Buchdrucker und Tuchſcheerer
341 992 1509 1050 wegläßt. Durch Hinzufügung dieſer iſt meine Zahl höher
339 1059 1509 1117 als die von Dieterici, wie ſie ebenfalls in alle ſpätere
340 1126 826 1179 Werke übergegangen iſt.
450 1212 1508 1269 Für 1834 iſt mir keine amtliche Summirung
342 1280 1508 1334 bekannt. Ich habe daher die Zahlen nach der amt-
340 1346 1508 1400 lichen Spezialpublikation berechnet, die in Dieterici’s
339 1412 1085 1467 ſtatiſtiſcher Ueberſicht enthalten iſt.
342 208 385 242 62
668 209 1174 253 Die preußiſchen Aufnahmen.
339 1583 1508 1632 durch dieſe Beibehaltung ſich nicht weſentlich ändern. Außerdem
341 1638 1508 1686 können die Zahlen von 1816—43 deswegen nicht ganz dieſelben
338 1693 1509 1742 ſein, weil ich in meiner Zählung für alle die Gewerbe, für
339 1748 1507 1796 welche die Zählung der Gehülfen erſt ſpäter eintrat, die Ge-
340 1806 1509 1851 hülfen bis 1843 wegließ. Groß ſind übrigens die Unterſchiede
340 1861 649 1906 der Zahlen nicht.
516 1915 1508 1962 Beiträge Tabelle S. 228. Neue Beiträge, Tabelle
341 1973 487 2010 S. 160.
513 2025 949 2070 Volkswohlſtand S. 253.
513 2078 1509 2128 Dieterici, ſtatiſtiſche Ueberſicht der wichtigſten Gegen-
340 2133 1511 2182 ſtände des Verkehrs und Verbrauchs im preuß. Staate und
339 2189 1508 2237 im deutſchen Zollverbande von 1831—36. Berlin 1838.
341 2248 589 2285 S. 462—68.
