1600 2544
118 289 1294 345 haben zu prüfen, wie ſich nun unter Einwirkung dieſer
119 357 1295 414 beiden Faktoren das Handwerk in Stadt und Land zu
120 422 419 478 einander ſtellt.
233 487 1294 543 Leider iſt das ſtatiſtiſche Material für dieſe Prü-
122 552 1296 608 fung ein ziemlich unvollſtändiges. Die Unterſcheidung
123 617 1297 670 von Stadt und Land iſt in Preußen nicht bei allen
124 682 1298 741 Aufnahmen oder Publikationen feſtgehalten. Eine weſent-
123 748 1298 806 liche Beachtung hauptſächlich auch mit weiterer Unter-
124 812 1297 872 ſcheidung großer, mittlerer und kleiner Städte hat der
126 876 1297 937 Gegenſatz nur bei Hoffmann gefunden.  Was die
125 943 1298 1002 ſpätern Aufnahmen betrifft, ſo unterſcheidet Dieterici
130 1010 1301 1065 1849 das Geſammtreſultat nach Stadt und Land,  und
126 1076 1299 1135 die Zahlen für 1858 ſind wenigſtens getrennt nach
128 1144 1301 1198 Stadt und Land veröffentlicht. Die Aufnahme von
131 1208 1301 1264 1861 kennt dieſen Unterſchied gar nicht, führt aber die
128 1273 1300 1331 Handwerker für alle einzelnen Städte über 20000 Ein-
128 1338 1302 1397 wohner beſonders an. Von andern deutſchen Ländern
128 1402 1302 1461 hat man nur in Sachſen dieſer Frage nähere Aufmerk-
128 1470 1068 1528 ſamkeit bei den ſtatiſtiſchen Arbeiten geſchenkt.
240 1544 1301 1604 Nach Einführung der Gewerbefreiheit in Preußen
128 1609 1301 1669 lagen die Dinge folgendermaßen. Es konnte ſich auf
128 1675 1300 1734 dem Lande jeder Meiſter niederlaſſen; es war auch zu
129 1737 1301 1800 erwarten, daß mit ſteigender Wohlhabenheit theil-
129 1804 1301 1867 weiſe die Arbeitstheilung, die in der Stadt vor ſich
1222 188 1287 222 269
333 190 1063 236 Das preußiſche Landhandwerk ſeit 1815.
310 1953 1305 2015 Nachlaß kleiner Schriften S. 398, Bevölkerung des
130 2008 1279 2064 preuß. Staates S 114, Befugniß zum Gewerbetrieb passim.
303 2073 1306 2120 Band V. der Tabellen u. amtlichen Nachrichten S. 825.
304 2137 1305 2192 Hauptſächlich für die Aufnahme von 1861, Zeitſchrift
132 2193 1104 2248 des ſächſ. ſtat. Bureaus für 1863. S. 102 und 103.
