1600 2544
256 207 1246 259 Das Handwerk in den ſächſiſchen Städten 1830 u. 1856.
167 308 1339 371 dieſer Einfluß auf die Geſtaltung des ſtädtiſchen Hand-
170 374 1341 434 werksbetriebs überſchätzt worden iſt, und daß viele kleine
171 441 1343 508 Städte noch immer die Mittelpunkte des Handwerks
171 507 1343 569 auch für das Land geblieben ſind, ſoweit man dies nach
172 574 1345 633 den Perſonalverhältniſſen beurtheilen kann. Je größer
174 638 1346 697 eine Stadt wird, deſto mehr tritt von ſelbſt der Antheil
173 703 1347 768 in den Hintergrund, welchen das umgebende platte Land
175 767 1346 829 von der Beſchäftigung der ſtädtiſchen Handwerker hat.
176 833 1347 896 Solche Städte dürften auch von völliger Freigebung des
177 898 1348 958 Gewerbebetriebs auf dem Lande nur wenig oder gar
177 973 643 1028 nicht berührt werden.“
289 1029 1350 1092 Wenn in Leipzig, in Dresden, in Chemnitz die
178 1099 1309 1160 Zahl der Meiſter, Geſellen und Lehrlinge nur in 2—3
179 1164 1352 1227 Handwerken zugenommen, in vielen aber um 20—50,
179 1230 1354 1291 ja bis 70 % gegenüber der Bevölkerung abgenommen
180 1293 1352 1357 hat, wenn das in den kleinen Städten nicht ganz ſo,
183 1357 1354 1424 aber ähnlich iſt, ſo iſt neben der veränderten Geſetzge-
181 1423 1356 1491 bung die Haupturſache die, daß in den großen Städten
182 1491 1356 1553 die neue Richtung, die nach ſpezialiſirter Produktion
183 1557 1358 1620 und nach dem Magazinſyſtem drängt, am gewaltigſten
183 1629 918 1687 ſich jetzt ſchon geltend gemacht hat.
296 1686 1357 1751 Die Ergebniſſe der Beſchäftigungs- und Gewerbe-
186 1752 1359 1818 ſtatiſtik von 1849 und 1861 beſtätigen im Allgemeinen
1271 206 1336 240 147
1007 2285 1089 2323 10 *
362 1892 1359 1950 Die prozentuale Abnahme iſt berechnet in Tabelle 35
190 1959 626 1999 S. 122—124 a. a. O.
359 2003 1363 2062 Zeitſchrift des ſtat. Bureaus für 1863. Nr. 3 u. 4:
192 2060 1364 2117 „Beiträge zur Statiſtik der in geſchloſſenen Etabliſſements mit
190 2114 1366 2171 mechaniſchen Mitteln betriebenen Induſtriezweige Sachſens im
191 2170 1367 2226 Jahre 1861.“ Nr. 5—8.: „Die Bevölkerung des Königreichs
193 2225 1366 2282 Sachſen nach ihrer Beſchäftigung und ihrem Erwerbe 1861.“
