1600 2544
281 257 1459 322 Staaten von Nordamerika vor ſich, und zwar deswegen
280 323 1459 387 klarer als irgend wo anders, weil hier die ganze Kultur
279 391 1458 454 erſt mit den Eiſenbahnen entſteht. Keine zahlreichen
279 456 1458 521 Dörfer und Marktflecken, keine kleinen überall zerſtreuten
279 522 1458 586 Städte, ſondern einzelne Farmen und Rieſenſtädte, in
278 590 1458 651 denen ſich Handel und Induſtrie konzentriren, die in
278 655 1458 720 wenigen Jahren um Hunderttauſende zunehmen, das iſt
277 722 1457 786 das Bild, das ſich uns dort bietet. Das rieſige Anwachſen
276 788 1430 849 der Städte ſpiegelt ſich am ſicherſten in den Boden-
276 854 1454 919 und Miethpreiſen. „Eine Wohnung, welche in Leipzig,
275 919 1456 986 Dresden oder Berlin 100 Thaler koſten würde, koſtet
272 985 1455 1054 in den beſſern Theilen von Newyork und Boſton
275 1053 1453 1120 5—800 Thlr. jährlich.“ Auch der Ackerboden ſteht in
272 1120 1452 1184 der Nähe dieſer Rieſenſtädte ja höher im Preiſe als in
272 1185 432 1239 Europa.
384 1253 1450 1319 Im alten Europa iſt die Wirkung langſamer; die
269 1317 1447 1386 beſtehenden Verhältniſſe ſtammen aus einer andern Zeit,
268 1386 1448 1446 und ſie bleiben zunächſt maßgebend. Wo der kleine
266 1449 1447 1511 Beſitz vorherrſcht, da exiſtiren ſeit dem Mittelalter die
266 1515 1446 1582 großen Dörfer, die kleinen Landſtädte. Bis zur Zeit
265 1582 1445 1646 der Eiſenbahnen hat der ſteigende Verkehr in der Form
264 1649 1444 1711 der Poſten und der Frachtfuhrwagen dieſe kleinen Ver-
284 156 346 190 184
424 156 1311 209 Die Umgeſtaltung von Produktion und Verkehr.
435 1800 1441 1857 Vergl. hauptſächlich Wiß, das Geſetz der Bevölkerung
262 1852 1442 1912 und die Eiſenbahnen, eine volkswirthſchaftliche und ſtatiſtiſche
262 1906 1440 1964 Unterſuchung geführt auf dem Terrain der Vereinigten Staaten
260 1963 586 2002 von Nordamerika.
429 2029 1439 2084 Douai, Land und Leute in der Union. Berlin, Janke
261 2082 517 2121 1864. S. 224.
432 2142 1436 2192 Pflaume, Einleitung zur Kenntniß der nordamerikani-
258 2191 1250 2246 ſchen Landwirthſchaft. Leipzig, Wigand 1866. S. 57.
