1600 2544
220 304 1270 371 Auch für die folgenden Aufnahmen habe ich die
112 373 1273 438 Summen nach den Spezialtabellen neu berechnet, für
117 440 1275 500 1837 und 40 nach den Fortſetzungen der ſtatiſtiſchen
114 506 1276 571 Ueberſichten, für 1843 nach dem beſondern für dieſes
115 572 1279 636 Jahr veröffentlichten Tabellenwerk. Ich habe dabei die
117 638 1280 703 ſämmtlich bisher gezählten Gewerbe mitgezählt, die
119 705 1279 768 Gehülfen da weggelaſſen, wo ſie früher auch fehlten,
119 769 1282 830 um ſo die Summen direkt vergleichbar mit den frühern
121 835 1283 900 Aufnahmen zu machen. Dadurch ſtimmen die Zahlen
122 901 1283 966 aber nicht ganz überein mit den gelegentlich von Die-
123 969 1185 1033 terici erwähnten oder ſpeziell von ihm berechneten.
480 211 899 261 Zur Kritik der Zahlen.
1227 201 1270 235 63
293 1072 1289 1128 Erſte Fortſetzung, Berlin 1842. S. 384—401. Zweite
126 1133 891 1183 Fortſetzung, Berlin 1844. S. 600—618.
294 1186 1100 1237 Dieterici, die ſtatiſtiſchen Tabellen S. 130.
294 1237 1290 1291 Für 1837 erwähnt Dieterici, 2te Fortſetzung S. 619,
129 1292 1291 1346 368429 Meiſter mit 231266 Gehülfen; er giebt nicht an, wie
131 1349 1293 1401 er das berechnet hat; ohne Zweifel läßt er wieder die Tuchſcheerer,
129 1402 1293 1457 Korbmacher, Buchdrucker, Kuchenbäcker weg; für 1840 giebt er
132 1458 1293 1511 daſ. S. 619 und 627 (an letzterer Stelle nach Provinzen
131 1512 1293 1565 ſummirt) 387687 Meiſter mit 286612 Gehülfen an; die gerin-
133 1566 1296 1621 gere Meiſterzahl hat dieſelbe Urſache, die höhere Gehülfenzahl
135 1622 1296 1672 als unſere hat ihren Grund in dem Mitzählen aller aufgenom-
134 1676 1295 1727 menen Gehülfen. Für 1843 giebt er in ſeinem „Volkswohl-
136 1730 1298 1781 ſtand“ S. 254 eine Summirung (400932 Meiſter mit 309570
138 1785 1300 1838 Gehülfen), die von da in alle ſpätere Literatur übergegangen
139 1837 1298 1892 iſt. Sie iſt weſentlich niedriger als unſere, da ſie, zur Ver-
140 1892 1298 1949 gleichung mit einer ebenfalls lückenhaften Tabelle von 1831
141 1947 1300 2005 gemacht, wieder verſchiedene Kategorien wegläßt. In den ſtatiſt.
142 2002 1303 2058 Tabellen pro 1843 S. 145 giebt er eine andere Summirung
143 2056 1306 2113 nach Provinzen (410221 Meiſter mit 358660 Gehülfen), die
144 2112 1306 2169 wieder weſentlich höher iſt als unſere; die Zahl der Meiſter nur
145 2168 1306 2225 um 2000, die Urſache iſt mir nicht klar; die Zahl der Gehülfen
146 2224 1308 2277 um circa 47000, weil Dieterici hier für alle Gewerbe, in
