1600 2450
84 235 1328 276 Aussage A gilt, das heisst aber: sie hätte stets zu gelten — in An-
82 273 1328 325 betracht, dass man für A auch eine stets gültige Aussage (dergleichen
82 327 1345 382 es ja gibt) wählen kann. Sobald ferner die Aussage 0 gilt, muss
81 380 1329 422 jede beliebige Aussage A gelten; da es aber auch stets ungültige Aus-
81 428 1342 472 sagen A gibt, so kann die Gültigkeitsklasse der Nullaussage nur
80 478 1326 522 die leere sein. Es war demnach zunächst die Aussage i als das
81 522 1327 572 Symbol jeder unbedingt gültigen und die Aussage 0 als der Reprä-
84 578 1256 620 sentant jeder unbedingt falschen Aussage in Erinnerung zu rufen.
95 622 1325 669 Was die Def. (1̄) der Aussagenäquivalenz betrifft, so wurde in
80 675 1327 718 § 29 gezeigt, wie der scheinbare circulus in definiendo, nämlich der
78 720 797 767 Gebrauch einer Äquivalenterklärung bei:
427 789 986 832 (A = B) = (A ￼⊆ B) (B ￼⊆ A)
81 856 445 890 sich vermeiden lässt.
162 915 1326 957 Dagegen setzte diese Erklärung das Verstehen eines Aussagen-
74 963 1327 1003 produktes bereits voraus, dessen Definition derjenigen der Gleichheit
79 1007 1326 1054 hier vorangestellt sein müsste — wie denn überhaupt die Reihenfolge
79 1056 1326 1103 in der die Grundlagen vorzutragen wären, und zufolge dessen zum
79 1105 1325 1152 Teil auch die Anordnung der Beweise im reinen, selbständig er-
80 1157 1325 1201 richteten Aussagenkalkul sich zu Anfang als eine andre aufdrängt, als
79 1208 834 1248 wie sie im Klassenkalkul gegeben worden.
160 1252 1326 1298 Durch die Def. (3̄×) (C ￼⊆ A B) = (C ￼⊆ A) (C ￼⊆ B) in dieser
80 1306 1324 1350 ursprünglichen oder in irgend einer der dieser äquivalenten Formen
80 1351 1325 1400 kann aber das Aussagenprodukt A B nicht ohne circulus definirt werden,
80 1408 1325 1450 weil rechterhand, behufs der Erklärung, selbst zu einem Aussagen-
80 1459 1325 1500 produkt gegriffen wird — ganz abgesehen davon, dass auch (entgegen
80 1501 1325 1549 dem vorhin Bemerkten) die Erklärung der Aussagenäquivalenz wieder
78 1548 1324 1597 ihrerseits vorausgegangen sein müsste. Ohne dass man zwei Annahmen
79 1597 1323 1645 (von Merkmalen) als gleichzeitig vorauszusetzende hinzustellen ver-
80 1652 1324 1693 möchte, lässt sich überhaupt nichts definiren Das Aussagenprodukt
80 1696 1322 1741 A B muss wohl oder übel direkt, vermittelst seiner Interpretation, de-
80 1743 1322 1791 finirt werden als die Aussage, welche ausspricht, dass die Aussage A
80 1797 1321 1840 und die B gleichzeitig gelten; und die Gleichzeitigkeit scheint zu den
81 1838 812 1888 Kategorieen oder Urbegriffen zu gehören.
160 1896 1321 1937 Was wir im Gebietekalkul unter (3×) als eine Definition hinstellen
264 159 1147 193 § 31. Grundsätze der Logik im Aussagenkalkul gedeutet.
1288 162 1329 192 53
141 1980 1320 2015 Es ist damit auf gewisse Postulate des Aussagenkalkuls hingewiesen, deren
80 2011 1053 2056 Analoga im Klassenkalkul ausführlicher in § 7 besprochen sind.
184 1980 1320 2015 Es ist damit auf gewisse Postulate des Aussagenkalkuls hingewiesen, deren
80 2011 1053 2056 Analoga im Klassenkalkul ausführlicher in § 7 besprochen sind.
179 2059 1321 2096 Wenigstens müsste hier die Gleichzeitigkeit der beiden speziellen Annahmen
81 2094 1321 2145 C ￼⊆ A und C ￼⊆ B postulirt werden, um diejenige irgend zweier Annahmen oder
80 2137 571 2181 Aussagen A und B zu definiren.
