1600 2335
181 221 1375 263 Schutzwaldungen in Frage kommen, eine solche Beschränkung nicht
180 266 404 303 gerechtfertigt.
258 311 1374 347 Am meisten verbreitet ist die bedingte Teilbarkeit bei jenen Besitz-
180 350 1374 392 formen, welche als Überreste der alten Marken je nach den
180 399 1372 438 Rechtsgebieten in verschiedener Qualität als Interessentenwaldungen,
182 443 1373 484 Genossenschaftswaldungen, gemeinschaftlicher Privatwald u. s. w. be-
181 490 1373 528 stehen geblieben sind. Diese Beschränkung stellt sich hier als eine
181 535 1373 572 Fortsetzung der früheren staatlichen Oberaufsicht über die Mark-
183 580 1371 619 waldungen dar. Derartige Bestimmungen finden sich u. a. in Preuſsen,
183 624 1372 664 bis zum Erlasse des Gesetzes vom 14. März 1881 , Bayern , Braun-
182 669 746 707 schweig, Schwarzburg-Rudolstadt.
258 715 1374 752 Die Forderung der dauernden forstlichen Benutzbarkeit der ein-
182 760 1374 799 zelnen Teilstücke ist praktisch deshalb sehr schwer durchführbar, weil
182 803 1374 846 die Flächengröſse, welche zu diesem Zwecke erforderlich ist, allgemein
181 849 889 885 und gesetzlich kaum fixiert werden kann.
259 894 1374 934 Die Betriebsart, die Zusammenlage der Waldungen und die Terrain-
181 938 1158 977 verhältnisse sind hierbei hauptsächlich zu berücksichtigen.
260 982 1375 1019 Nieder- und Mittelwald läſst sich auf weit kleinerer Fläche mit Erfolg
182 1028 1375 1065 betreiben, als Hochwald. Plänterweise erfolgender Betrieb erfordert eine
181 1072 1375 1111 geringere Ausdehnung des Waldbesitzes, als schlagweise betriebener
182 1117 1374 1155 Hochwald. Im Gebirge ist schon wegen der Zugänglichkeit eine gröſsere
182 1162 1375 1200 Fläche erforderlich, als in der Ebene. Bei Nadelholzwaldungen kommt
183 1208 1376 1245 die Rücksicht der Gefährdung der verschiedenen Parzellen beim Abtriebe
183 1253 1374 1288 der Nachbarbestände in Betracht, was beim Laubholze nicht der Fall ist.
261 1301 1376 1340 Die Frage nach der zulässigen Minimalgröſse des Besitzes muſs
184 1345 1376 1385 daher von Fall zu Fall entschieden werden unter Berücksichtigung des
184 1391 1376 1428 Umstandes, daſs die Stellung des Waldes und damit auch dessen Be-
1318 153 1372 179 197
528 146 1030 178 I. Abschnitt. Forstwirtschaftspflege.
184 1479 1372 1510 weder entzogen, noch durch Parzellierung so zerstückelt werden, daſs die einzelnen
186 1517 1131 1541 Parzellen nicht mehr forstmännisch bewirtschaftet werden können.
262 1552 1374 1582 In Hessen fordert die Verordnung vom 9. II. 1811 für die Realteilung von
185 1588 1376 1620 Privatwaldungen staatliche Genehmigung, und es sollen die einzelnen Teilstücke nicht
185 1629 485 1652 unter 1 ha umfassen.
262 1661 1376 1693 In Baden sollen nach dem Gesetze betr. die „gesetzliche Unteilbarkeit der Liegen-
186 1697 1376 1732 schaften“ Waldungen nicht derart geteilt werden, daſs die einzelnen Teilstücke
185 1734 1377 1769 weniger als 3,6 ha betragen, auch kann durch örtliche Vorschriften nach den Be-
186 1772 1374 1806 dürfnissen der Landesgegend dieses Mindestmaſs erhöht, in einzelnen Fällen auch
186 1812 574 1844 Nachsicht bewilligt werden.
302 1845 1375 1880 Preuſsen, Gemeinheitsteilungsordnung vom 7. VI. 1821 § 109: Die Natural-
186 1883 1376 1917 teilung eines gemeinschaftlichen Waldes ist nur dann zulässig, wenn entweder die
186 1918 1377 1956 einzelnen Anteile zur forstmäſsigen Benutzung geeignet bleiben, oder vorteilhaft als
186 1957 812 1983 Äcker oder Wiesen benutzt werden können.
303 1991 1377 2026 Bayerisches Forstgesetz Art. 20: Diese Zustimmung (zur Teilung gemein-
187 2028 1377 2062 schaftlicher Privatwaldungen) darf nicht verweigert werden, wenn die einzelnen Teile
187 2065 1278 2100 auch nach der Verteilung einer regelmäſsigen Bewirtschaftung fähig bleiben.
264 2101 1097 2138 Ähnliche Bestimmungen finden sich in Baden und Hessen.
