1600 2631
259 301 1498 353 Machthabern dennoch allenthalben der weſtlichen Gaue Herr zu
258 358 1498 409 werden, und im 17. Jahrhunderte begannen die hartbedrängten
260 414 1498 465 Chriſten zum Islam überzutreten, um der intoleranten Verfol-
258 470 1498 520 gung einerſeits und dem unerhörten Steuerdruck anderſeits zu
260 526 442 573 entgehen.
354 583 1500 632 Das Merkwürdige hiebei iſt nun die Thatſache, daß ein
259 638 1498 688 eigentlicher Glaubenswechſel keineswegs ſtattgefunden hat, ſon-
259 694 1501 743 dern daß dieſe pontiſchen Griechen nur äußerlich der Form
258 751 1499 798 der moslemiſchen Rechtgläubigkeit ſich unterwarfen, und ihren
259 807 1500 854 Islamismus einzig nur auf den Schein beſchränkten. Sie kennen
261 862 1500 911 weder den Koran noch haben ſie die Beſchneidung, ja es wird
258 918 1501 969 behauptet, daß ſie ganz und gar ein Doppel-Leben führen —
261 976 1500 1025 ein griechiſches und ein türkiſches. Oeffentlich ſprächen ſie das
258 1032 1501 1082 Idiom ihrer nominellen Herren, insgeheim aber griechiſch. Jeder
259 1089 1502 1136 habe zwei Namen, derſelbe, der am Morgen im weißen oder
259 1145 1498 1194 grünen Kopfbund ſich Ahmed oder Selim nenne, vereine ſich
260 1201 1501 1252 Abends mit ſeinen Glaubensgenoſſen in einer verborgenen Hütte
260 1259 1502 1308 oder Grotte unter Leitung eines Papas, um die Bräuche der
260 1316 1500 1364 chriſtlichen Kirche zu feiern — deſſelben Papas, der einige Stun-
258 1371 1500 1420 den früher ſeinen Dienſt als Mollah that — dann hießen ſie
260 1428 1499 1479 Georg, Simeon, Peter u. ſ. w.. Es wird ſich mit den Gebirgs-
259 1485 1500 1538 bewohnern wahrſcheinlich ähnlich verhalten, wie mit den arg-
260 1543 1499 1593 bedrängten kurdiſchen Secten im nördlichen Meſopotamien und Thei-
264 1601 1501 1651 len von Süd-Kurdiſtan, die gleichfalls häufig nur äußerlich Moslems
260 1658 1501 1708 ſind, ſonſt aber in allen Stücken ihren Glaubensregeln und Ge-
261 1710 1502 1778 bräuchen nachgehen. Weſtwärts von Trapezunt gibt es fünf
263 1771 1501 1822 Gaue mit Krypto-Chriſten: Jomura, Sürmeneh, Of, Rizeh und
261 1829 1501 1880 Hemſchin. Alle ſind von der Küſte her nur ſchwer zugänglich;
264 1886 1501 1936 aber auch im Innern ſind die Straßen höchſt mangelhaft und
263 1943 1501 1994 geſchloſſene Ortſchaften gehören zu den Seltenheiten. Die Holz-
264 1999 1502 2054 hütten mit ihren beſchwerten Schindeldächern liegen zerſtreut,
265 2057 1503 2111 meiſt auf Felsklippen und werden nur im Winter bewohnt; im
560 200 1198 246 Das pontiſch-armeniſche Geſtade-Land.
259 211 304 245 86
375 2217 1018 2255 Indſchidſchean bei Ritter, XVIII, 915.
376 2264 1488 2304 Tſchichatſcheff, „Lettres sur la Turquie“, 18, bei Braun, a. a. O.
375 2312 1502 2354 Vgl. Eli Smith, Researches, und bei Koch, „Wanderungen im
272 2358 1107 2398 Orient“, I, dann Flandin, „Voyage en Perse“, I.
377 2406 711 2447 Eli Smith, a. a. O.
