1600 2631
250 188 1162 228 Die Türken in Van. Aberglaube. — Keil-Inſchriften.
89 283 1328 334 Stadt der Semiramis durch fremde Hilfe in den Beſitz der ver-
92 341 1328 390 grabenen Reichthümer zu gelangen hofften  … Das iſt Alles.
91 396 1327 447 Ihren blödſinnigen Aberglauben nennen ſie Pietät für das ein-
87 452 1330 503 ſtige Emporium, ihre Gewaltthätigkeit ein gutes Regiment, ihre
85 510 1331 560 armſeligen Gärten ein Paradies. Oft hauſt die nichtsnutzige
91 563 1330 614 Provinz-Bureaukratie in den Dörfern des flachen Landes, und
91 619 1329 670 iſt ſie abgezogen, ſo kommen die Kurden von ihren Weiden herab
92 677 1330 726 und halten Nachleſe bei jammernden Weibern und zerknirſchten
91 731 1329 780 Männern. Und alle dieſe Zeichen geſchehen im Angeſichte eines
90 789 1328 835 großartigen Culturdenkmales, auf deſſen ſteinernen Stirnen eine
90 845 1327 893 geheimnißvolle Schrift von verſchollenem Glanze Kunde gibt.
90 900 1328 950 Wie auf dem Bagiſtan bei Ekbatana Darius auf 2000 Fuß
89 956 1327 1006 hoher Felswand in den drei Sprachen ſeines Reiches (ariſch,
90 1017 1326 1064 turaniſch, ſemitiſch) die Geſchichte aller Empörungen, die er nieder-
88 1071 1316 1120 ſchlug, einmeißeln ließ , ſo hat zu Van Xerxes, ſein großer Sohn,
89 1127 1328 1177 den Ruhm ſeiner Herrſchaft zu verewigen getrachtet. Und die
88 1183 1327 1234 heutigen Volksbeglücker blicken ſtumpfſinnig da hinauf und wähnen
89 1242 1326 1291 Kunde zu erhalten von verborgenen Schätzen, indeß in unver-
89 1301 1326 1351 wüſtlichen Schriftzeichen eine hiſtoriſche Kundgebung, von deren
91 1357 1276 1408 Bedeutung ſie keine blaſſe Ahnung haben, ihnen entgegenleuchtet …
185 1417 1326 1466 An den Grenzen Kurdiſtans angelangt, ergibt ſich nunmehr
1262 194 1330 227 105
205 1539 1325 1578 Dies gilt namentlich von zwei Felsgrotten unweit des Tabriſer
87 1584 1325 1625 Thores, alſo im Oſten der Stadt. Der Volkswahn verlegt dahin Gold-
88 1632 1326 1675 ſchätze, die unter einem „Khazane Kapuſſi“ (Thor zum Schatzhauſe) liegen
88 1680 1325 1720 ſollen, deſſen eiſernes Gitter den Eingang zum Theſauros hindere. Zwei
88 1728 1324 1770 Männer mit Flammenſchwertern bewachen den Eingang; jede Nacht lagere
88 1777 1323 1818 ſich eine große Schlange vor dem Talisman (der Inſcription), ziehe ſich
89 1827 1325 1866 aber bei Sonnenaufgang durch ein Loch zur Rechten in das Innere der
90 1872 1325 1913 Grotte zurück … Weiters ſoll unter dem, nur eine Stunde im Oſten
90 1920 1324 1961 der Stadt ſich erhebenden Hügel Zemzen-Tepe eine Stadt der Divs
89 1967 1324 2007 (Geſpenſter) vergraben liegen. Nur zwei Mittel ſoll es geben, ſie zu er-
88 2016 1323 2055 reichen: wenn man den Talisman entziffert, oder den ſiebenten Tag nach
88 2060 1323 2102 Oſtern, oder das Johannisfeſt abwartet, weil ſich die Felspforten an dieſen
88 2106 1323 2150 Tagen auf kurze Zeit von ſelbſt öffnen. Im Innern des Berges läßt der
88 2155 1324 2197 verzauberte Hahn ſein Geſchrei ertönen. (Vgl. Schulz, Mémoire etc. . . a. a. O.)
202 2206 1325 2246 Es ſind mehr als 1000 Zeilen Keilſchrift, Dank ihrer ſorgſamen
89 2248 1325 2292 Politur, noch vollkommen lesbar. Mitten zwiſchen den Inſchriftencolonnen
90 2296 1325 2341 ſieht man den König ſelbſt, wie er den Fuß auf den Leib eines am Boden
89 2344 1323 2390 liegenden Rebellen ſetzt, und neun andere, von Hals zu Hals gefeſſelt,
89 2391 1324 2441 ſtehen gebeugt, mit zurückgebundenen Händen, vor ihm. Darüber ſchwebt,
