1600 2335
308 225 1429 262 Die bekannteste und verheerendste Form derartiger Schädlichkeiten
231 270 1428 308 bilden die Wildbäche ; aber auch da, wo es nicht zur Bildung eigent-
231 315 1428 352 licher Wildbäche kommt, wirken die erwähnten Erscheinungen im hohen
232 361 1427 398 Maſse kulturfeindlich, wie z. B. verschiedene Gegenden der Vorder-
230 407 439 444 pfalz zeigen.
308 451 1428 489 Gegen diese Verwüstungen gewährt der Wald jedenfalls den besten
231 496 1429 533 Schutz, welcher überhaupt möglich ist und der in den meisten Fällen
231 541 871 577 auch ausgiebig und erfolgreich wirkt.
310 584 1428 618 Grasnarben binden zwar ebenfalls den Boden, allein der im Ge-
231 627 1428 666 birge sehr dichte Rasen bildet einen Filz, in welchen der Regen nur
232 671 1428 709 schwer eindringt und über den er deshalb rasch hinwegflieſst. Auſser-
233 716 1428 759 dem bieten aber auch Rasenflächen nicht die gleiche Sicherheit gegen
232 762 1429 798 Runsenbildung wie der Wald. Man ist daher in Frankreich bei der
232 806 1428 845 Wildbachverbauung von der bloſsen Berasung (gazonnement) zurück-
232 852 1429 894 gekommen und wendet innerhalb der Baumgrenze überall die Aufforstung
232 897 969 934 (reboisement) zur Bindung des Bodens an.
309 942 1428 979 Der Wald wirkt in dieser Richtung dadurch, daſs er die mecha-
232 987 1429 1026 nische Gewalt der Niederschläge mindert, das oberflächliche Abflieſsen
231 1034 1429 1071 des Wassers verlangsamt und das Mitnehmen des Gesteinsschuttes und
231 1080 975 1118 der gelockerten Gesteinstrümmer verhindert.
308 1127 1428 1165 Fällt Regen auf vegetationslosen Boden, so werden hier durch das auf-
232 1170 1428 1214 stoſsende Wasser die Poren des Erdreichs verstopft, indem es die undurchlas-
233 1207 1430 1254 senden Lehmteilchen in die Öffnungen hineinpreſst. Das Wasser vermag
234 1257 1429 1297 nicht mehr einzudringen und sammelt sich an der Oberfläche; an den Ge-
233 1282 1429 1341 hängen bilden sich Wasserrinnen, in welchen es abflieſst und schlieſslich
234 1348 1429 1388 mit ungeheurer Gewalt dem Thale zueilt. Bei plötzlicher Schneeschmelze
234 1395 1427 1440 oder nach heftigen Regengüssen entstehen an steilen Abhängen Runsen,
233 1440 1429 1481 welche in ihrem unteren Teile den Anblick einer groſsen Furche dar-
232 1486 1429 1525 bieten, an deren Fuſse das von oben abgeschwemmte Material in Form
232 1532 1429 1572 eines Schuttkegels angehäuft ist. Bei erneuten Regengüssen und
232 1577 1429 1618 Schneeschmelzen sammeln sich die Gewässer in solchen Vertiefungen,
231 1622 1431 1659 führen die Erdteilchen fort, welche den Gesteinstrümmern als Stütze
232 1668 1430 1706 dienen; letztere folgen, ihres Stützpunktes beraubt, denselben nach. Alle
230 1713 1428 1753 Runsen, welche zu gleicher Zeit und in gleicher Richtung thätig sind,
230 1758 1430 1797 führen eine förmliche Lawine im flüssigen Zustande in die sie vereini-
232 1804 1431 1843 gende Schlucht. Das geringste Hindernis, welches dieser weichen
231 1848 1430 1888 Masse begegnet, leitet sie von der Achse des Gebirges ab und stürzt sie
232 1893 1430 1932 auf die steilen Uferhänge, deren Fuſs unterwaschen wird und verschwindet;
623 149 1034 180 A. Erster (allgemeiner) Teil.
234 149 270 175 60
348 1972 1428 2003 Wildbäche sind Wasserläufe, aus deren Sammelgebiet ab und zu „Muren“
233 2004 1430 2042 d. i. ein breiartiges Gemenge von Wasser, Kies, Sand, Steinen und Schlamm her-
232 2040 1431 2073 vorbrechen. Diese Ausbruchmassen bedrohen und verwüsten sodann durch ihre
233 2076 980 2114 Fortbewegung Kulturgründe und selbst Wohnstätten.
348 2115 739 2150 Demontzey, Studien S. 236.
