<?xml version="1.0" encoding="UTF-8"?>
<PcGts xmlns="http://schema.primaresearch.org/PAGE/gts/pagecontent/2019-07-15" xmlns:xsi="http://www.w3.org/2001/XMLSchema-instance" xsi:schemaLocation="http://schema.primaresearch.org/PAGE/gts/pagecontent/2019-07-15 http://schema.primaresearch.org/PAGE/gts/pagecontent/2019-07-15/pagecontent.xsd">
<Metadata>
<Creator>regJS2PAGE.py</Creator>
<Created>2021-02-16T11:02:53.040272</Created>
<LastChange>2021-02-16T11:02:53.040272</LastChange>
</Metadata>
<Page imageFilename="tmp/schweiger_armenien_1878_0061.png" imageWidth="1600" imageHeight="2631">
<TextRegion id="block_0" custom="structure {type:body;}">
<Coords points="84,248 84,305 84,307 84,362 85,360 85,418 85,418 85,473 84,471 84,538 84,526 84,592 85,589 85,647 85,640 85,696 86,694 86,750 87,750 87,811 87,815 178,815 178,864 178,870 87,870 87,920 87,920 87,978 88,976 88,1033 87,1038 87,1089 88,1088 88,1147 87,1150 87,1205 88,1203 88,1261 88,1259 88,1319 88,1322 88,1375 88,1377 88,1440 89,1441 89,1489 88,1489 88,1545 89,1544 89,1602 1322,1602 1322,1544 1321,1545 1321,1489 1322,1489 1322,1441 1323,1440 1323,1377 1321,1375 1321,1322 1320,1319 1320,1259 1320,1261 1320,1203 1320,1205 1320,1150 1321,1147 1321,1088 1320,1089 1320,1038 1319,1033 1319,976 1320,978 1320,920 1319,920 1319,870 1318,864 1318,815 1245,815 1245,811 1245,750 1318,750 1318,750 1318,694 1318,696 1318,640 1318,647 1318,589 1317,592 1317,526 1316,538 1316,471 1316,473 1316,418 1315,418 1315,360 1316,362 1316,307 1314,305 1314,248 84,248"/>
<TextLine id="line_0">
<Coords points="84,248 231,248 256,258 310,258 335,257 519,257 545,260 702,260 729,261 904,261 931,259 1074,259 1114,259 1192,259 1218,257 1314,257 1314,292 1218,292 1192,294 1114,294 1074,296 931,296 904,296 729,296 702,305 545,305 519,304 335,304 310,294 256,294 231,300 84,300 84,248"/>
<Baseline points="84,300 231,300 256,294 310,294 335,304 519,304 545,305 702,305 729,296 904,296 931,296 1074,296 1114,294 1192,294 1218,292 1314,292"/>
<TextEquiv><Unicode>Chalifen als berechtigte Dynaſtie anerkannt wurden. Das merk-</Unicode></TextEquiv>
</TextLine>

<TextLine id="line_1">
<Coords points="84,307 223,307 249,314 436,314 461,315 516,315 543,313 750,313 784,317 817,317 849,316 897,316 932,315 1115,315 1143,313 1316,313 1316,358 1143,358 1115,360 932,360 897,352 849,352 817,352 784,352 750,362 543,362 516,351 461,351 436,360 249,360 223,357 84,357 84,307"/>
<Baseline points="84,357 223,357 249,360 436,360 461,351 516,351 543,362 750,362 784,352 817,352 849,352 897,352 932,360 1115,360 1143,358 1316,358"/>
<TextEquiv><Unicode>würdige Eingreifen der Bagratiden in die politiſchen Schickſale</Unicode></TextEquiv>
</TextLine>

<TextLine id="line_2">
<Coords points="85,360 285,360 312,371 362,371 384,371 581,371 607,373 669,373 695,372 958,372 985,383 1049,383 1076,371 1143,371 1169,371 1315,371 1315,415 1169,415 1143,416 1076,416 1049,407 985,407 958,418 695,418 669,408 607,408 581,417 384,417 362,407 312,407 285,414 85,414 85,360"/>
<Baseline points="85,414 285,414 312,407 362,407 384,417 581,417 607,408 669,408 695,418 958,418 985,407 1049,407 1076,416 1143,416 1169,415 1315,415"/>
<TextEquiv><Unicode>Armeniens, ein Eingreifen, das augenſcheinlich nur ſehr langſam</Unicode></TextEquiv>
</TextLine>

<TextLine id="line_3">
<Coords points="85,418 148,418 173,421 265,421 293,426 415,426 444,429 671,429 697,429 773,429 798,428 991,428 1018,428 1204,428 1230,429 1316,429 1316,472 1230,472 1204,472 1018,472 991,473 798,473 773,464 697,464 671,473 444,473 415,473 293,473 265,471 173,471 148,456 85,456 85,418"/>
<Baseline points="85,456 148,456 173,471 265,471 293,473 415,473 444,473 671,473 697,464 773,464 798,473 991,473 1018,472 1204,472 1230,472 1316,472"/>
<TextEquiv><Unicode>und durch geiſtige Suprematie, aber keineswegs gewaltſam ſtatt-</Unicode></TextEquiv>
</TextLine>

<TextLine id="line_4">
<Coords points="84,471 181,471 214,481 282,481 307,489 372,489 398,484 457,484 484,484 583,484 611,486 762,486 789,484 848,484 875,485 976,485 1003,484 1131,484 1159,482 1316,482 1316,527 1159,527 1131,519 1003,519 976,529 875,529 848,519 789,519 762,526 611,526 583,529 484,529 457,520 398,520 372,519 307,519 282,526 214,526 181,538 84,538 84,471"/>
<Baseline points="84,538 181,538 214,526 282,526 307,519 372,519 398,520 457,520 484,529 583,529 611,526 762,526 789,519 848,519 875,529 976,529 1003,519 1131,519 1159,527 1316,527"/>
<TextEquiv><Unicode>fand, gibt uns den beſten Beweis, wie wenig inneres Bewußt-</Unicode></TextEquiv>
</TextLine>

<TextLine id="line_5">
<Coords points="84,526 146,526 171,545 243,545 268,539 440,539 476,541 541,541 569,540 781,540 813,541 870,541 898,539 1099,539 1126,539 1317,539 1317,575 1126,575 1099,585 898,585 870,576 813,576 781,586 569,586 541,576 476,576 440,585 268,585 243,578 171,578 146,592 84,592 84,526"/>
<Baseline points="84,592 146,592 171,578 243,578 268,585 440,585 476,576 541,576 569,586 781,586 813,576 870,576 898,585 1099,585 1126,575 1317,575"/>
<TextEquiv><Unicode>ſein zum Herrſchen und Beherrſchen den eigentlichen Armeniern</Unicode></TextEquiv>
</TextLine>

<TextLine id="line_6">
<Coords points="85,594 172,594 205,600 275,600 309,595 374,595 411,596 470,596 500,597 541,597 567,596 671,596 697,589 767,589 793,599 946,599 973,595 1112,595 1139,594 1318,594 1318,638 1139,638 1112,639 973,639 946,639 793,639 767,631 697,631 671,640 567,640 541,640 500,640 470,631 411,631 374,631 309,631 275,628 205,628 172,647 85,647 85,594"/>
<Baseline points="85,647 172,647 205,628 275,628 309,631 374,631 411,631 470,631 500,640 541,640 567,640 671,640 697,631 767,631 793,639 946,639 973,639 1112,639 1139,638 1318,638"/>
<TextEquiv><Unicode>eigen war und wie ſie ſpäter dies geradezu fremden Dynaſtien</Unicode></TextEquiv>
</TextLine>

<TextLine id="line_7">
<Coords points="85,640 265,640 277,664 285,664 312,651 425,651 451,652 494,652 520,652 579,652 605,652 646,652 671,650 853,650 871,649 1016,649 1035,649 1148,649 1166,650 1318,650 1318,694 1166,694 1148,684 1035,684 1016,684 871,684 853,696 671,696 646,694 605,694 579,686 520,686 494,695 451,695 425,695 312,695 285,694 277,694 265,691 85,691 85,640"/>
<Baseline points="85,691 265,691 277,694 285,694 312,695 425,695 451,695 494,695 520,686 579,686 605,694 646,694 671,696 853,696 871,684 1016,684 1035,684 1148,684 1166,694 1318,694"/>
<TextEquiv><Unicode>überließen; gerade ſo, wie ſie anfänglich keinerlei Miene machten,</Unicode></TextEquiv>
</TextLine>

<TextLine id="line_8">
<Coords points="86,694 139,694 175,701 229,701 264,705 448,705 474,707 732,707 768,715 806,715 845,703 1025,703 1061,707 1120,707 1154,709 1236,709 1270,704 1318,704 1318,739 1270,739 1236,739 1154,739 1120,739 1061,739 1025,747 845,747 806,749 768,749 732,750 474,750 448,750 264,750 229,738 175,738 139,742 86,742 86,694"/>
<Baseline points="86,742 139,742 175,738 229,738 264,750 448,750 474,750 732,750 768,749 806,749 845,747 1025,747 1061,739 1120,739 1154,739 1236,739 1270,739 1318,739"/>
<TextEquiv><Unicode>ſich der aſſyriſchen Präponderanz zu erwehren, wie etwa die</Unicode></TextEquiv>
</TextLine>

<TextLine id="line_9">
<Coords points="87,750 211,750 237,759 286,759 302,762 562,762 580,762 636,762 655,762 785,762 805,759 987,759 1005,759 1211,759 1238,786 1245,786 1245,793 1238,793 1211,811 1005,811 987,806 805,806 785,806 655,806 636,798 580,798 562,805 302,805 286,796 237,796 211,799 87,799 87,750"/>
<Baseline points="87,799 211,799 237,796 286,796 302,805 562,805 580,798 636,798 655,806 785,806 805,806 987,806 1005,811 1211,811 1238,793 1245,793"/>
<TextEquiv><Unicode>Meder, die Zertrümmerer des zweiten aſſyriſchen Weltreiches …</Unicode></TextEquiv>
</TextLine>

<TextLine id="line_10">
<Coords points="178,815 231,815 258,818 433,818 470,818 646,818 680,818 728,818 755,816 973,816 1010,816 1069,816 1093,815 1213,815 1241,815 1318,815 1318,851 1241,851 1213,853 1093,853 1069,852 1010,852 973,863 755,863 728,853 680,853 646,864 470,864 433,854 258,854 231,860 178,860 178,815"/>
<Baseline points="178,860 231,860 258,854 433,854 470,864 646,864 680,853 728,853 755,863 973,863 1010,852 1069,852 1093,853 1213,853 1241,851 1318,851"/>
<TextEquiv><Unicode>In Armenien herrſchten die Bagratiden, wie bereits oben</Unicode></TextEquiv>
</TextLine>

<TextLine id="line_11">
<Coords points="87,870 230,870 256,876 365,876 379,904 387,904 423,875 475,875 512,881 587,881 621,874 714,874 741,877 834,877 860,874 936,874 963,873 1053,873 1080,873 1109,873 1137,873 1157,873 1184,873 1237,873 1263,884 1319,884 1319,917 1263,917 1237,909 1184,909 1157,908 1137,908 1109,908 1080,908 1053,918 963,918 936,919 860,919 834,909 741,909 714,919 621,919 587,911 512,911 475,911 423,911 387,920 379,920 365,912 256,912 230,916 87,916 87,870"/>
<Baseline points="87,916 230,916 256,912 365,912 379,920 387,920 423,911 475,911 512,911 587,911 621,919 714,919 741,909 834,909 860,919 936,919 963,918 1053,918 1080,908 1109,908 1137,908 1157,908 1184,909 1237,909 1263,917 1319,917"/>
<TextEquiv><Unicode>erwähnt wurde, bis ums Jahr 1030 nach Chr., d. i. bis zur</Unicode></TextEquiv>
</TextLine>

<TextLine id="line_12">
<Coords points="87,920 277,920 324,932 381,932 418,931 624,931 662,931 751,931 787,934 883,934 920,930 1018,930 1053,928 1105,928 1141,929 1234,929 1270,929 1320,929 1320,966 1270,966 1234,975 1141,975 1105,964 1053,964 1018,975 920,975 883,967 787,967 751,967 662,967 624,977 418,977 381,968 324,968 277,978 87,978 87,920"/>
<Baseline points="87,978 277,978 324,968 381,968 418,977 624,977 662,967 751,967 787,967 883,967 920,975 1018,975 1053,964 1105,964 1141,975 1234,975 1270,966 1320,966"/>
<TextEquiv><Unicode>Aufhebung des Königreichs Kars unter Kakig II. durch die</Unicode></TextEquiv>
</TextLine>

<TextLine id="line_13">
<Coords points="88,976 318,976 376,988 463,988 488,988 582,988 610,988 886,988 912,998 954,998 982,986 1145,986 1172,986 1319,986 1319,1031 1172,1031 1145,1031 982,1031 954,1023 912,1023 886,1033 610,1033 582,1033 488,1033 463,1024 376,1024 318,1026 88,1026 88,976"/>
<Baseline points="88,1026 318,1026 376,1024 463,1024 488,1033 582,1033 610,1033 886,1033 912,1023 954,1023 982,1031 1145,1031 1172,1031 1319,1031"/>
<TextEquiv><Unicode>Byzantiner. Aber durch Verwandtſchaft an Georgien gefeſſelt,</Unicode></TextEquiv>
</TextLine>

<TextLine id="line_14">
<Coords points="87,1038 217,1038 244,1044 292,1044 318,1056 382,1056 407,1044 663,1044 688,1044 860,1044 871,1072 880,1072 907,1044 972,1044 999,1044 1114,1044 1139,1047 1245,1047 1271,1042 1320,1042 1320,1079 1271,1079 1245,1078 1139,1078 1114,1080 999,1080 972,1080 907,1080 880,1087 871,1087 860,1089 688,1089 663,1081 407,1081 382,1081 318,1081 292,1080 244,1080 217,1088 87,1088 87,1038"/>
<Baseline points="87,1088 217,1088 244,1080 292,1080 318,1081 382,1081 407,1081 663,1081 688,1089 860,1089 871,1087 880,1087 907,1080 972,1080 999,1080 1114,1080 1139,1078 1245,1078 1271,1079 1320,1079"/>
<TextEquiv><Unicode>verging ein nur unbedeutender Zeitraum, und wieder traten die</Unicode></TextEquiv>
</TextLine>

<TextLine id="line_15">
<Coords points="88,1088 290,1088 327,1102 381,1102 417,1102 611,1102 640,1101 762,1101 797,1102 863,1102 890,1101 1050,1101 1085,1099 1238,1099 1265,1099 1321,1099 1321,1135 1265,1135 1238,1145 1085,1145 1050,1137 890,1137 863,1136 797,1136 762,1147 640,1147 611,1147 417,1147 381,1137 327,1137 290,1141 88,1141 88,1088"/>
<Baseline points="88,1141 290,1141 327,1137 381,1137 417,1147 611,1147 640,1147 762,1147 797,1136 863,1136 890,1137 1050,1137 1085,1145 1238,1145 1265,1135 1321,1135"/>
<TextEquiv><Unicode>Bagratiden als ruhmreiche Könige und Eroberer während der</Unicode></TextEquiv>
</TextLine>

<TextLine id="line_16">
<Coords points="87,1150 226,1150 251,1158 498,1158 534,1159 609,1159 644,1158 696,1158 723,1158 838,1158 874,1159 918,1159 943,1156 1051,1156 1079,1159 1191,1159 1225,1156 1320,1156 1320,1202 1225,1202 1191,1199 1079,1199 1051,1203 943,1203 918,1194 874,1194 838,1204 723,1204 696,1194 644,1194 609,1204 534,1204 498,1205 251,1205 226,1200 87,1200 87,1150"/>
<Baseline points="87,1200 226,1200 251,1205 498,1205 534,1204 609,1204 644,1194 696,1194 723,1204 838,1204 874,1194 918,1194 943,1203 1051,1203 1079,1199 1191,1199 1225,1202 1320,1202"/>
<TextEquiv><Unicode>nächſten Jahrhunderte auf, bis endlich im Jahre 1802, durch</Unicode></TextEquiv>
</TextLine>

<TextLine id="line_17">
<Coords points="88,1203 272,1203 304,1215 509,1215 545,1214 720,1214 757,1215 821,1215 848,1215 1051,1215 1077,1214 1110,1214 1136,1215 1194,1215 1223,1214 1320,1214 1320,1258 1223,1258 1194,1250 1136,1250 1110,1250 1077,1250 1051,1260 848,1260 821,1251 757,1251 720,1259 545,1259 509,1261 304,1261 272,1261 88,1261 88,1203"/>
<Baseline points="88,1261 272,1261 304,1261 509,1261 545,1259 720,1259 757,1251 821,1251 848,1260 1051,1260 1077,1250 1110,1250 1136,1250 1194,1250 1223,1258 1320,1258"/>
<TextEquiv><Unicode>Uebergang Georgiens, Kahetiens und Imeretiens in den Beſitz</Unicode></TextEquiv>
</TextLine>

<TextLine id="line_18">
<Coords points="88,1259 141,1259 156,1268 288,1268 314,1272 363,1272 388,1272 511,1272 536,1271 894,1271 914,1270 1071,1270 1096,1282 1135,1282 1161,1270 1320,1270 1320,1317 1161,1317 1135,1316 1096,1316 1071,1318 914,1318 894,1318 536,1318 511,1319 388,1319 363,1309 314,1309 288,1317 156,1317 141,1301 88,1301 88,1259"/>
<Baseline points="88,1301 141,1301 156,1317 288,1317 314,1309 363,1309 388,1319 511,1319 536,1318 894,1318 914,1318 1071,1318 1096,1316 1135,1316 1161,1317 1320,1317"/>
<TextEquiv><Unicode>der Ruſſen, die nahezu zwölfhundertjährige Dynaſtie zu herrſchen</Unicode></TextEquiv>
</TextLine>

<TextLine id="line_19">
<Coords points="88,1322 255,1322 280,1329 396,1329 452,1331 500,1331 526,1330 561,1330 587,1329 655,1329 672,1329 931,1329 958,1328 1021,1328 1038,1328 1088,1328 1106,1328 1321,1328 1321,1374 1106,1374 1088,1364 1038,1364 1021,1372 958,1372 931,1375 672,1375 655,1375 587,1375 561,1375 526,1375 500,1366 452,1366 396,1374 280,1374 255,1372 88,1372 88,1322"/>
<Baseline points="88,1372 255,1372 280,1374 396,1374 452,1366 500,1366 526,1375 561,1375 587,1375 655,1375 672,1375 931,1375 958,1372 1021,1372 1038,1364 1088,1364 1106,1374 1321,1374"/>
<TextEquiv><Unicode>aufgehört hatte. Es iſt ſehr wahrſcheinlich, daß die Bagratiden,</Unicode></TextEquiv>
</TextLine>

<TextLine id="line_20">
<Coords points="88,1377 140,1377 174,1384 215,1384 249,1397 288,1397 314,1387 427,1387 454,1387 518,1387 545,1386 691,1386 718,1386 848,1386 874,1395 1003,1395 1040,1385 1205,1385 1236,1384 1323,1384 1323,1431 1236,1431 1205,1430 1040,1430 1003,1428 874,1428 848,1432 718,1432 691,1431 545,1431 518,1423 454,1423 427,1432 314,1432 288,1431 249,1431 215,1428 174,1428 140,1440 88,1440 88,1377"/>
<Baseline points="88,1440 140,1440 174,1428 215,1428 249,1431 288,1431 314,1432 427,1432 454,1423 518,1423 545,1431 691,1431 718,1432 848,1432 874,1428 1003,1428 1040,1430 1205,1430 1236,1431 1323,1431"/>
<TextEquiv><Unicode>als ſie zu Macht und Anſehen gelangt waren, eingedenk ihrer</Unicode></TextEquiv>
</TextLine>

<TextLine id="line_21">
<Coords points="89,1441 288,1441 325,1442 558,1442 569,1470 578,1470 612,1443 701,1443 735,1443 789,1443 826,1441 988,1441 1015,1441 1229,1441 1264,1441 1322,1441 1322,1477 1264,1477 1229,1486 1015,1486 988,1487 826,1487 789,1479 735,1479 701,1488 612,1488 578,1486 569,1486 558,1488 325,1488 288,1489 89,1489 89,1441"/>
<Baseline points="89,1489 288,1489 325,1488 558,1488 569,1486 578,1486 612,1488 701,1488 735,1479 789,1479 826,1487 988,1487 1015,1486 1229,1486 1264,1477 1322,1477"/>
<TextEquiv><Unicode>eigentlichen Abſtammung, ſelbſt als chriſtliche Machthaber den</Unicode></TextEquiv>
</TextLine>

<TextLine id="line_22">
<Coords points="88,1489 274,1489 300,1501 374,1501 400,1499 469,1499 495,1499 658,1499 684,1508 792,1508 818,1498 884,1498 910,1497 992,1497 1010,1496 1234,1496 1252,1498 1321,1498 1321,1533 1252,1533 1234,1540 1010,1540 992,1542 910,1542 884,1535 818,1535 792,1535 684,1535 658,1545 495,1545 469,1545 400,1545 374,1545 300,1545 274,1536 88,1536 88,1489"/>
<Baseline points="88,1536 274,1536 300,1545 374,1545 400,1545 469,1545 495,1545 658,1545 684,1535 792,1535 818,1535 884,1535 910,1542 992,1542 1010,1540 1234,1540 1252,1533 1321,1533"/>
<TextEquiv><Unicode>Israeliten ſtets ſehr zugeneigt waren und jeder Coloniſation der-</Unicode></TextEquiv>
</TextLine>

<TextLine id="line_23">
<Coords points="89,1544 188,1544 205,1557 262,1557 279,1556 490,1556 503,1556 704,1556 730,1555 951,1555 965,1552 1129,1552 1155,1553 1322,1553 1322,1598 1155,1598 1129,1599 965,1599 951,1600 730,1600 704,1592 503,1592 490,1601 279,1601 262,1602 205,1602 188,1591 89,1591 89,1544"/>
<Baseline points="89,1591 188,1591 205,1602 262,1602 279,1601 490,1601 503,1592 704,1592 730,1600 951,1600 965,1599 1129,1599 1155,1598 1322,1598"/>
<TextEquiv><Unicode>ſelben auf armeniſchen Territorien beſtmöglichſt Vorſchub leiſteten.</Unicode></TextEquiv>
</TextLine>

</TextRegion>
<TextRegion id="block_1" custom="structure {type:pageNum;}">
<Coords points="1270,163 1270,196 1315,196 1315,163 1270,163"/>
<TextLine id="line_24">
<Coords points="1270,163 1315,163 1315,196 1270,196 1270,163"/>
<Baseline points="1270,196 1315,196"/>
<TextEquiv><Unicode>29</Unicode></TextEquiv>
</TextLine>

</TextRegion>
<TextRegion id="block_2" custom="structure {type:header;}">
<Coords points="562,161 562,200 830,200 830,161 562,161"/>
<TextLine id="line_25">
<Coords points="562,162 618,162 639,161 830,161 830,200 639,200 618,192 562,192 562,162"/>
<Baseline points="562,192 618,192 639,200 830,200"/>
<TextEquiv><Unicode>Die Bagratiden.</Unicode></TextEquiv>
</TextLine>

</TextRegion>
<TextRegion id="block_3" custom="structure {type:note;}">
<Coords points="195,1695 195,1735 195,1743 89,1743 89,1782 89,1793 201,1793 201,1832 201,1834 90,1834 90,1880 89,1879 89,1926 79,1925 79,1974 90,1973 90,2021 90,2020 90,2068 91,2072 91,2115 90,2114 90,2163 91,2162 91,2211 90,2214 90,2258 89,2262 89,2305 89,2311 198,2311 198,2352 198,2351 91,2351 91,2401 1324,2401 1324,2351 1326,2352 1326,2311 722,2311 722,2305 722,2262 1324,2262 1324,2258 1324,2214 1324,2211 1324,2162 1323,2163 1323,2114 1323,2115 1323,2072 1322,2068 1322,2020 1324,2021 1324,1973 1322,1974 1322,1925 1323,1926 1323,1879 1323,1880 1323,1834 1322,1832 1322,1793 533,1793 533,1782 533,1743 1323,1743 1323,1735 1323,1695 195,1695"/>
<TextLine id="line_26">
<Coords points="195,1698 368,1698 397,1698 558,1698 580,1697 734,1697 756,1697 788,1697 806,1697 856,1697 878,1697 1035,1697 1054,1695 1232,1695 1258,1695 1277,1695 1299,1704 1323,1704 1323,1724 1299,1724 1277,1723 1258,1723 1232,1732 1054,1732 1035,1725 878,1725 856,1725 806,1725 788,1726 756,1726 734,1727 580,1727 558,1734 397,1734 368,1735 195,1735 195,1698"/>
<Baseline points="195,1735 368,1735 397,1734 558,1734 580,1727 734,1727 756,1726 788,1726 806,1725 856,1725 878,1725 1035,1725 1054,1732 1232,1732 1258,1723 1277,1723 1299,1724 1323,1724"/>
<TextEquiv><Unicode>Neumann, „Vahrams Chronicle of the Armenian Kingdom“, l. c.</Unicode></TextEquiv>
</TextLine>

<TextLine id="line_27">
<Coords points="89,1745 116,1745 136,1743 197,1743 218,1747 262,1747 283,1748 380,1748 402,1756 427,1756 449,1756 476,1756 498,1747 533,1747 533,1776 498,1776 476,1777 449,1777 427,1777 402,1777 380,1778 283,1778 262,1777 218,1777 197,1782 136,1782 116,1775 89,1775 89,1745"/>
<Baseline points="89,1775 116,1775 136,1782 197,1782 218,1777 262,1777 283,1778 380,1778 402,1777 427,1777 449,1777 476,1777 498,1776 533,1776"/>
<TextEquiv><Unicode>p. XI., bei Ritter a. a. O.</Unicode></TextEquiv>
</TextLine>

<TextLine id="line_28">
<Coords points="201,1794 291,1794 326,1795 371,1795 400,1796 497,1796 523,1794 704,1794 735,1793 821,1793 858,1793 941,1793 976,1793 1019,1793 1045,1793 1227,1793 1253,1794 1322,1794 1322,1821 1253,1821 1227,1829 1045,1829 1019,1822 976,1822 941,1829 858,1829 821,1831 735,1831 704,1831 523,1831 497,1832 400,1832 371,1825 326,1825 291,1826 201,1826 201,1794"/>
<Baseline points="201,1826 291,1826 326,1825 371,1825 400,1832 497,1832 523,1831 704,1831 735,1831 821,1831 858,1829 941,1829 976,1822 1019,1822 1045,1829 1227,1829 1253,1821 1322,1821"/>
<TextEquiv><Unicode>Ueber die letzten Bagratiden gehen indeß die Meinungen aus-</Unicode></TextEquiv>
</TextLine>

<TextLine id="line_29">
<Coords points="90,1834 233,1834 274,1841 376,1841 397,1842 456,1842 478,1843 556,1843 572,1841 665,1841 680,1842 738,1842 759,1841 826,1841 841,1840 878,1840 892,1840 1032,1840 1053,1841 1202,1841 1215,1838 1323,1838 1323,1874 1215,1874 1202,1875 1053,1875 1032,1878 892,1878 878,1871 841,1871 826,1878 759,1878 738,1871 680,1871 665,1872 572,1872 556,1878 478,1878 456,1880 397,1880 376,1880 274,1880 233,1871 90,1871 90,1834"/>
<Baseline points="90,1871 233,1871 274,1880 376,1880 397,1880 456,1880 478,1878 556,1878 572,1872 665,1872 680,1871 738,1871 759,1878 826,1878 841,1871 878,1871 892,1878 1032,1878 1053,1875 1202,1875 1215,1874 1323,1874"/>
<TextEquiv><Unicode>einander. Einige ſind ihres Lobes voll (vgl. O. Spencer, „Journey trough</Unicode></TextEquiv>
</TextLine>

<TextLine id="line_30">
<Coords points="89,1879 278,1879 295,1890 392,1890 415,1890 550,1890 566,1889 678,1889 700,1888 800,1888 821,1889 886,1889 897,1888 929,1888 941,1887 1022,1887 1044,1887 1119,1887 1140,1885 1323,1885 1323,1921 1140,1921 1119,1922 1044,1922 1022,1923 941,1923 929,1917 897,1917 886,1925 821,1925 800,1917 700,1917 678,1918 566,1918 550,1926 415,1926 392,1926 295,1926 278,1918 89,1918 89,1879"/>
<Baseline points="89,1918 278,1918 295,1926 392,1926 415,1926 550,1926 566,1918 678,1918 700,1917 800,1917 821,1925 886,1925 897,1917 929,1917 941,1923 1022,1923 1044,1922 1119,1922 1140,1921 1323,1921"/>
<TextEquiv><Unicode>Tsherkessia etc.“), während Andere wieder (wie K. Koch, „Die kaukaſiſchen</Unicode></TextEquiv>
</TextLine>

<TextLine id="line_31">
<Coords points="79,1925 230,1925 244,1937 275,1937 296,1940 327,1940 348,1937 396,1937 417,1937 477,1937 492,1936 640,1936 661,1936 832,1936 854,1935 909,1935 925,1934 1065,1934 1086,1935 1173,1935 1194,1932 1247,1932 1261,1937 1322,1937 1322,1961 1261,1961 1247,1961 1194,1961 1173,1964 1086,1964 1065,1971 925,1971 909,1972 854,1972 832,1974 661,1974 640,1974 492,1974 477,1967 417,1967 396,1967 348,1967 327,1967 296,1967 275,1973 244,1973 230,1972 79,1972 79,1925"/>
<Baseline points="79,1972 230,1972 244,1973 275,1973 296,1967 327,1967 348,1967 396,1967 417,1967 477,1967 492,1974 640,1974 661,1974 832,1974 854,1972 909,1972 925,1971 1065,1971 1086,1964 1173,1964 1194,1961 1247,1961 1261,1961 1322,1961"/>
<TextEquiv><Unicode>Länder“, 8) es als eine Wohlthat bezeichnen, daß Rußland unter den ver-</Unicode></TextEquiv>
</TextLine>

<TextLine id="line_32">
<Coords points="90,1973 243,1973 263,1984 533,1984 553,1984 855,1984 877,1983 1059,1983 1085,1981 1143,1981 1172,1980 1200,1980 1230,1979 1324,1979 1324,2009 1230,2009 1200,2017 1172,2017 1143,2011 1085,2011 1059,2020 877,2020 855,2021 553,2021 533,2020 263,2020 243,2014 90,2014 90,1973"/>
<Baseline points="90,2014 243,2014 263,2020 533,2020 553,2021 855,2021 877,2020 1059,2020 1085,2011 1143,2011 1172,2017 1200,2017 1230,2009 1324,2009"/>
<TextEquiv><Unicode>ſchiedenen transkaukaſiſchen Duodez-Herrſchern aufgeräumt und ſo uralte</Unicode></TextEquiv>
</TextLine>

<TextLine id="line_33">
<Coords points="90,2020 202,2020 223,2031 320,2031 341,2031 400,2031 442,2031 484,2031 506,2031 558,2031 579,2031 640,2031 660,2031 827,2031 845,2036 902,2036 916,2031 970,2031 984,2029 1078,2029 1093,2028 1224,2028 1239,2027 1322,2027 1322,2056 1239,2056 1224,2064 1093,2064 1078,2067 984,2067 970,2059 916,2059 902,2059 845,2059 827,2066 660,2066 640,2060 579,2060 558,2068 506,2068 484,2060 442,2060 400,2068 341,2068 320,2068 223,2068 202,2063 90,2063 90,2020"/>
<Baseline points="90,2063 202,2063 223,2068 320,2068 341,2068 400,2068 442,2060 484,2060 506,2068 558,2068 579,2060 640,2060 660,2066 827,2066 845,2059 902,2059 916,2059 970,2059 984,2067 1078,2067 1093,2064 1224,2064 1239,2056 1322,2056"/>
<TextEquiv><Unicode>Fehden erſtickt hat. Es gilt dies namentlich von den letzten Königen Min-</Unicode></TextEquiv>
</TextLine>

<TextLine id="line_34">
<Coords points="91,2073 227,2073 259,2080 312,2080 338,2078 524,2078 556,2079 609,2079 640,2079 734,2079 760,2077 954,2077 984,2077 1034,2077 1066,2074 1238,2074 1265,2072 1323,2072 1323,2102 1265,2102 1238,2111 1066,2111 1034,2106 984,2106 954,2108 760,2108 734,2115 640,2115 609,2108 556,2108 524,2114 338,2114 312,2109 259,2109 227,2114 91,2114 91,2073"/>
<Baseline points="91,2114 227,2114 259,2109 312,2109 338,2114 524,2114 556,2108 609,2108 640,2115 734,2115 760,2108 954,2108 984,2106 1034,2106 1066,2111 1238,2111 1265,2102 1323,2102"/>
<TextEquiv><Unicode>greliens, den „Dadians“, den nahen Verwandten des abhaſiſchen Ge-</Unicode></TextEquiv>
</TextLine>

<TextLine id="line_35">
<Coords points="90,2114 227,2114 249,2127 298,2127 319,2125 550,2125 590,2125 666,2125 688,2125 838,2125 859,2123 944,2123 966,2123 1016,2123 1038,2123 1077,2123 1097,2121 1215,2121 1230,2120 1323,2120 1323,2157 1230,2157 1215,2157 1097,2157 1077,2152 1038,2152 1016,2160 966,2160 944,2160 859,2160 838,2162 688,2162 666,2162 590,2162 550,2163 319,2163 298,2156 249,2156 227,2159 90,2159 90,2114"/>
<Baseline points="90,2159 227,2159 249,2156 298,2156 319,2163 550,2163 590,2162 666,2162 688,2162 838,2162 859,2160 944,2160 966,2160 1016,2160 1038,2152 1077,2152 1097,2157 1215,2157 1230,2157 1323,2157"/>
<TextEquiv><Unicode>ſchlechtes der Serwaſchidſes. Jene gelangten indeß erſt im vorigen Jahr-</Unicode></TextEquiv>
</TextLine>

<TextLine id="line_36">
<Coords points="91,2162 213,2162 233,2181 285,2181 305,2173 485,2173 513,2173 648,2173 675,2173 718,2173 745,2172 852,2172 872,2171 1027,2171 1054,2174 1111,2174 1136,2169 1190,2169 1212,2168 1324,2168 1324,2199 1212,2199 1190,2198 1136,2198 1111,2198 1054,2198 1027,2205 872,2205 852,2202 745,2202 718,2203 675,2203 648,2211 513,2211 485,2211 305,2211 285,2211 233,2211 213,2201 91,2201 91,2162"/>
<Baseline points="91,2201 213,2201 233,2211 285,2211 305,2211 485,2211 513,2211 648,2211 675,2203 718,2203 745,2202 852,2202 872,2205 1027,2205 1054,2198 1111,2198 1136,2198 1190,2198 1212,2199 1324,2199"/>
<TextEquiv><Unicode>hundert zur Regierung, während die älteren Dadians, von den Türken</Unicode></TextEquiv>
</TextLine>

<TextLine id="line_37">
<Coords points="90,2214 256,2214 277,2222 309,2222 330,2221 470,2221 491,2220 621,2220 643,2220 777,2220 801,2219 860,2219 883,2219 936,2219 956,2218 1069,2218 1089,2216 1251,2216 1272,2225 1324,2225 1324,2247 1272,2247 1251,2253 1089,2253 1069,2247 956,2247 936,2248 883,2248 860,2248 801,2248 777,2257 643,2257 621,2258 491,2258 470,2258 330,2258 309,2251 277,2251 256,2257 90,2257 90,2214"/>
<Baseline points="90,2257 256,2257 277,2251 309,2251 330,2258 470,2258 491,2258 621,2258 643,2257 777,2257 801,2248 860,2248 883,2248 936,2248 956,2247 1069,2247 1089,2253 1251,2253 1272,2247 1324,2247"/>
<TextEquiv><Unicode>vertrieben, in Rußland Zuflucht erhielten und den Namen Dadianoff an-</Unicode></TextEquiv>
</TextLine>

<TextLine id="line_38">
<Coords points="89,2262 213,2262 233,2266 278,2266 299,2267 380,2267 402,2277 428,2277 450,2276 475,2276 497,2268 543,2268 565,2269 602,2269 622,2276 642,2276 645,2268 722,2268 722,2304 645,2304 642,2299 622,2299 602,2298 565,2298 543,2305 497,2305 475,2299 450,2299 428,2298 402,2298 380,2305 299,2305 278,2304 233,2304 213,2300 89,2300 89,2262"/>
<Baseline points="89,2300 213,2300 233,2304 278,2304 299,2305 380,2305 402,2298 428,2298 450,2299 475,2299 497,2305 543,2305 565,2298 602,2298 622,2299 642,2299 645,2304 722,2304"/>
<TextEquiv><Unicode>nahmen (K. Koch, a. a. O., 74 u. ff.).</Unicode></TextEquiv>
</TextLine>

<TextLine id="line_39">
<Coords points="198,2314 253,2314 273,2316 318,2316 337,2316 427,2316 448,2318 498,2318 519,2317 628,2317 648,2314 882,2314 903,2312 961,2312 982,2320 1034,2320 1048,2311 1112,2311 1133,2313 1182,2313 1204,2313 1326,2313 1326,2351 1204,2351 1182,2343 1133,2343 1112,2349 1048,2349 1034,2350 982,2350 961,2349 903,2349 882,2352 648,2352 628,2347 519,2347 498,2347 448,2347 427,2346 337,2346 318,2346 273,2346 253,2346 198,2346 198,2314"/>
<Baseline points="198,2346 253,2346 273,2346 318,2346 337,2346 427,2346 448,2347 498,2347 519,2347 628,2347 648,2352 882,2352 903,2349 961,2349 982,2350 1034,2350 1048,2349 1112,2349 1133,2343 1182,2343 1204,2351 1326,2351"/>
<TextEquiv><Unicode>Um die Mitte des vierten Jahrhunderts, alſo zur Zeit der größten</Unicode></TextEquiv>
</TextLine>

<TextLine id="line_40">
<Coords points="91,2351 426,2351 440,2364 469,2364 482,2364 646,2364 661,2363 711,2363 725,2365 756,2365 772,2361 857,2361 872,2360 902,2360 918,2360 966,2360 979,2359 1072,2359 1083,2360 1324,2360 1324,2398 1083,2398 1072,2390 979,2390 966,2389 918,2389 902,2390 872,2390 857,2391 772,2391 756,2391 725,2391 711,2400 661,2400 646,2400 482,2400 469,2394 440,2394 426,2401 91,2401 91,2351"/>
<Baseline points="91,2401 426,2401 440,2394 469,2394 482,2400 646,2400 661,2400 711,2400 725,2391 756,2391 772,2391 857,2391 872,2390 902,2390 918,2389 966,2389 979,2390 1072,2390 1083,2398 1324,2398"/>
<TextEquiv><Unicode>Chriſtenverfolgungen in Armenien, ſoll es allein in der Stadt Erowantaſchad</Unicode></TextEquiv>
</TextLine>

</TextRegion>
</Page>
</PcGts>