<?xml version="1.0" encoding="UTF-8"?>
<PcGts xmlns="http://schema.primaresearch.org/PAGE/gts/pagecontent/2019-07-15" xmlns:xsi="http://www.w3.org/2001/XMLSchema-instance" xsi:schemaLocation="http://schema.primaresearch.org/PAGE/gts/pagecontent/2019-07-15 http://schema.primaresearch.org/PAGE/gts/pagecontent/2019-07-15/pagecontent.xsd">
<Metadata>
<Creator>regJS2PAGE.py</Creator>
<Created>2021-02-16T11:06:03.066599</Created>
<LastChange>2021-02-16T11:06:03.066599</LastChange>
</Metadata>
<Page imageFilename="tmp/schwappach_forstpolitik_1894_0107.png" imageWidth="1600" imageHeight="2335">
<TextRegion id="block_0" custom="structure {type:body;}">
<Coords points="252,233 252,279 252,275 177,275 177,323 177,319 177,363 177,368 252,368 252,408 252,411 176,411 176,452 177,455 177,501 176,499 176,542 177,544 177,587 177,593 255,593 255,636 255,635 178,635 178,679 178,678 178,725 178,723 178,773 179,769 179,818 177,815 177,856 179,859 179,908 181,903 181,949 181,953 254,953 254,994 254,995 178,995 178,1037 178,1042 178,1082 178,1082 178,1126 177,1128 177,1173 177,1172 177,1218 179,1217 179,1265 1375,1265 1375,1217 1374,1218 1374,1172 1374,1173 1374,1128 1373,1126 1373,1082 1371,1082 1371,1042 1373,1037 1373,995 1374,994 1374,953 945,953 945,949 945,903 1374,903 1374,908 1374,859 1374,856 1374,815 1375,818 1375,769 1374,773 1374,723 1372,725 1372,678 1373,679 1373,635 1371,636 1371,593 373,593 373,587 373,544 1371,544 1371,542 1371,499 1372,501 1372,455 1372,452 1372,411 1373,408 1373,368 1295,368 1295,363 1295,319 1374,319 1374,323 1374,275 1374,279 1374,233 252,233"/>
<TextLine id="line_0">
<Coords points="252,233 294,233 311,235 505,235 522,237 595,237 609,237 767,237 781,236 827,236 842,237 1066,237 1080,239 1169,239 1187,243 1288,243 1311,244 1374,244 1374,273 1311,273 1288,279 1187,279 1169,269 1080,269 1066,274 842,274 827,265 781,265 767,273 609,273 595,265 522,265 505,271 311,271 294,261 252,261 252,233"/>
<Baseline points="252,261 294,261 311,271 505,271 522,265 595,265 609,273 767,273 781,265 827,265 842,274 1066,274 1080,269 1169,269 1187,279 1288,279 1311,273 1374,273"/>
<TextEquiv><Unicode>Im allgemeinen wird allerdings die Entwickelung dahin gehen, daſs</Unicode></TextEquiv>
</TextLine>

<TextLine id="line_1">
<Coords points="177,275 228,275 256,277 320,277 345,280 463,280 490,281 541,281 561,281 666,281 691,281 748,281 775,280 825,280 845,281 993,281 1020,282 1070,282 1091,284 1296,284 1322,288 1374,288 1374,317 1322,317 1296,323 1091,323 1070,311 1020,311 993,310 845,310 825,309 775,309 748,309 691,309 666,309 561,309 541,310 490,310 463,317 345,317 320,306 256,306 228,304 177,304 177,275"/>
<Baseline points="177,304 228,304 256,306 320,306 345,317 463,317 490,310 541,310 561,309 666,309 691,309 748,309 775,309 825,309 845,310 993,310 1020,311 1070,311 1091,323 1296,323 1322,317 1374,317"/>
<TextEquiv><Unicode>mit dem Steigen der Kultur und der Zunahme der Bevölkerung das</Unicode></TextEquiv>
</TextLine>

<TextLine id="line_2">
<Coords points="177,319 280,319 302,324 352,324 373,327 513,327 533,326 729,326 749,326 850,326 870,327 949,327 969,328 1193,328 1213,331 1295,331 1295,359 1213,359 1193,363 969,363 949,354 870,354 850,354 749,354 729,354 533,354 513,354 373,354 352,353 302,353 280,351 177,351 177,319"/>
<Baseline points="177,351 280,351 302,353 352,353 373,354 513,354 533,354 729,354 749,354 850,354 870,354 949,354 969,363 1193,363 1213,359 1295,359"/>
<TextEquiv><Unicode>Gebiet des relativen Waldbodens immer mehr eingeschränkt wird.</Unicode></TextEquiv>
</TextLine>

<TextLine id="line_3">
<Coords points="252,368 399,368 419,380 450,380 465,371 518,371 535,370 586,370 606,371 691,371 706,370 784,370 805,371 870,371 883,370 1177,370 1197,373 1248,373 1262,375 1373,375 1373,404 1262,404 1248,402 1197,402 1177,408 883,408 870,399 805,399 784,399 706,399 691,399 606,399 586,399 535,399 518,399 465,399 450,399 419,399 399,398 252,398 252,368"/>
<Baseline points="252,398 399,398 419,399 450,399 465,399 518,399 535,399 586,399 606,399 691,399 706,399 784,399 805,399 870,399 883,408 1177,408 1197,402 1248,402 1262,404 1373,404"/>
<TextEquiv><Unicode>Während so auf der einen Seite eine Verminderung des Staats-</Unicode></TextEquiv>
</TextLine>

<TextLine id="line_4">
<Coords points="176,411 377,411 398,415 485,415 503,415 626,415 643,424 696,424 713,415 841,415 863,416 989,416 1004,417 1066,417 1088,417 1199,417 1214,426 1263,426 1277,419 1372,419 1372,448 1277,448 1263,446 1214,446 1199,445 1088,445 1066,452 1004,452 989,452 863,452 841,444 713,444 696,443 643,443 626,451 503,451 485,443 398,443 377,443 176,443 176,411"/>
<Baseline points="176,443 377,443 398,443 485,443 503,451 626,451 643,443 696,443 713,444 841,444 863,452 989,452 1004,452 1066,452 1088,445 1199,445 1214,446 1263,446 1277,448 1372,448"/>
<TextEquiv><Unicode>waldbesitzes durch Rodung von Flächen erfolgen soll, welche zur Land-</Unicode></TextEquiv>
</TextLine>

<TextLine id="line_5">
<Coords points="177,455 337,455 359,461 495,461 515,460 587,460 608,460 721,460 741,460 900,460 921,461 986,461 1006,462 1085,462 1104,462 1215,462 1235,464 1372,464 1372,501 1235,501 1215,491 1104,491 1085,491 1006,491 986,490 921,490 900,490 741,490 721,489 608,489 587,497 515,497 495,497 359,497 337,488 177,488 177,455"/>
<Baseline points="177,488 337,488 359,497 495,497 515,497 587,497 608,489 721,489 741,490 900,490 921,490 986,490 1006,491 1085,491 1104,491 1215,491 1235,501 1372,501"/>
<TextEquiv><Unicode>wirtschaft geeignet sind, besteht anderseits eine nicht minder wichtige</Unicode></TextEquiv>
</TextLine>

<TextLine id="line_6">
<Coords points="176,499 310,499 331,505 381,505 403,507 517,507 538,507 568,507 590,506 640,506 661,507 916,507 915,508 1033,508 1053,508 1262,508 1283,509 1371,509 1371,537 1283,537 1262,537 1053,537 1033,536 915,536 916,542 661,542 640,535 590,535 568,534 538,534 517,535 403,535 381,534 331,534 310,539 176,539 176,499"/>
<Baseline points="176,539 310,539 331,534 381,534 403,535 517,535 538,534 568,534 590,535 640,535 661,542 916,542 915,536 1033,536 1053,537 1262,537 1283,537 1371,537"/>
<TextEquiv><Unicode>Aufgabe des Staates in der Erweiterung seines Waldbesitzes durch</Unicode></TextEquiv>
</TextLine>

<TextLine id="line_7">
<Coords points="177,544 373,544 373,587 177,587 177,544"/>
<Baseline points="177,587 373,587"/>
<TextEquiv><Unicode>Aufforstung.</Unicode></TextEquiv>
</TextLine>

<TextLine id="line_8">
<Coords points="255,593 372,593 392,597 496,597 520,598 581,598 602,606 653,606 673,598 758,598 779,599 875,599 896,599 1030,599 1052,599 1162,599 1182,599 1246,599 1266,600 1371,600 1371,636 1266,636 1246,628 1182,628 1162,628 1052,628 1030,635 896,635 875,627 779,627 758,626 673,626 653,626 602,626 581,625 520,625 496,632 392,632 372,623 255,623 255,593"/>
<Baseline points="255,623 372,623 392,632 496,632 520,625 581,625 602,626 653,626 673,626 758,626 779,627 875,627 896,635 1030,635 1052,628 1162,628 1182,628 1246,628 1266,636 1371,636"/>
<TextEquiv><Unicode>Hierfür eignen sich vor allem solche Flächen, welche öde liegen,</Unicode></TextEquiv>
</TextLine>

<TextLine id="line_9">
<Coords points="178,635 249,635 276,639 567,639 598,643 796,643 829,644 962,644 994,644 1112,644 1141,645 1268,645 1317,645 1373,645 1373,673 1317,673 1268,674 1141,674 1112,673 994,673 962,679 829,679 796,679 598,679 567,670 276,670 249,665 178,665 178,635"/>
<Baseline points="178,665 249,665 276,670 567,670 598,679 796,679 829,679 962,679 994,673 1112,673 1141,674 1268,674 1317,673 1373,673"/>
<TextEquiv><Unicode>aber forstwirtschaftlich ertragsfähig gemacht werden können. Ein</Unicode></TextEquiv>
</TextLine>

<TextLine id="line_10">
<Coords points="178,678 456,678 477,686 515,686 534,686 630,686 657,687 707,687 728,688 908,688 929,689 980,689 1002,690 1304,690 1325,691 1372,691 1372,719 1325,719 1304,719 1002,719 980,718 929,718 908,725 728,725 707,715 657,715 630,715 534,715 515,714 477,714 456,721 178,721 178,678"/>
<Baseline points="178,721 456,721 477,714 515,714 534,715 630,715 657,715 707,715 728,725 908,725 929,718 980,718 1002,719 1304,719 1325,719 1372,719"/>
<TextEquiv><Unicode>Hauptaugenmerk ist ferner der Erwerbung der volkswirtschaftlich be-</Unicode></TextEquiv>
</TextLine>

<TextLine id="line_11">
<Coords points="178,723 416,723 429,730 791,730 802,734 1009,734 1037,736 1071,736 1083,736 1138,736 1145,736 1374,736 1374,773 1145,773 1138,765 1083,765 1071,764 1037,764 1009,764 802,764 791,769 429,769 416,766 178,766 178,723"/>
<Baseline points="178,766 416,766 429,769 791,769 802,764 1009,764 1037,764 1071,764 1083,765 1138,765 1145,773 1374,773"/>
<TextEquiv><Unicode>deutungsvollen Schutzwaldungen zuzuwenden. In den Grenzgebieten</Unicode></TextEquiv>
</TextLine>

<TextLine id="line_12">
<Coords points="179,769 229,769 249,775 391,775 406,776 602,776 616,778 751,778 765,778 875,778 890,780 1063,780 1081,781 1114,781 1134,782 1207,782 1223,782 1303,782 1324,781 1375,781 1375,810 1324,810 1303,818 1223,818 1207,810 1134,810 1114,817 1081,817 1063,809 890,809 875,807 765,807 751,806 616,806 602,805 406,805 391,804 249,804 229,800 179,800 179,769"/>
<Baseline points="179,800 229,800 249,804 391,804 406,805 602,805 616,806 751,806 765,807 875,807 890,809 1063,809 1081,817 1114,817 1134,810 1207,810 1223,818 1303,818 1324,810 1375,810"/>
<TextEquiv><Unicode>des relativen Waldbodens kommen sodann schlieſslich je nach Lage der</Unicode></TextEquiv>
</TextLine>

<TextLine id="line_13">
<Coords points="177,815 333,815 348,821 604,821 619,823 818,823 833,825 905,825 921,825 1018,825 1033,826 1159,826 1178,827 1223,827 1244,827 1291,827 1304,826 1374,826 1374,856 1304,856 1291,856 1244,856 1223,856 1178,856 1159,856 1033,856 1018,855 921,855 905,853 833,853 818,853 619,853 604,853 348,853 333,853 177,853 177,815"/>
<Baseline points="177,853 333,853 348,853 604,853 619,853 818,853 833,853 905,853 921,855 1018,855 1033,856 1159,856 1178,856 1223,856 1244,856 1291,856 1304,856 1374,856"/>
<TextEquiv><Unicode>allgemein wirtschaftlichen Verhältnisse noch solche Flächen für die Auf-</Unicode></TextEquiv>
</TextLine>

<TextLine id="line_14">
<Coords points="179,859 310,859 329,866 359,866 374,866 517,866 539,868 650,868 670,868 717,868 737,869 1060,869 1079,872 1249,872 1269,873 1374,873 1374,901 1269,901 1249,908 1079,908 1060,900 737,900 717,896 670,896 650,896 539,896 517,903 374,903 359,893 329,893 310,901 179,901 179,859"/>
<Baseline points="179,901 310,901 329,893 359,893 374,903 517,903 539,896 650,896 670,896 717,896 737,900 1060,900 1079,908 1249,908 1269,901 1374,901"/>
<TextEquiv><Unicode>forstung in Betracht, welche bei forstwirtschaftlicher Benutzung höhere</Unicode></TextEquiv>
</TextLine>

<TextLine id="line_15">
<Coords points="181,903 303,903 323,910 434,910 456,911 499,911 520,912 567,912 589,912 945,912 945,949 589,949 567,940 520,940 499,939 456,939 434,946 323,946 303,945 181,945 181,903"/>
<Baseline points="181,945 303,945 323,946 434,946 456,939 499,939 520,940 567,940 589,949 945,949"/>
<TextEquiv><Unicode>Erträge liefern, als bei landwirtschaftlicher.</Unicode></TextEquiv>
</TextLine>

<TextLine id="line_16">
<Coords points="254,953 307,953 327,955 378,955 397,955 586,955 607,956 692,956 717,957 934,957 956,959 1161,959 1182,960 1293,960 1314,963 1374,963 1374,988 1314,988 1293,988 1182,988 1161,994 956,994 934,992 717,992 692,992 607,992 586,991 397,991 378,982 327,982 307,981 254,981 254,953"/>
<Baseline points="254,981 307,981 327,982 378,982 397,991 586,991 607,992 692,992 717,992 934,992 956,994 1161,994 1182,988 1293,988 1314,988 1374,988"/>
<TextEquiv><Unicode>Mit der Aufforstung jener ausgedehnten Sandflächen, welche ent-</Unicode></TextEquiv>
</TextLine>

<TextLine id="line_17">
<Coords points="178,995 276,995 297,998 411,998 431,1000 629,1000 649,1000 715,1000 736,1001 804,1001 825,1010 878,1010 898,1002 952,1002 972,1000 1057,1000 1078,1003 1205,1003 1226,1003 1273,1003 1292,1004 1373,1004 1373,1032 1292,1032 1273,1032 1226,1032 1205,1031 1078,1031 1057,1031 972,1031 952,1029 898,1029 878,1029 825,1029 804,1030 736,1030 715,1030 649,1030 629,1037 431,1037 411,1027 297,1027 276,1025 178,1025 178,995"/>
<Baseline points="178,1025 276,1025 297,1027 411,1027 431,1037 629,1037 649,1030 715,1030 736,1030 804,1030 825,1029 878,1029 898,1029 952,1029 972,1031 1057,1031 1078,1031 1205,1031 1226,1032 1273,1032 1292,1032 1373,1032"/>
<TextEquiv><Unicode>weder absolut unproduktiv sind oder nur auf weite Flächen die küm-</Unicode></TextEquiv>
</TextLine>

<TextLine id="line_18">
<Coords points="178,1042 314,1042 346,1044 483,1044 516,1045 646,1045 675,1046 831,1046 863,1046 1036,1046 1069,1047 1250,1047 1284,1047 1371,1047 1371,1076 1284,1076 1250,1075 1069,1075 1036,1082 863,1082 831,1073 675,1073 646,1081 516,1081 483,1073 346,1073 314,1072 178,1072 178,1042"/>
<Baseline points="178,1072 314,1072 346,1073 483,1073 516,1081 646,1081 675,1073 831,1073 863,1082 1036,1082 1069,1075 1250,1075 1284,1076 1371,1076"/>
<TextEquiv><Unicode>merliche Existenz weniger Menschen niedrigster Kulturstufe durch</Unicode></TextEquiv>
</TextLine>

<TextLine id="line_19">
<Coords points="178,1082 302,1082 316,1089 418,1089 438,1090 496,1090 518,1090 714,1090 729,1090 858,1090 880,1094 1032,1094 1053,1091 1127,1091 1147,1093 1322,1093 1343,1094 1373,1094 1373,1122 1343,1122 1322,1121 1147,1121 1127,1120 1053,1120 1032,1126 880,1126 858,1119 729,1119 714,1118 518,1118 496,1118 438,1118 418,1118 316,1118 302,1124 178,1124 178,1082"/>
<Baseline points="178,1124 302,1124 316,1118 418,1118 438,1118 496,1118 518,1118 714,1118 729,1119 858,1119 880,1126 1032,1126 1053,1120 1127,1120 1147,1121 1322,1121 1343,1122 1373,1122"/>
<TextEquiv><Unicode>dürftige Weide und extensivsten Feldbau gestatten, wird namentlich in</Unicode></TextEquiv>
</TextLine>

<TextLine id="line_20">
<Coords points="177,1128 315,1128 329,1135 359,1135 374,1135 575,1135 586,1135 743,1135 757,1144 963,1144 977,1145 1014,1145 1018,1136 1083,1136 1093,1137 1256,1137 1268,1138 1374,1138 1374,1167 1268,1167 1256,1173 1093,1173 1083,1165 1018,1165 1014,1164 977,1164 963,1172 757,1172 743,1163 586,1163 575,1171 374,1171 359,1163 329,1163 315,1162 177,1162 177,1128"/>
<Baseline points="177,1162 315,1162 329,1163 359,1163 374,1171 575,1171 586,1163 743,1163 757,1172 963,1172 977,1164 1014,1164 1018,1165 1083,1165 1093,1173 1256,1173 1268,1167 1374,1167"/>
<TextEquiv><Unicode>Preuſsen in groſsartigem Maſsstabe vorgegangen und ist alljährlich hierfür</Unicode></TextEquiv>
</TextLine>

<TextLine id="line_21">
<Coords points="177,1172 215,1172 227,1176 295,1176 311,1179 358,1179 370,1180 485,1180 501,1188 557,1188 574,1181 715,1181 727,1180 764,1180 776,1181 987,1181 1008,1182 1064,1182 1080,1191 1177,1191 1189,1183 1374,1183 1374,1213 1189,1213 1177,1218 1080,1218 1064,1211 1008,1211 987,1217 776,1217 764,1208 727,1208 715,1208 574,1208 557,1207 501,1207 485,1208 370,1208 358,1208 311,1208 295,1206 227,1206 215,1202 177,1202 177,1172"/>
<Baseline points="177,1202 215,1202 227,1206 295,1206 311,1208 358,1208 370,1208 485,1208 501,1207 557,1207 574,1208 715,1208 727,1208 764,1208 776,1217 987,1217 1008,1211 1064,1211 1080,1218 1177,1218 1189,1213 1374,1213"/>
<TextEquiv><Unicode>im Etat die Summe von 2000000 M. vorgesehen.  Die sogen. Kassubei</Unicode></TextEquiv>
</TextLine>

<TextLine id="line_22">
<Coords points="179,1217 209,1217 231,1220 286,1220 307,1224 628,1224 649,1225 882,1225 904,1227 1019,1227 1040,1228 1097,1228 1118,1228 1258,1228 1279,1229 1375,1229 1375,1258 1279,1258 1258,1265 1118,1265 1097,1256 1040,1256 1019,1263 904,1263 882,1263 649,1263 628,1260 307,1260 286,1250 231,1250 209,1246 179,1246 179,1217"/>
<Baseline points="179,1246 209,1246 231,1250 286,1250 307,1260 628,1260 649,1263 882,1263 904,1263 1019,1263 1040,1256 1097,1256 1118,1265 1258,1265 1279,1258 1375,1258"/>
<TextEquiv><Unicode>in den Regierungsbezirken Marienwerder, Danzig und Köslin , ferner</Unicode></TextEquiv>
</TextLine>

</TextRegion>
<TextRegion id="block_1" custom="structure {type:pageNum;}">
<Coords points="1336,161 1336,186 1373,186 1373,161 1336,161"/>
<TextLine id="line_23">
<Coords points="1336,161 1373,161 1373,186 1336,186 1336,161"/>
<Baseline points="1336,186 1373,186"/>
<TextEquiv><Unicode>89</Unicode></TextEquiv>
</TextLine>

</TextRegion>
<TextRegion id="block_2" custom="structure {type:header;}">
<Coords points="522,153 522,186 1029,186 1029,153 522,153"/>
<TextLine id="line_24">
<Coords points="522,153 541,153 554,153 694,153 721,153 1029,153 1029,186 721,186 694,178 554,178 541,178 522,178 522,153"/>
<Baseline points="522,178 541,178 554,178 694,178 721,186 1029,186"/>
<TextEquiv><Unicode>I. Abschnitt. Forstwirtschaftspflege.</Unicode></TextEquiv>
</TextLine>

</TextRegion>
<TextRegion id="block_3" custom="structure {type:note;}">
<Coords points="295,1306 295,1340 295,1336 177,1336 177,1382 177,1380 177,1417 177,1414 177,1454 178,1453 178,1493 178,1495 296,1495 296,1524 296,1526 179,1526 179,1564 180,1562 180,1602 181,1600 181,1636 181,1635 181,1675 177,1675 177,1711 178,1707 178,1747 178,1748 178,1779 179,1785 179,1820 180,1818 180,1859 178,1859 178,1894 180,1892 180,1929 180,1935 294,1935 294,1966 294,1962 179,1962 179,2004 179,2002 179,2040 180,2037 180,2076 179,2079 179,2118 181,2111 181,2152 789,2152 789,2111 1374,2111 1374,2118 1374,2079 1374,2076 1374,2037 1374,2040 1374,2002 1372,2004 1372,1962 1370,1966 1370,1935 635,1935 635,1929 635,1892 1373,1892 1373,1894 1373,1859 1374,1859 1374,1818 1372,1820 1372,1785 1372,1779 1372,1748 1368,1747 1368,1707 1372,1711 1372,1675 1373,1675 1373,1635 1373,1636 1373,1600 1373,1602 1373,1562 1375,1564 1375,1526 1374,1524 1374,1495 1186,1495 1186,1493 1186,1453 1375,1453 1375,1454 1375,1414 1375,1417 1375,1380 1375,1382 1375,1336 1374,1340 1374,1306 295,1306"/>
<TextLine id="line_25">
<Coords points="295,1306 364,1306 382,1307 487,1307 495,1308 607,1308 630,1311 651,1311 668,1309 742,1309 762,1312 781,1312 799,1310 853,1310 870,1310 894,1310 908,1312 935,1312 953,1311 999,1311 1018,1311 1044,1311 1067,1312 1185,1312 1207,1313 1247,1313 1263,1314 1374,1314 1374,1338 1263,1338 1247,1337 1207,1337 1185,1337 1067,1337 1044,1335 1018,1335 999,1335 953,1335 935,1334 908,1334 894,1333 870,1333 853,1340 799,1340 781,1334 762,1334 742,1339 668,1339 651,1332 630,1332 607,1338 495,1338 487,1331 382,1331 364,1330 295,1330 295,1306"/>
<Baseline points="295,1330 364,1330 382,1331 487,1331 495,1338 607,1338 630,1332 651,1332 668,1339 742,1339 762,1334 781,1334 799,1340 853,1340 870,1333 894,1333 908,1334 935,1334 953,1335 999,1335 1018,1335 1044,1335 1067,1337 1185,1337 1207,1337 1247,1337 1263,1338 1374,1338"/>
<TextEquiv><Unicode>Nach Hagen-Donner, 2. Aufl., 1. Bd., S. 68 soll in Preuſsen die Gesamt-</Unicode></TextEquiv>
</TextLine>

<TextLine id="line_26">
<Coords points="177,1336 256,1336 272,1344 316,1344 327,1340 506,1340 518,1347 569,1347 581,1347 677,1347 690,1342 779,1342 796,1349 888,1349 906,1349 950,1349 964,1350 1095,1350 1115,1352 1166,1352 1178,1351 1212,1351 1229,1351 1375,1351 1375,1382 1229,1382 1212,1375 1178,1375 1166,1381 1115,1381 1095,1374 964,1374 950,1373 906,1373 888,1372 796,1372 779,1378 690,1378 677,1371 581,1371 569,1370 518,1370 506,1370 327,1370 316,1368 272,1368 256,1365 177,1365 177,1336"/>
<Baseline points="177,1365 256,1365 272,1368 316,1368 327,1370 506,1370 518,1370 569,1370 581,1371 677,1371 690,1378 779,1378 796,1372 888,1372 906,1373 950,1373 964,1374 1095,1374 1115,1381 1166,1381 1178,1375 1212,1375 1229,1382 1375,1382"/>
<TextEquiv><Unicode>fläche der Ödländereien und solcher Äcker, welche mit höchstens 1,20 M. Reinertrag</Unicode></TextEquiv>
</TextLine>

<TextLine id="line_27">
<Coords points="177,1382 221,1382 238,1380 270,1380 287,1382 326,1382 343,1384 387,1384 404,1384 725,1384 741,1386 908,1386 925,1387 979,1387 1000,1389 1050,1389 1071,1396 1119,1396 1135,1389 1214,1389 1231,1389 1375,1389 1375,1414 1231,1414 1214,1414 1135,1414 1119,1413 1071,1413 1050,1412 1000,1412 979,1411 925,1411 908,1416 741,1416 725,1417 404,1417 387,1408 343,1408 326,1406 287,1406 270,1405 238,1405 221,1405 177,1405 177,1382"/>
<Baseline points="177,1405 221,1405 238,1405 270,1405 287,1406 326,1406 343,1408 387,1408 404,1417 725,1417 741,1416 908,1416 925,1411 979,1411 1000,1412 1050,1412 1071,1413 1119,1413 1135,1414 1214,1414 1231,1414 1375,1414"/>
<TextEquiv><Unicode>pro ha bei der Grundsteuerverwaltung eingeschätzt sind und nur durch forstlichen</Unicode></TextEquiv>
</TextLine>

<TextLine id="line_28">
<Coords points="177,1414 266,1414 282,1427 326,1427 343,1421 506,1421 521,1423 639,1423 656,1425 754,1425 776,1425 887,1425 909,1426 1030,1426 1048,1428 1161,1428 1177,1428 1210,1428 1227,1429 1285,1429 1301,1430 1375,1430 1375,1451 1301,1451 1285,1451 1227,1451 1210,1450 1177,1450 1161,1450 1048,1450 1030,1454 909,1454 887,1452 776,1452 754,1448 656,1448 639,1452 521,1452 506,1446 343,1446 326,1444 282,1444 266,1441 177,1441 177,1414"/>
<Baseline points="177,1441 266,1441 282,1444 326,1444 343,1446 506,1446 521,1452 639,1452 656,1448 754,1448 776,1452 887,1452 909,1454 1030,1454 1048,1450 1161,1450 1177,1450 1210,1450 1227,1451 1285,1451 1301,1451 1375,1451"/>
<TextEquiv><Unicode>Anbau zur Rentabilität gebracht werden können, ungefähr 2500000 ha oder etwas</Unicode></TextEquiv>
</TextLine>

<TextLine id="line_29">
<Coords points="178,1453 246,1453 262,1457 299,1457 316,1458 355,1458 372,1460 552,1460 569,1461 612,1461 629,1462 797,1462 816,1463 1045,1463 1062,1464 1186,1464 1186,1493 1062,1493 1045,1492 816,1492 797,1491 629,1491 612,1484 569,1484 552,1484 372,1484 355,1482 316,1482 299,1480 262,1480 246,1477 178,1477 178,1453"/>
<Baseline points="178,1477 246,1477 262,1480 299,1480 316,1482 355,1482 372,1484 552,1484 569,1484 612,1484 629,1491 797,1491 816,1492 1045,1492 1062,1493 1186,1493"/>
<TextEquiv><Unicode>mehr als die Gesamtfläche der preuſsischen Staatswaldungen betragen.</Unicode></TextEquiv>
</TextLine>

<TextLine id="line_30">
<Coords points="296,1495 422,1495 439,1498 483,1498 499,1498 575,1498 595,1500 742,1500 762,1500 817,1500 833,1500 859,1500 876,1500 994,1500 1011,1507 1058,1507 1074,1501 1118,1501 1129,1500 1374,1500 1374,1523 1129,1523 1118,1524 1074,1524 1058,1524 1011,1524 994,1524 876,1524 859,1522 833,1522 817,1523 762,1523 742,1523 595,1523 575,1522 499,1522 483,1521 439,1521 422,1520 296,1520 296,1495"/>
<Baseline points="296,1520 422,1520 439,1521 483,1521 499,1522 575,1522 595,1523 742,1523 762,1523 817,1523 833,1522 859,1522 876,1524 994,1524 1011,1524 1058,1524 1074,1524 1118,1524 1129,1523 1374,1523"/>
<TextEquiv><Unicode>Während der Jahre 1882—1891 sind in Preuſsen von der Staatsforstverwal-</Unicode></TextEquiv>
</TextLine>

<TextLine id="line_31">
<Coords points="179,1526 238,1526 259,1533 323,1533 340,1535 420,1535 437,1535 477,1535 499,1535 549,1535 570,1542 635,1542 652,1532 748,1532 771,1537 830,1537 852,1537 963,1537 985,1536 1191,1536 1209,1536 1314,1536 1334,1535 1375,1535 1375,1559 1334,1559 1314,1559 1209,1559 1191,1560 985,1560 963,1560 852,1560 830,1560 771,1560 748,1559 652,1559 635,1559 570,1559 549,1558 499,1558 477,1564 437,1564 420,1557 340,1557 323,1555 259,1555 238,1557 179,1557 179,1526"/>
<Baseline points="179,1557 238,1557 259,1555 323,1555 340,1557 420,1557 437,1564 477,1564 499,1558 549,1558 570,1559 635,1559 652,1559 748,1559 771,1560 830,1560 852,1560 963,1560 985,1560 1191,1560 1209,1559 1314,1559 1334,1559 1375,1559"/>
<TextEquiv><Unicode>tung rund 81480 ha, und zwar Ödland oder schlecht bewirtschaftete Forsten für</Unicode></TextEquiv>
</TextLine>

<TextLine id="line_32">
<Coords points="180,1562 226,1562 243,1566 334,1566 350,1578 396,1578 416,1573 543,1573 557,1572 589,1572 607,1572 750,1572 780,1573 924,1573 941,1574 1041,1574 1057,1573 1089,1573 1102,1572 1177,1572 1193,1572 1235,1572 1248,1571 1373,1571 1373,1595 1248,1595 1235,1595 1193,1595 1177,1601 1102,1601 1089,1596 1057,1596 1041,1596 941,1596 924,1597 780,1597 750,1602 607,1602 589,1596 557,1596 543,1595 416,1595 396,1594 350,1594 334,1599 243,1599 226,1587 180,1587 180,1562"/>
<Baseline points="180,1587 226,1587 243,1599 334,1599 350,1594 396,1594 416,1595 543,1595 557,1596 589,1596 607,1602 750,1602 780,1597 924,1597 941,1596 1041,1596 1057,1596 1089,1596 1102,1601 1177,1601 1193,1595 1235,1595 1248,1595 1373,1595"/>
<TextEquiv><Unicode>den Betrag von 13806997 M. angekauft. Auſserdem wurden im Wege des Tausches</Unicode></TextEquiv>
</TextLine>

<TextLine id="line_33">
<Coords points="181,1600 257,1600 276,1605 309,1605 325,1614 355,1614 373,1608 427,1608 445,1609 676,1609 692,1610 850,1610 867,1610 916,1610 934,1609 1007,1609 1024,1610 1088,1610 1105,1610 1137,1610 1157,1608 1307,1608 1339,1608 1373,1608 1373,1631 1339,1631 1307,1636 1157,1636 1137,1631 1105,1631 1088,1631 1024,1631 1007,1632 934,1632 916,1632 867,1632 850,1633 692,1633 676,1632 445,1632 427,1631 373,1631 355,1629 325,1629 309,1628 276,1628 257,1626 181,1626 181,1600"/>
<Baseline points="181,1626 257,1626 276,1628 309,1628 325,1629 355,1629 373,1631 427,1631 445,1632 676,1632 692,1633 850,1633 867,1632 916,1632 934,1632 1007,1632 1024,1631 1088,1631 1105,1631 1137,1631 1157,1636 1307,1636 1339,1631 1373,1631"/>
<TextEquiv><Unicode>11921 ha zu dem Staatsforstareale zuerworben und dafür 6799 ha abgetreten. Im</Unicode></TextEquiv>
</TextLine>

<TextLine id="line_34">
<Coords points="181,1635 280,1635 289,1642 333,1642 342,1644 394,1644 405,1645 457,1645 469,1645 513,1645 524,1646 749,1646 759,1646 783,1646 793,1646 840,1646 851,1647 989,1647 1001,1647 1027,1647 1036,1645 1128,1645 1140,1651 1180,1651 1190,1645 1268,1645 1280,1644 1312,1644 1321,1651 1373,1651 1373,1667 1321,1667 1312,1667 1280,1667 1268,1667 1190,1667 1180,1667 1140,1667 1128,1668 1036,1668 1027,1667 1001,1667 989,1675 851,1675 840,1669 793,1669 783,1668 759,1668 749,1669 524,1669 513,1668 469,1668 457,1668 405,1668 394,1667 342,1667 333,1666 289,1666 280,1664 181,1664 181,1635"/>
<Baseline points="181,1664 280,1664 289,1666 333,1666 342,1667 394,1667 405,1668 457,1668 469,1668 513,1668 524,1669 749,1669 759,1668 783,1668 793,1669 840,1669 851,1675 989,1675 1001,1667 1027,1667 1036,1668 1128,1668 1140,1667 1180,1667 1190,1667 1268,1667 1280,1667 1312,1667 1321,1667 1373,1667"/>
<TextEquiv><Unicode>Ganzen hat sich also der Staatsforstbesitz in den genannten 10 Jahren um 86992 ha ver-</Unicode></TextEquiv>
</TextLine>

<TextLine id="line_35">
<Coords points="177,1675 288,1675 308,1680 359,1680 367,1683 424,1683 434,1682 489,1682 499,1682 638,1682 652,1683 783,1683 793,1682 818,1682 827,1682 928,1682 938,1681 1088,1681 1099,1681 1132,1681 1143,1680 1321,1680 1328,1687 1372,1687 1372,1710 1328,1710 1321,1704 1143,1704 1132,1703 1099,1703 1088,1710 938,1710 928,1710 827,1710 818,1705 793,1705 783,1705 652,1705 638,1711 499,1711 489,1705 434,1705 424,1704 367,1704 359,1704 308,1704 288,1701 177,1701 177,1675"/>
<Baseline points="177,1701 288,1701 308,1704 359,1704 367,1704 424,1704 434,1705 489,1705 499,1711 638,1711 652,1705 783,1705 793,1705 818,1705 827,1710 928,1710 938,1710 1088,1710 1099,1703 1132,1703 1143,1704 1321,1704 1328,1710 1372,1710"/>
<TextEquiv><Unicode>gröſsert. Seit 1867 sind überhaupt 130682 ha in Zugang gekommen, im Durchschnitt pro</Unicode></TextEquiv>
</TextLine>

<TextLine id="line_36">
<Coords points="178,1707 239,1707 247,1715 333,1715 346,1720 404,1720 417,1720 457,1720 490,1719 570,1719 579,1719 605,1719 614,1719 658,1719 668,1719 772,1719 786,1718 970,1718 979,1718 1034,1718 1043,1718 1120,1718 1132,1716 1201,1716 1207,1718 1258,1718 1269,1717 1368,1717 1368,1741 1269,1741 1258,1740 1207,1740 1201,1740 1132,1740 1120,1740 1043,1740 1034,1741 979,1741 970,1747 786,1747 772,1742 668,1742 658,1741 614,1741 605,1741 579,1741 570,1742 490,1742 457,1741 417,1741 404,1741 346,1741 333,1740 247,1740 239,1735 178,1735 178,1707"/>
<Baseline points="178,1735 239,1735 247,1740 333,1740 346,1741 404,1741 417,1741 457,1741 490,1742 570,1742 579,1741 605,1741 614,1741 658,1741 668,1742 772,1742 786,1747 970,1747 979,1741 1034,1741 1043,1740 1120,1740 1132,1740 1201,1740 1207,1740 1258,1740 1269,1741 1368,1741"/>
<TextEquiv><Unicode>Jahr mithin 5227 ha. Allein in der Provinz Westpreuſsen sind durch Kauf und Tausch</Unicode></TextEquiv>
</TextLine>

<TextLine id="line_37">
<Coords points="178,1748 292,1748 303,1754 384,1754 394,1755 449,1755 460,1755 521,1755 533,1756 612,1756 624,1756 657,1756 673,1755 723,1755 740,1755 765,1755 777,1754 821,1754 831,1754 934,1754 946,1753 1026,1753 1037,1754 1100,1754 1115,1755 1139,1755 1148,1755 1192,1755 1194,1753 1236,1753 1247,1755 1372,1755 1372,1778 1247,1778 1236,1776 1194,1776 1192,1776 1148,1776 1139,1776 1115,1776 1100,1776 1037,1776 1026,1777 946,1777 934,1777 831,1777 821,1777 777,1777 765,1777 740,1777 723,1777 673,1777 657,1778 624,1778 612,1778 533,1778 521,1778 460,1778 449,1779 394,1779 384,1778 303,1778 292,1775 178,1775 178,1748"/>
<Baseline points="178,1775 292,1775 303,1778 384,1778 394,1779 449,1779 460,1778 521,1778 533,1778 612,1778 624,1778 657,1778 673,1777 723,1777 740,1777 765,1777 777,1777 821,1777 831,1777 934,1777 946,1777 1026,1777 1037,1776 1100,1776 1115,1776 1139,1776 1148,1776 1192,1776 1194,1776 1236,1776 1247,1778 1372,1778"/>
<TextEquiv><Unicode>während dieser Zeit über 22000 ha und in der Provinz Posen rund 17000 ha erworben</Unicode></TextEquiv>
</TextLine>

<TextLine id="line_38">
<Coords points="179,1785 229,1785 245,1794 290,1794 307,1791 355,1791 373,1792 560,1792 578,1791 747,1791 762,1791 860,1791 876,1792 988,1792 1000,1790 1033,1790 1050,1790 1123,1790 1142,1792 1254,1792 1268,1790 1302,1790 1328,1793 1372,1793 1372,1815 1328,1815 1302,1813 1268,1813 1254,1814 1142,1814 1123,1813 1050,1813 1033,1813 1000,1813 988,1814 876,1814 860,1814 762,1814 747,1820 578,1820 560,1815 373,1815 355,1814 307,1814 290,1812 245,1812 229,1808 179,1808 179,1785"/>
<Baseline points="179,1808 229,1808 245,1812 290,1812 307,1814 355,1814 373,1815 560,1815 578,1820 747,1820 762,1814 860,1814 876,1814 988,1814 1000,1813 1033,1813 1050,1813 1123,1813 1142,1814 1254,1814 1268,1813 1302,1813 1328,1815 1372,1815"/>
<TextEquiv><Unicode>und aus den Ankaufsfonds aufgewendet worden 1623240 M. bezw. 2875291 M. Am</Unicode></TextEquiv>
</TextLine>

<TextLine id="line_39">
<Coords points="180,1818 294,1818 305,1827 349,1827 358,1828 601,1828 614,1829 670,1829 675,1829 731,1829 742,1834 792,1834 803,1827 835,1827 845,1826 1022,1826 1030,1827 1069,1827 1077,1827 1184,1827 1192,1833 1240,1833 1252,1828 1330,1828 1340,1829 1374,1829 1374,1852 1340,1852 1330,1852 1252,1852 1240,1851 1192,1851 1184,1850 1077,1850 1069,1850 1030,1850 1022,1850 845,1850 835,1850 803,1850 792,1851 742,1851 731,1851 675,1851 670,1851 614,1851 601,1859 358,1859 349,1852 305,1852 294,1849 180,1849 180,1818"/>
<Baseline points="180,1849 294,1849 305,1852 349,1852 358,1859 601,1859 614,1851 670,1851 675,1851 731,1851 742,1851 792,1851 803,1850 835,1850 845,1850 1022,1850 1030,1850 1069,1850 1077,1850 1184,1850 1192,1851 1240,1851 1252,1852 1330,1852 1340,1852 1374,1852"/>
<TextEquiv><Unicode>Schlusse des Wirtschaftsjahres 1890—91 war im Staatsbesitze ein Bestand von 29870 ha</Unicode></TextEquiv>
</TextLine>

<TextLine id="line_40">
<Coords points="178,1860 242,1860 258,1862 302,1862 317,1864 380,1864 397,1865 590,1865 607,1859 738,1859 755,1864 870,1864 888,1865 1007,1865 1026,1864 1057,1864 1070,1871 1165,1871 1181,1865 1259,1865 1271,1866 1304,1866 1320,1874 1373,1874 1373,1891 1320,1891 1304,1890 1271,1890 1259,1888 1181,1888 1165,1894 1070,1894 1057,1887 1026,1887 1007,1888 888,1888 870,1888 755,1888 738,1893 607,1893 590,1889 397,1889 380,1888 317,1888 302,1886 258,1886 242,1882 178,1882 178,1860"/>
<Baseline points="178,1882 242,1882 258,1886 302,1886 317,1888 380,1888 397,1889 590,1889 607,1893 738,1893 755,1888 870,1888 888,1888 1007,1888 1026,1887 1057,1887 1070,1894 1165,1894 1181,1888 1259,1888 1271,1890 1304,1890 1320,1891 1373,1891"/>
<TextEquiv><Unicode>noch mit Holz anzubauenden Ödlandes, während 1882—91 im ganzen 31840 ha vom</Unicode></TextEquiv>
</TextLine>

<TextLine id="line_41">
<Coords points="180,1892 264,1892 280,1900 443,1900 458,1902 555,1902 573,1902 635,1902 635,1924 573,1924 555,1925 458,1925 443,1929 280,1929 264,1919 180,1919 180,1892"/>
<Baseline points="180,1919 264,1919 280,1929 443,1929 458,1925 555,1925 573,1924 635,1924"/>
<TextEquiv><Unicode>Staate aufgeforstet worden sind.</Unicode></TextEquiv>
</TextLine>

<TextLine id="line_42">
<Coords points="294,1935 345,1935 357,1937 411,1937 422,1938 465,1938 476,1938 606,1938 618,1938 643,1938 655,1937 770,1937 782,1937 826,1937 837,1937 907,1937 918,1936 970,1936 982,1937 1138,1937 1154,1937 1199,1937 1208,1938 1248,1938 1259,1938 1370,1938 1370,1963 1259,1963 1248,1961 1208,1961 1199,1960 1154,1960 1138,1965 982,1965 970,1959 918,1959 907,1960 837,1960 826,1959 782,1959 770,1960 655,1960 643,1960 618,1960 606,1966 476,1966 465,1961 422,1961 411,1960 357,1960 345,1959 294,1959 294,1935"/>
<Baseline points="294,1959 345,1959 357,1960 411,1960 422,1961 465,1961 476,1966 606,1966 618,1960 643,1960 655,1960 770,1960 782,1959 826,1959 837,1960 907,1960 918,1959 970,1959 982,1965 1138,1965 1154,1960 1199,1960 1208,1961 1248,1961 1259,1963 1370,1963"/>
<TextEquiv><Unicode>Der Teil der Kassubei, in welchem der Staat sein Augenmerk auf die Wieder-</Unicode></TextEquiv>
</TextLine>

<TextLine id="line_43">
<Coords points="179,1962 323,1962 334,1973 377,1973 389,1969 511,1969 522,1974 656,1974 668,1981 698,1981 715,1974 810,1974 824,1974 875,1974 891,1973 924,1973 937,1973 1028,1973 1045,1973 1085,1973 1101,1974 1197,1974 1209,1975 1238,1975 1250,1974 1372,1974 1372,2004 1250,2004 1238,1997 1209,1997 1197,1996 1101,1996 1085,2001 1045,2001 1028,1995 937,1995 924,1995 891,1995 875,2001 824,2001 810,1996 715,1996 698,1996 668,1996 656,1997 522,1997 511,1997 389,1997 377,1996 334,1996 323,2000 179,2000 179,1962"/>
<Baseline points="179,2000 323,2000 334,1996 377,1996 389,1997 511,1997 522,1997 656,1997 668,1996 698,1996 715,1996 810,1996 824,2001 875,2001 891,1995 924,1995 937,1995 1028,1995 1045,2001 1085,2001 1101,1996 1197,1996 1209,1997 1238,1997 1250,2004 1372,2004"/>
<TextEquiv><Unicode>bewaldung des Ödlandes besonders zu richten hat, ist 165000 ha, nahezu 30 Quadrat-</Unicode></TextEquiv>
</TextLine>

<TextLine id="line_44">
<Coords points="179,2002 266,2002 273,2008 347,2008 360,2009 430,2009 440,2011 487,2011 495,2011 690,2011 700,2010 743,2010 750,2008 1015,2008 1024,2008 1079,2008 1087,2009 1112,2009 1121,2010 1168,2010 1174,2010 1279,2010 1288,2013 1374,2013 1374,2038 1288,2038 1279,2035 1174,2035 1168,2033 1121,2033 1112,2032 1087,2032 1079,2032 1024,2032 1015,2033 750,2033 743,2033 700,2033 690,2040 495,2040 487,2033 440,2033 430,2033 360,2033 347,2035 273,2035 266,2027 179,2027 179,2002"/>
<Baseline points="179,2027 266,2027 273,2035 347,2035 360,2033 430,2033 440,2033 487,2033 495,2040 690,2040 700,2033 743,2033 750,2033 1015,2033 1024,2032 1079,2032 1087,2032 1112,2032 1121,2033 1168,2033 1174,2035 1279,2035 1288,2038 1374,2038"/>
<TextEquiv><Unicode>meilen groſs. Nach den Ermittelungen der Generalkommission sind in den Kreisen Schlo-</Unicode></TextEquiv>
</TextLine>

<TextLine id="line_45">
<Coords points="180,2037 252,2037 268,2042 358,2042 375,2047 425,2047 442,2048 533,2048 553,2048 617,2048 640,2049 719,2049 737,2048 769,2048 785,2046 944,2046 966,2045 1079,2045 1094,2046 1266,2046 1284,2051 1374,2051 1374,2076 1284,2076 1266,2074 1094,2074 1079,2069 966,2069 944,2069 785,2069 769,2070 737,2070 719,2071 640,2071 617,2071 553,2071 533,2071 442,2071 425,2069 375,2069 358,2068 268,2068 252,2069 180,2069 180,2037"/>
<Baseline points="180,2069 252,2069 268,2068 358,2068 375,2069 425,2069 442,2071 533,2071 553,2071 617,2071 640,2071 719,2071 737,2070 769,2070 785,2069 944,2069 966,2069 1079,2069 1094,2074 1266,2074 1284,2076 1374,2076"/>
<TextEquiv><Unicode>chau, Konitz und Berent noch 78500 ha devastierter früherer Waldflächen wieder</Unicode></TextEquiv>
</TextLine>

<TextLine id="line_46">
<Coords points="179,2079 210,2079 227,2080 350,2080 367,2084 417,2084 434,2084 610,2084 644,2085 744,2085 768,2079 993,2079 1008,2084 1057,2084 1075,2085 1289,2085 1308,2089 1374,2089 1374,2114 1308,2114 1289,2118 1075,2118 1057,2106 1008,2106 993,2107 768,2107 744,2113 644,2113 610,2109 434,2109 417,2106 367,2106 350,2104 227,2104 210,2096 179,2096 179,2079"/>
<Baseline points="179,2096 210,2096 227,2104 350,2104 367,2106 417,2106 434,2109 610,2109 644,2113 744,2113 768,2107 993,2107 1008,2106 1057,2106 1075,2118 1289,2118 1308,2114 1374,2114"/>
<TextEquiv><Unicode>zu erwerben und aufzuforsten. Borne, Ödlands-Ankauf und -Aufforstungen, Zeit-</Unicode></TextEquiv>
</TextLine>

<TextLine id="line_47">
<Coords points="181,2111 269,2111 284,2115 324,2115 339,2118 425,2118 442,2122 492,2122 508,2122 600,2122 619,2123 685,2123 702,2122 726,2122 737,2122 789,2122 789,2145 737,2145 726,2146 702,2146 685,2152 619,2152 600,2152 508,2152 492,2144 442,2144 425,2144 339,2144 324,2140 284,2140 269,2137 181,2137 181,2111"/>
<Baseline points="181,2137 269,2137 284,2140 324,2140 339,2144 425,2144 442,2144 492,2144 508,2152 600,2152 619,2152 685,2152 702,2146 726,2146 737,2145 789,2145"/>
<TextEquiv><Unicode>schrift für Forst- und Jagdw. 1892, S. 393.</Unicode></TextEquiv>
</TextLine>

</TextRegion>
</Page>
</PcGts>