1600 2631
98 223 1331 277 Reich übergegangen und wie zu Conſtantinopel, ſo war auch zu
96 281 1331 333 Trapezunt nach dem Erſtarken des Osmanenthums an eine
97 337 1330 391 längere Behauptung der Herrſchaft nicht zu denken. Dieſelbe
96 392 1331 446 hohle Aeußerlichkeit, auf falſchem Glanze fußend, dieſelbe innere
95 451 1330 503 Corruption, Weichlichkeit und Sittenloſigkeit, die das ohnedies
94 509 1329 560 zerbröckelte byzantiniſche Reich zerfraß, fanden ihre ſchädlichen
95 562 1329 615 Ableger auch am Hofe der Comnenen und ſo mochte das Trape-
92 623 1328 671 zuntiſche Kaiſerthum ſein Verderben wol unabwendbar ſchon
93 678 1328 725 vom Anbeginne her in ſich getragen haben. Thatſächlich ver-
92 728 1328 781 dankte es auch nur ſeinen verſchiedenartigen, guten Beziehungen
91 787 1328 843 mit den entfernteren Reichen, die einen unleugbaren Machteinfluß
91 846 1327 893 ausübten, wie mit den benachbarten Grenzvölkern, darunter den
92 900 1328 951 Armeniern und Perſern, ſeine Exiſtenz, ſowie der komneniſche
90 955 1326 1008 Kaiſerhof nicht verabſäumte, ſeine als Schönheiten erſten Ranges
89 1016 1327 1064 geltenden Prinzeſſinnen an Fürſten des verſchiedenartigſten
77 1070 1326 1121 Calibers zu verehelichen. Selbſt ein Turkmenen-Fürſt — Uzun
89 1125 1325 1178 Haſſan, der „lange Haſſan“ — führte eine ſolche Trapezuntiſche
88 1184 1325 1237 Schönheit heim und bei dem wenig kriegeriſchen Charakter der
88 1239 1323 1293 Bewohner drehte ſich auch der höfiſche Zeitvertreib, namentlich
87 1296 1325 1351 der der fremdländiſchen Gäſte, hauptſächlich um romantiſches
89 1354 1325 1408 Minnewerben und Liebeslegenden aller Art. Das konnten nun
87 1411 1323 1465 keineswegs die inneren Bedingungen zu einer erſprießlichen Fort-
88 1471 1323 1522 exiſtenz ſein. Zwar der Trapezuntiſche Handel beherrſchte den
88 1528 1323 1579 geſammten materiellen Austauſch zwiſchen den nördlichen Ufer-
86 1583 1323 1636 ſtaaten und Armenien, Perſien, ja ſelbſt nach entlegeneren Ländern
86 1644 1323 1694 und dieſelbe Handelsſtraße, welche noch heute die armeniſchen
85 1696 1321 1751 Plateaus und das nördliche Iran durchzieht, war bereits damals
85 1754 1322 1809 die ungleich frequentirteſte in der ganzen nördlichen Länderzone
85 1818 1320 1866 von Weſt-Aſien. Aber das belebende Element dieſer Handelsbewe-
83 1875 1322 1924 gung waren keine Griechen, keine Trapezuntier, ſondern Venetianer
86 1930 1321 1979 und Genueſen, namentlich aber letztere, die zu den armeniſchen
86 1982 1321 2037 Königen ſogar in ein ſchutzherrliches Verhältniß traten, um auf
1288 138 1331 170 71
398 132 1032 171 Trapezunt. Hiſtoriſche Reminiscenzen.
192 2148 1318 2189 Der Verſuch einer Rechtfertigung in dieſer Richtung, bei A. D.
84 2188 1153 2238 Mordtmann, „Belag. und Erob. Conſtantinopels“, p. 106 u. ff.
191 2245 791 2285 Hammer-Purgſtall, a. a. O., II, 57.
191 2292 902 2332 Fallmerayer, „Geſch. d. Kaiſ. Trap.“, 314.
193 2340 648 2380 Fallmerayer, a. a. O., 308.
