1600 2335
242 212 1433 254 ungenügender gesetzlicher Vorschriften nicht durchgeführt werden kann;
242 256 1434 299 dieser Fall liegt besonders häufig bei den Streuberechtigungen sowie
242 305 944 342 bei Weideberechtigungen im Gebirge vor.
321 344 1408 385 Man unterscheidet: 1. Allgemeine (gesetzliche, polizeiliche
242 391 1435 434 Regelung, welche sich auf Grund eines Gesetzes im allgemeinen Interesse
243 435 1436 477 für alle Berechtigungen gleicher Art im Geltungsbereiche des Gesetzes
246 479 1437 521 erstreckt. Diese Form der Regelung erfolgt durch Anordnungen über
244 528 1028 568 Nutzungsart, Nutzungszeit und Nutzungsfläche.
321 570 1438 609 2. Die besondere Regelung tritt von Fall zu Fall ein. Sie ge-
247 608 1439 653 schieht entweder im Wege des freiwilligen Übereinkommens oder durch
246 658 1408 700 Anwendung von Zwang; dieser erfolgt entweder von Amts wegen
249 702 1439 743 oder auf Antrag eines der Beteiligten (Provokation).  Bisweilen steht
251 751 717 782 er nur dem Belasteten zu.
324 793 1440 832 Danckelmann unterscheidet für diese Antragsregelung folgende
248 842 384 870 Formen:
326 883 1440 922 a) Regelung des Nutzungsgegenstandes durch Umwandlung (z. B.
249 922 1387 966 Nadelholz statt Laubholz bei Änderung der Holz- und Betriebsart);
326 973 1442 1013 b) Regelung der Nutzungsfläche durch Freilegung einer ungeeig-
252 1022 907 1058 neten Fläche durch eine ertragsfähigere;
327 1063 1443 1105 c) Regelung des Nutzungsmaſses mittels Feststellung (Bestimmung
252 1107 1443 1149 der Holzquantität, Viehzahl, Gebäudeanzahl und Gebäudedimension) oder
253 1152 1444 1191 durch Einschränkung (Reduktion des Holz- und Streuquantums, Verbot
253 1198 1305 1234 der Weide in gewissen Beständen und zu bestimmten Zeiten);
329 1240 1444 1279 d) Regelung des Betriebes mittels genossenschaftlicher Vereinigung
253 1288 535 1323 der Berechtigten.
330 1330 1446 1371 Die vollständige Befreiung von den Forstberechtigungen erfolgt durch
256 1377 1445 1416 die Ablösung, d. h. durch die Aufhebung des servitutarischen Nutzungs-
254 1423 1446 1483 rechts gegen Erstattung seines Wertes. Diese Werterstattung heiſst Ent-
253 1472 489 1508 schädigung.
332 1513 1447 1553 Die Ablösung ist entweder eine freiwillige, aus dem freien
255 1554 1446 1598 Übereinkommen der Beteiligten hervorgegangene , oder eine Zwangs-
255 1606 441 1643 ablösung.
243 140 297 166 182
644 139 1033 170 B. Zweiter (spezieller) Teil.
373 1696 1447 1729 Oesterreichisches Patent vom 5. VII. 1853, § 16: Alle Holzungs- und Holz-
259 1733 1447 1769 bezugsrechte müssen, insofern sie nicht bloſs Raff- und Klaubholz oder Stock-
258 1770 1449 1806 und Wurzelholz betreffen, auf eine bestimmte jährliche oder periodische Holzabgabe
260 1806 1448 1845 unter Bezeichnung des Bezugsortes und mit Rücksicht auf den gegenwärtigen und
258 1849 788 1880 künftigen Bezugsort reguliert werden.
375 1886 786 1913 Oesterreichisches Patent § 6.
377 1913 1449 1952 Bayerisches Forstgesetz Art. 27: Sowohl der Waldbesitzer als der Forst-
259 1951 1449 1988 berechtigte ist befugt, die Umwandlung ungemessener Forstberechtigungen in ge-
261 1994 867 2026 messene Forstberechtigungen zu verlangen.
378 2024 1450 2062 Oesterreichisches Patent § 17: Recht zum Bezug des Raff- und Klaub- oder
262 2062 678 2094 des Stock- und Wurzelholzes.
379 2100 1449 2136 Bayerisches Forstgesetz Art. 30: Die nicht in jährliche Geldleistungen um-
