1600 2335
232 220 1424 258 lich der Fall im Küstengebiete und auf den Hochlagen der Gebirge,
232 265 1426 303 aber auch in ausgedehnten Ebenen des Binnenlandes, deren Klima
232 311 1426 348 einen kontinentalen Charakter trägt und während der Vegetationszeit
231 355 1425 392 Perioden groſser Trockenheit mit sich bringt, macht sich der Einfluſs
232 400 981 437 des Waldes in dieser Richtung sehr fühlbar.
308 445 1426 483 Bei groſser Trockenheit kommt namentlich noch der Umstand in
231 490 1427 528 Betracht, daſs die Luft zwischen den Baumkronen und unmittelbar über
232 534 1426 572 denselben infolge der lebhaften Transpiration relativ und absolut reich
232 579 1427 616 an Wasserdampf ist. Streichen nun relativ wasserarme Luftströmungen
233 622 1427 658 durch den Wald, so werden sie hier feuchter und trocknen das freie
232 666 1388 704 Land, mit welchem sie alsdann in Berührung kommen, weniger aus.
308 709 1427 747 In dem Umstande, daſs Waldungen die Kraft des Windes brechen
233 756 1427 798 und den Feuchtigkeitsgehalt der durchstreichenden Luft erhöhen, also
233 800 1429 844 nach zwei Richtungen vermindernd auf die Austrocknung des leeseitig
234 846 1428 887 gelegenen freien Landes wirken, dürfte die günstige Einwirkung der Auf-
233 892 1427 931 forstungen in Ungarn (Coburg- Koharysche Herrschaft Vaiz bei Pilis)
233 937 1429 976 und in Südruſsland (Gouvernement Ekatarinoslaw, Kreis Mariupol) zu
233 982 431 1012 suchen sein.
345 1028 1430 1066 § 3. Die Einwirkung des Waldes auf das an die Bodenoberfläche
229 1074 1429 1113 gelangte Wasser. Obwohl aus den angegebenen Gründen die Nieder-
232 1120 1430 1158 schlagsmengen innerhalb des Kronenraumes der Waldbäume gröſser
233 1163 1430 1203 sind, als auf unbewaldetem Terrain, so gelangen doch auf den Boden
234 1206 1431 1246 des geschlossenen Waldes erheblich geringere Wasserquantitäten, weil
234 1249 1431 1293 ein bedeutender Prozentsatz der Niederschläge an den Blättern, Zweigen
234 1296 1429 1337 und Ästen hängen bleibt und von hier unmittelbar wieder verdampft. Diese
234 1341 1429 1378 Differenz zu Ungunsten des Waldes wurde bisher zu durchschnittlich
235 1387 1429 1431 25 % (20,2 % bei der Fichte, 28,0 % bei der Kiefer) angegeben.
234 1432 1430 1472 Ney  hat jedoch darauf aufmerksam gemacht, daſs auch hier ein
234 1479 1429 1516 Beobachtungsfehler vorliegt, indem das an den Stämmen herab-
234 1524 1431 1566 flieſsende Wasser auſser Acht gelassen wird. Berücksichtigt man
234 1569 1431 1606 dieses, so wird der angegebene Unterschied etwa auf die Hälfte herab-
232 1614 1431 1650 gemindert. Das an den Stämmen herabgeflossene Wasser ist ausser-
234 1658 1429 1697 dem für die Pflanzenernährung und Quellenbildung deshalb von beson-
233 1703 1431 1744 derer Bedeutung, weil die teilweise sehr erheblichen  Wassermengen
233 1749 1431 1790 nicht tropfenweise über eine groſse Fläche verteilt sind, sondern an
234 1794 1052 1834 einer und derselben Stelle den Boden erreichen.
309 1840 1430 1880 Ein Teil der Niederschlagsmengen, welche auf den Waldboden
620 145 1030 176 A. Erster (allgemeiner) Teil.
233 145 267 170 54
351 1927 1432 1958 Der Wald und die Quellen (Aus dem Walde, 1893—1894), und im Referate auf
235 1959 1431 1996 dem ersten internationalen Kongreſs forstlicher Versuchsanstalten zu Wien 1893 (Mit-
234 1994 1324 2029 teilungen aus dem forstlichen Versuchswesen Oesterreichs, 17. Heft, S. 115).
350 2032 1431 2067 Riegler giebt z. B. im 2. Bd. der Mitteilungen aus dem forstlichen Ver-
235 2068 1433 2109 suchswesen Oesterreichs 1879 an, daſs an einer Buche von 79 qm Schirmfläche bei
236 2105 1202 2144 einem einzigen Regen 1200 1 Wasser am Schaft herabgelaufen sind.
