1600 2335
248 210 1362 249 Aber auch wenn dieser ungünstigste Fall nicht eintritt, erscheint
172 253 1362 291 dieser Ablösungsmodus nicht empfehlenswert, um den aus volkswirt-
171 299 1360 338 schaftlichen und technischen Rücksichten unzweckmäſsigen Zwergbesitz
170 345 683 373 von Wald nicht zu vermehren.
248 389 1360 425 Mit Rücksicht hierauf ist in einigen Gesetzen die Minimalfläche
170 433 1360 472 bestimmt, in welcher Wald überhaupt gegeben werden darf (in den
169 479 1358 517 meisten preuſsischen Gesetzen 30 Morgen, je nach dem Flächenmaſse
168 525 1359 562 etwa 7,7 ha), andere Gesetze bestimmen, daſs die betreffenden Flächen
171 570 1358 607 „zu dauernder forstwirtschaftlicher Benutzung geeignet“ sein müssen.
245 614 1358 651 Im Landeskulturinteresse sollten Waldabfindungen auf solche Be-
168 658 1359 698 rechtigungen beschränkt werden, welche politischen Gemeinden oder
168 703 1358 743 anderen, denselben hinsichtlich der staatlichen Beaufsichtigung gleich-
167 750 1357 788 gestellten oder gleichzustellenden  Körperschaften und Genossenschaften
167 793 1332 829 zustehen, wie dieses z. B. das österreichische Patent von 1853 vorschreibt.
243 838 1358 877 Ausnahmsweise kann die Waldabfindung auch bei Privaten Platz
167 882 1358 922 greifen, welche entweder durch das Hinzutreten der Abfindungsflächen
166 926 1357 964 zu bereits vorhandenem Besitze oder durch die Abfindungsfläche allein
166 970 1357 1009 einen ausgedehnten, wirklich einer nachhaltigen Bewirtschaftung fähigen
165 1014 1355 1052 Waldbesitz erhalten , namentlich dann, wenn eine gute Bewirtschaf-
164 1059 1046 1099 tung durch einen Fideikommiſsverband gesichert ist.
243 1104 1355 1143 Schutzwaldungen sollten zur Abfindung von Forstberechtigungen
164 1149 636 1186 niemals hingegeben werden.
239 1195 1355 1234 b) Eine hiervon wesentlich verschiedene Form der Waldabfindung ist
159 1240 1356 1282 jene, bei welcher so viel Wald abgetreten werden muſs, als notwendig
163 1287 1355 1327 ist, damit der Entschädigte seinen bisherigen Rechtsbezug auch ferner-
163 1332 1355 1373 hin dauernd in gleicher Weise fortbeziehen kann, jedoch mit dem Unter-
1308 141 1362 167 189
518 135 1021 166 I. Abschnitt. Forstwirtschaftspflege.
278 1394 1353 1424 Preuſsisches Gesetz über gemeinschaftliche Holzungen vom 14. III. 1881.
161 1431 1354 1461 § 1 dieses Gesetzes findet u. a. Anwendung: auf Holzungen, welche einer Klasse von
161 1467 1354 1498 Mitgliedern oder von Einwohnern einer Gemeinde durch eine Gemeinheitsteilung
162 1504 1352 1533 oder Forstservitutenablösung als Gesamtabfindung überwiesen werden oder bereits
161 1540 1352 1569 früher überwiesen worden und bis zum Inkrafttreten dieses Gesetzes gemeinschaft-
162 1577 608 1608 liches Eigentum geblieben sind.
277 1612 1351 1643 Oesterreichisches Patent § 31: Die Abtretung von Wald hat in der Regel
160 1650 1350 1683 nur ortschafts- oder gemeindeweise oder an die Gesamtheit der Berechtigten statt-
159 1687 1350 1720 zufinden. Solche Waldungen sind in forstpolizeilicher Beziehung den Gemeinde-
160 1724 1351 1757 waldungen gleichzuhalten. Leider ist der Erfolg dieser vortrefflichen Bestimmung
159 1761 1350 1794 in den Donau- und Alpenländern meist dadurch vereitelt worden, daſs die politischen
159 1797 1349 1831 Behörden die Genehmigung zur Teilung schon während des Ablösungsverfahrens
159 1836 981 1866 anstandslos erteilt haben (Oesterreichs Forstwesen S. 69).
277 1870 1349 1902 So hat z. B. die k. k. Inneberger Hauptgewerkschaft bezw. die gleichnamige
159 1906 1350 1940 Aktiengesellschaft im Jahre 1871 vom Stifte Admont 60774 ha, von der Herrschaft
158 1942 1348 1976 Steyr 22811 ha als Abfindung ihrer „Holzverlaſsrechte“ gegen Herauszahlung von
160 1978 1348 2008 1020000 M. und 1260000 M. erhalten. Die „Holzverlässe“ sind Verträge, mittels
157 2014 1348 2047 welcher der Groſswaldbesitz den benachbarten Eisengewerken die Holznutzung eines
157 2052 1350 2087 Waldes auf unbestimmte Zeit, „auf Gefallen und Widerruf“ oder auf Abstockung
156 2091 881 2125 nach einem gewissen Turnus zu überlassen pflegte.
