1600 2335
311 240 1424 279 Auſserdem faſst die neuere Waldschutzgesetzgebung aber auch die
235 285 1423 326 Neubegründung von solchen Forsten ins Auge. Statthaft ist der Auf-
233 330 1424 371 forstungszwang in allen jenen Gesetzen, welche bezüglich der Vor-
230 374 1424 414 schriften für die Bewirtschaftung der Schutzwaldungen den Vollzugs-
233 419 1425 459 behörden freie Hand lassen ; besondere Bedeutung besitzt diese
235 465 1425 506 Maſsregel bei der Wildbachverbauung , wo die Neuanlage von
234 510 1424 551 Waldungen neben den hydrotechnischen Arbeiten eine besondere Rolle
234 556 1423 596 spielt. In Frankreich besteht ein solcher Zwang auch für die Dünen-
235 167 290 191 234
637 167 1032 198 B. Zweiter (spezieller) Teil.
234 635 1425 669 torizzazione. I proprietari devono però unifimarsi a quelle prescrizioni di massima
236 671 1424 701 che seranno stabilite da ciascun Comitato forestale. Codeste prescrizioni devono
234 708 1425 742 limitarsi agli scopi di assecurare la consistenza del suolo e la riproduzione dei
234 745 1102 779 boschi e, nei casi di publica igiene, la conservazione di essi.
350 783 1424 812 Nach dem Schweizer Gesetze vom 24. III. 1876 sind Grundstücke, durch
235 821 1424 852 deren Aufforstung wichtige Schutzwaldungen gewonnen werden können, auf Verlangen
234 859 1067 889 einer Kantonsregierung oder des Bundesrates aufzuforsten.
311 897 1423 926 Das preuſsische Schutzwaldgesetz vom 6. VII. 1875 führt in § 11 Abs. 3
235 934 1423 964 unter den Punkten, über welche das Regulativ (s. o.) vorzusorgen hat, auf: die Be-
234 970 1424 1002 stimmungen über die Herstellung, Unterhaltung und Aufsicht der erforderlichen
235 1009 853 1040 Waldkulturen und sonstigen Schutzanlagen.
350 1044 1422 1079 Das älteste derartige Gesetz ist das Décret du 4 Thermidor an XIII (23.
234 1082 1425 1116 VII. 1805) relatif aux torrents du département des Hautes-Alpes. Frankreich ist
234 1121 1424 1154 dann auch fernerhin mit der Ausbildung der Gesetzgebung über Waldbachverbauung
233 1159 1424 1191 und mit deren Durchführung vorangegangen. Die hier in Betracht kommenden
232 1194 1424 1226 neueren Gesetze sind: loi du 28. VII. 1860 sur le reboisement des montagnes, loi du
235 1233 1423 1263 8. VI. 1864 sur le gazonnement des montagnes und loi du 4. IV. 1882 sur la restau-
233 1270 981 1300 ration et la conservation des terrains en montagnes.
309 1307 1424 1337 Nach den Mitteilungen, welche Demontzey auf dem internationalen land- und
233 1344 1424 1374 forstwirtschaftlichen Kongresse in Wien 1890 machte, sind in der Zeit von 1861 bis
236 1382 1425 1414 1888 in Frankreich in den Wildbachgebieten der Alpen, Cevennen und Pyrenäen
235 1421 1425 1452 auf 145000 ha Aufforstungsarbeiten ausgeführt worden. Hiervon gehören 60600 ha
235 1459 1424 1492 zu den sogen. Wohlfahrtsperimetern, in denen der Staat die Arbeiten besorgt. Die
236 1498 1423 1529 freiwillig mit Subventionen von seiten des Staates ausgeführten Arbeiten bedecken
235 1536 1423 1567 84400 ha, wovon den Gemeinden 50200 ha und 34200 ha den Privaten gehören.
232 1573 1333 1605 Die ganzen Arbeiten sollen schlieſslich eine Fläche von 800000 ha umfassen.
309 1612 914 1641 Die Ausgaben des Staates haben betragen:
232 1644 1423 1679 für obligatorische Arbeiten ............... 25390000 Fr.
232 1665 1405 1710 für Subventionen an Gemeinden und Private ......... 6050000 „
232 1701 1407 1753 für Erwerbung (Kauf und Expropriation) von 70300 ha ..... 12410000 „
232 1759 1406 1789 allgemeine Kosten einschl. Personalkosten .......... 7820000 „
1057 1794 1423 1824 im ganzen 51670000 Fr.
311 1832 1227 1864 Von den 25390000 Fr. für obligatorische Arbeiten entfallen auf
234 1869 1423 1902 Wiederbewaldung ................... 7170000 Fr.
234 1926 1407 1973 Wegeanlagen, Baracken, Studien ............. 5700000 „
311 1958 1423 2009 Vgl. auch Demontzey, Traité pratique du reboisement et du gazonnement des
235 2012 1423 2043 montagnes, Paris 1880. Über den Stand der Wildbachverbauungsarbeiten in Oester-
233 2048 1423 2077 reich hat Wang in Oesterreichs Forstwesen S. 205 ff. berichtet. Hiernach waren
235 2083 1424 2116 Ende des Jahres 1888: 1338000 M. für diese Arbeiten verausgabt, deren Erfolg
234 2119 730 2157 bereits unzweifelhaft dargethan ist.
