<?xml version="1.0" encoding="UTF-8"?>
<PcGts xmlns="http://schema.primaresearch.org/PAGE/gts/pagecontent/2019-07-15" xmlns:xsi="http://www.w3.org/2001/XMLSchema-instance" xsi:schemaLocation="http://schema.primaresearch.org/PAGE/gts/pagecontent/2019-07-15 http://schema.primaresearch.org/PAGE/gts/pagecontent/2019-07-15/pagecontent.xsd">
<Metadata>
<Creator>regJS2PAGE.py</Creator>
<Created>2021-02-16T11:05:52.998261</Created>
<LastChange>2021-02-16T11:05:52.998261</LastChange>
</Metadata>
<Page imageFilename="tmp/schweiger_armenien_1878_0156.png" imageWidth="1600" imageHeight="2631">
<TextRegion id="block_0" custom="structure {type:body;}">
<Coords points="260,245 260,295 263,302 263,349 260,358 260,405 260,414 260,460 261,470 261,516 261,525 261,572 260,581 260,628 261,637 261,684 259,692 259,739 260,738 260,794 260,802 260,850 257,857 257,907 258,916 258,964 257,973 257,1021 258,1030 258,1076 257,1085 257,1132 258,1141 258,1188 258,1199 258,1247 256,1256 256,1303 258,1311 258,1358 257,1367 257,1415 257,1424 257,1473 257,1482 257,1530 1499,1530 1499,1482 1499,1473 1499,1424 1499,1415 1499,1367 1500,1358 1500,1311 1499,1303 1499,1256 1499,1247 1499,1199 1501,1188 1501,1141 1501,1132 1501,1085 1501,1076 1501,1030 1502,1021 1502,973 1500,964 1500,916 1503,907 1503,857 1504,850 1504,802 1502,794 1502,738 1504,739 1504,692 1504,684 1504,637 1505,628 1505,581 1504,572 1504,525 1506,516 1506,470 1505,460 1505,414 1506,405 1506,358 1505,349 1505,302 1507,295 1507,245 260,245"/>
<TextLine id="line_0">
<Coords points="260,249 373,249 400,247 458,247 483,246 531,246 557,245 923,245 949,247 1037,247 1064,253 1129,253 1155,246 1250,246 1275,245 1507,245 1507,291 1275,291 1250,282 1155,282 1129,282 1064,282 1037,283 949,283 923,292 557,292 531,283 483,283 458,290 400,290 373,295 260,295 260,249"/>
<Baseline points="260,295 373,295 400,290 458,290 483,283 531,283 557,292 923,292 949,283 1037,283 1064,282 1129,282 1155,282 1250,282 1275,291 1507,291"/>
<TextEquiv><Unicode>Bezug auf die Niveau-Verhältniſſe eines von allem Baumwuchſe</Unicode></TextEquiv>
</TextLine>

<TextLine id="line_1">
<Coords points="263,304 449,304 467,303 618,303 654,303 730,303 756,302 815,302 841,302 963,302 989,303 1397,303 1423,303 1505,303 1505,339 1423,339 1397,349 989,349 963,339 841,339 815,345 756,345 730,347 654,347 618,343 467,343 449,349 263,349 263,304"/>
<Baseline points="263,349 449,349 467,343 618,343 654,347 730,347 756,345 815,345 841,339 963,339 989,349 1397,349 1423,339 1505,339"/>
<TextEquiv><Unicode>entblößten Landes, noch auf Grund pflanzengeographiſcher Mo-</Unicode></TextEquiv>
</TextLine>

<TextLine id="line_2">
<Coords points="260,365 365,365 390,360 450,360 475,359 530,359 556,358 757,358 777,358 939,358 965,360 1021,360 1038,360 1210,360 1231,359 1506,359 1506,405 1231,405 1210,405 1038,405 1021,395 965,395 939,405 777,405 757,404 556,404 530,395 475,395 450,396 390,396 365,397 260,397 260,365"/>
<Baseline points="260,397 365,397 390,396 450,396 475,395 530,395 556,404 757,404 777,405 939,405 965,395 1021,395 1038,405 1210,405 1231,405 1506,405"/>
<TextEquiv><Unicode>mente mit der eigentlichen Fixirung des fraglichen Begriffswortes</Unicode></TextEquiv>
</TextLine>

<TextLine id="line_3">
<Coords points="260,417 356,417 380,415 520,415 570,414 651,414 676,414 724,414 751,414 896,414 932,416 964,416 998,416 1087,416 1122,416 1170,416 1196,416 1323,416 1360,426 1424,426 1454,416 1505,416 1505,450 1454,450 1424,450 1360,450 1323,458 1196,458 1170,451 1122,451 1087,459 998,459 964,460 932,460 896,459 751,459 724,450 676,450 651,457 570,457 520,450 380,450 356,460 260,460 260,417"/>
<Baseline points="260,460 356,460 380,450 520,450 570,457 651,457 676,450 724,450 751,459 896,459 932,460 964,460 998,459 1087,459 1122,451 1170,451 1196,458 1323,458 1360,450 1424,450 1454,450 1505,450"/>
<TextEquiv><Unicode>fertig werden. Daß die Steppe, ja ſelbſt die Wüſte, nur ein</Unicode></TextEquiv>
</TextLine>

<TextLine id="line_4">
<Coords points="261,470 490,470 515,470 581,470 609,470 672,470 699,470 957,470 983,470 1113,470 1139,472 1197,472 1227,471 1336,471 1362,471 1418,471 1446,480 1506,480 1506,516 1446,516 1418,516 1362,516 1336,515 1227,515 1197,515 1139,515 1113,516 983,516 957,516 699,516 672,506 609,506 581,506 515,506 490,516 261,516 261,470"/>
<Baseline points="261,516 490,516 515,506 581,506 609,506 672,506 699,516 957,516 983,516 1113,516 1139,515 1197,515 1227,515 1336,515 1362,516 1418,516 1446,516 1506,516"/>
<TextEquiv><Unicode>ökonomiſcher und kein geographiſcher Begriff ſei, mußte ſich gar</Unicode></TextEquiv>
</TextLine>

<TextLine id="line_5">
<Coords points="261,525 335,525 376,530 439,530 475,526 706,526 738,525 1012,525 1037,526 1233,526 1266,528 1504,528 1504,572 1266,572 1233,572 1037,572 1012,571 738,571 706,571 475,571 439,561 376,561 335,561 261,561 261,525"/>
<Baseline points="261,561 335,561 376,561 439,561 475,571 706,571 738,571 1012,571 1037,572 1233,572 1266,572 1504,572"/>
<TextEquiv><Unicode>bald aus verſchiedenen experimentellen Thatſachen herausſtellen,</Unicode></TextEquiv>
</TextLine>

<TextLine id="line_6">
<Coords points="260,582 320,582 356,587 391,587 425,583 458,583 494,583 570,583 596,582 745,582 770,581 829,581 865,581 928,581 962,582 1011,582 1038,583 1117,583 1144,583 1421,583 1448,583 1505,583 1505,618 1448,618 1421,628 1144,628 1117,617 1038,617 1011,617 962,617 928,625 865,625 829,625 770,625 745,627 596,627 570,627 494,627 458,628 425,628 391,618 356,618 320,617 260,617 260,582"/>
<Baseline points="260,617 320,617 356,618 391,618 425,628 458,628 494,627 570,627 596,627 745,627 770,625 829,625 865,625 928,625 962,617 1011,617 1038,617 1117,617 1144,628 1421,628 1448,618 1505,618"/>
<TextEquiv><Unicode>wie es ja auch erwieſen iſt, daß die öden Steppenſtrecken des</Unicode></TextEquiv>
</TextLine>

<TextLine id="line_7">
<Coords points="261,638 409,638 446,638 707,638 741,638 813,638 841,637 901,637 928,637 995,637 1021,637 1294,637 1318,637 1373,637 1400,638 1504,638 1504,682 1400,682 1373,672 1318,672 1294,681 1021,681 995,673 928,673 901,682 841,682 813,683 741,683 707,684 446,684 409,683 261,683 261,638"/>
<Baseline points="261,683 409,683 446,684 707,684 741,683 813,683 841,682 901,682 928,673 995,673 1021,681 1294,681 1318,672 1373,672 1400,682 1504,682"/>
<TextEquiv><Unicode>heutigen Meſopotamien doch erſt eine Errungenſchaft der letzten</Unicode></TextEquiv>
</TextLine>

<TextLine id="line_8">
<Coords points="259,693 506,693 540,695 643,695 679,695 783,695 819,694 912,694 930,692 1210,692 1240,693 1314,693 1338,692 1504,692 1504,737 1338,737 1314,727 1240,727 1210,737 930,737 912,729 819,729 783,730 679,730 643,739 540,739 506,739 259,739 259,693"/>
<Baseline points="259,739 506,739 540,739 643,739 679,730 783,730 819,729 912,729 930,737 1210,737 1240,727 1314,727 1338,737 1504,737"/>
<TextEquiv><Unicode>Jahrhunderte ſeien, indem wilde Verwahrloſung dort überhand</Unicode></TextEquiv>
</TextLine>

<TextLine id="line_9">
<Coords points="260,750 378,750 413,756 465,756 501,750 618,750 656,753 751,753 787,750 855,750 882,749 1040,749 1066,749 1124,749 1150,738 1337,738 1363,747 1502,747 1502,792 1363,792 1337,783 1150,783 1124,784 1066,784 1040,794 882,794 855,784 787,784 751,784 656,784 618,793 501,793 465,784 413,784 378,794 260,794 260,750"/>
<Baseline points="260,794 378,794 413,784 465,784 501,793 618,793 656,784 751,784 787,784 855,784 882,794 1040,794 1066,784 1124,784 1150,783 1337,783 1363,792 1502,792"/>
<TextEquiv><Unicode>nahm, wo vorher unter dem Einfluſſe des belebenden feuchten</Unicode></TextEquiv>
</TextLine>

<TextLine id="line_10">
<Coords points="260,804 445,804 470,804 519,804 544,804 709,804 737,804 956,804 982,805 1150,805 1177,805 1314,805 1360,804 1447,804 1466,802 1504,802 1504,845 1466,845 1447,848 1360,848 1314,849 1177,849 1150,847 982,847 956,846 737,846 709,850 544,850 519,839 470,839 445,842 260,842 260,804"/>
<Baseline points="260,842 445,842 470,839 519,839 544,850 709,850 737,846 956,846 982,847 1150,847 1177,849 1314,849 1360,848 1447,848 1466,845 1504,845"/>
<TextEquiv><Unicode>Elementes die üppigſten Culturoaſen beſtanden hatten . Auch iſt</Unicode></TextEquiv>
</TextLine>

<TextLine id="line_11">
<Coords points="257,861 318,861 342,861 397,861 422,860 549,860 574,861 715,861 727,889 736,889 761,861 822,861 846,861 906,861 930,860 985,860 1010,860 1140,860 1177,860 1227,860 1254,860 1377,860 1403,857 1503,857 1503,896 1403,896 1377,906 1254,906 1227,896 1177,896 1140,904 1010,904 985,896 930,896 906,896 846,896 822,897 761,897 736,904 727,904 715,907 574,907 549,907 422,907 397,897 342,897 318,897 257,897 257,861"/>
<Baseline points="257,897 318,897 342,897 397,897 422,907 549,907 574,907 715,907 727,904 736,904 761,897 822,897 846,896 906,896 930,896 985,896 1010,904 1140,904 1177,896 1227,896 1254,906 1377,906 1403,896 1503,896"/>
<TextEquiv><Unicode>mit der Steppe ſowenig, wie mit der Wüſte, ein plattes Stück</Unicode></TextEquiv>
</TextLine>

<TextLine id="line_12">
<Coords points="258,918 350,918 376,918 531,918 564,918 598,918 624,918 767,918 794,923 829,923 854,918 997,918 1023,918 1151,918 1162,933 1174,933 1185,917 1400,917 1427,916 1500,916 1500,962 1427,962 1400,962 1185,962 1174,946 1162,946 1151,953 1023,953 997,954 854,954 829,954 794,954 767,963 624,963 598,954 564,954 531,964 376,964 350,954 258,954 258,918"/>
<Baseline points="258,954 350,954 376,964 531,964 564,954 598,954 624,963 767,963 794,954 829,954 854,954 997,954 1023,953 1151,953 1162,946 1174,946 1185,962 1400,962 1427,962 1500,962"/>
<TextEquiv><Unicode>Land gemeint, in welchem es keinerlei Niveau-Unterſchiede gibt.</Unicode></TextEquiv>
</TextLine>

<TextLine id="line_13">
<Coords points="257,975 319,975 344,975 569,975 596,975 665,975 691,975 738,975 764,975 914,975 936,975 994,975 1011,974 1199,974 1216,974 1305,974 1321,974 1410,974 1427,973 1502,973 1502,1009 1427,1009 1410,1019 1321,1019 1305,1019 1216,1019 1199,1016 1011,1016 994,1010 936,1010 914,1020 764,1020 738,1011 691,1011 665,1021 596,1021 569,1020 344,1020 319,1016 257,1016 257,975"/>
<Baseline points="257,1016 319,1016 344,1020 569,1020 596,1021 665,1021 691,1011 738,1011 764,1020 914,1020 936,1010 994,1010 1011,1016 1199,1016 1216,1019 1305,1019 1321,1019 1410,1019 1427,1009 1502,1009"/>
<TextEquiv><Unicode>Im Weſentlichen ſind die Steppen des Tieflandes wohl mehr oder</Unicode></TextEquiv>
</TextLine>

<TextLine id="line_14">
<Coords points="258,1031 399,1031 425,1030 511,1030 537,1031 647,1031 674,1031 749,1031 775,1031 887,1031 912,1030 969,1030 994,1030 1043,1030 1068,1030 1309,1030 1336,1030 1501,1030 1501,1075 1336,1075 1309,1075 1068,1075 1043,1065 994,1065 969,1075 912,1075 887,1066 775,1066 749,1066 674,1066 647,1076 537,1076 511,1072 425,1072 399,1075 258,1075 258,1031"/>
<Baseline points="258,1075 399,1075 425,1072 511,1072 537,1076 647,1076 674,1066 749,1066 775,1066 887,1066 912,1075 969,1075 994,1065 1043,1065 1068,1075 1309,1075 1336,1075 1501,1075"/>
<TextEquiv><Unicode>weniger eben, häufig aber breitet ſich die ſchwarzerdige Steppen-</Unicode></TextEquiv>
</TextLine>

<TextLine id="line_15">
<Coords points="257,1086 337,1086 362,1086 421,1086 448,1086 535,1086 561,1097 642,1097 662,1086 942,1086 962,1086 1165,1086 1183,1085 1271,1085 1296,1085 1373,1085 1400,1086 1501,1086 1501,1128 1400,1128 1373,1121 1296,1121 1271,1121 1183,1121 1165,1131 962,1131 942,1132 662,1132 642,1132 561,1132 535,1131 448,1131 421,1122 362,1122 337,1123 257,1123 257,1086"/>
<Baseline points="257,1123 337,1123 362,1122 421,1122 448,1131 535,1131 561,1132 642,1132 662,1132 942,1132 962,1131 1165,1131 1183,1121 1271,1121 1296,1121 1373,1121 1400,1128 1501,1128"/>
<TextEquiv><Unicode>decke mit ihrer ganz eigenthümlichen organiſchen Welt über weite,</Unicode></TextEquiv>
</TextLine>

<TextLine id="line_16">
<Coords points="258,1143 424,1143 450,1143 601,1143 613,1171 620,1171 653,1143 752,1143 790,1143 909,1143 934,1142 1004,1142 1029,1141 1305,1141 1341,1141 1501,1141 1501,1187 1341,1187 1305,1188 1029,1188 1004,1188 934,1188 909,1188 790,1188 752,1179 653,1179 620,1185 613,1185 601,1180 450,1180 424,1180 258,1180 258,1143"/>
<Baseline points="258,1180 424,1180 450,1180 601,1180 613,1185 620,1185 653,1179 752,1179 790,1188 909,1188 934,1188 1004,1188 1029,1188 1305,1188 1341,1187 1501,1187"/>
<TextEquiv><Unicode>undulirte Strecken, wobei freilich jene eigenthümliche, ſcheinbar</Unicode></TextEquiv>
</TextLine>

<TextLine id="line_17">
<Coords points="258,1201 468,1201 494,1200 650,1200 676,1200 822,1200 849,1200 932,1200 958,1220 1003,1220 1031,1200 1099,1200 1125,1199 1179,1199 1195,1199 1400,1199 1420,1199 1499,1199 1499,1235 1420,1235 1400,1245 1195,1245 1179,1235 1125,1235 1099,1245 1031,1245 1003,1226 958,1226 932,1246 849,1246 822,1237 676,1237 650,1237 494,1237 468,1247 258,1247 258,1201"/>
<Baseline points="258,1247 468,1247 494,1237 650,1237 676,1237 822,1237 849,1246 932,1246 958,1226 1003,1226 1031,1245 1099,1245 1125,1235 1179,1235 1195,1245 1400,1245 1420,1235 1499,1235"/>
<TextEquiv><Unicode>unbegrenzte Scenerie verloren geht, — jene der unendlichen Ein-</Unicode></TextEquiv>
</TextLine>

<TextLine id="line_18">
<Coords points="256,1257 443,1257 469,1257 536,1257 561,1256 774,1256 798,1256 967,1256 992,1256 1138,1256 1189,1256 1254,1256 1290,1256 1499,1256 1499,1301 1290,1301 1254,1292 1189,1292 1138,1300 992,1300 967,1301 798,1301 774,1301 561,1301 536,1292 469,1292 443,1303 256,1303 256,1257"/>
<Baseline points="256,1303 443,1303 469,1292 536,1292 561,1301 774,1301 798,1301 967,1301 992,1300 1138,1300 1189,1292 1254,1292 1290,1301 1499,1301"/>
<TextEquiv><Unicode>förmigkeit, voll ergreifender poetiſcher Effecte . Die armeniſchen</Unicode></TextEquiv>
</TextLine>

<TextLine id="line_19">
<Coords points="258,1315 409,1315 444,1312 547,1312 580,1313 691,1313 726,1312 794,1312 828,1312 898,1312 931,1312 1120,1312 1146,1311 1339,1311 1375,1314 1441,1314 1467,1312 1500,1312 1500,1357 1467,1357 1441,1349 1375,1349 1339,1352 1146,1352 1120,1347 931,1347 898,1357 828,1357 794,1348 726,1348 691,1358 580,1358 547,1357 444,1357 409,1358 258,1358 258,1315"/>
<Baseline points="258,1358 409,1358 444,1357 547,1357 580,1358 691,1358 726,1348 794,1348 828,1357 898,1357 931,1347 1120,1347 1146,1352 1339,1352 1375,1349 1441,1349 1467,1357 1500,1357"/>
<TextEquiv><Unicode>Steppen haben zudem eine ſehr bedeutende Elevation, und ſo</Unicode></TextEquiv>
</TextLine>

<TextLine id="line_20">
<Coords points="257,1369 339,1369 366,1374 401,1374 427,1368 537,1368 563,1368 695,1368 721,1368 769,1368 796,1367 921,1367 947,1378 986,1378 1011,1367 1205,1367 1232,1375 1282,1375 1309,1368 1357,1368 1383,1370 1499,1370 1499,1414 1383,1414 1357,1403 1309,1403 1282,1403 1232,1403 1205,1412 1011,1412 986,1413 947,1413 921,1413 796,1413 769,1404 721,1404 695,1414 563,1414 537,1415 427,1415 401,1405 366,1405 339,1405 257,1405 257,1369"/>
<Baseline points="257,1405 339,1405 366,1405 401,1405 427,1415 537,1415 563,1414 695,1414 721,1404 769,1404 796,1413 921,1413 947,1413 986,1413 1011,1412 1205,1412 1232,1403 1282,1403 1309,1403 1357,1403 1383,1414 1499,1414"/>
<TextEquiv><Unicode>wird es häufig ſchwer, die Grenze zu beſtimmen, wo die eigent-</Unicode></TextEquiv>
</TextLine>

<TextLine id="line_21">
<Coords points="257,1427 331,1427 357,1426 555,1426 581,1426 714,1426 739,1426 805,1426 832,1425 880,1425 906,1424 1087,1424 1113,1424 1250,1424 1300,1425 1365,1425 1391,1425 1499,1425 1499,1461 1391,1461 1365,1462 1300,1462 1250,1471 1113,1471 1087,1471 906,1471 880,1461 832,1461 805,1462 739,1462 714,1472 581,1472 555,1473 357,1473 331,1473 257,1473 257,1427"/>
<Baseline points="257,1473 331,1473 357,1473 555,1473 581,1472 714,1472 739,1462 805,1462 832,1461 880,1461 906,1471 1087,1471 1113,1471 1250,1471 1300,1462 1365,1462 1391,1461 1499,1461"/>
<TextEquiv><Unicode>liche Grasſteppe aufhört und die Alpentrift beginnt. Die bedeu-</Unicode></TextEquiv>
</TextLine>

<TextLine id="line_22">
<Coords points="257,1484 398,1484 431,1484 518,1484 544,1483 697,1483 733,1483 801,1483 837,1482 885,1482 922,1483 1159,1483 1188,1482 1436,1482 1461,1491 1499,1491 1499,1527 1461,1527 1436,1527 1188,1527 1159,1528 922,1528 885,1519 837,1519 801,1528 733,1528 697,1530 544,1530 518,1530 431,1530 398,1529 257,1529 257,1484"/>
<Baseline points="257,1529 398,1529 431,1530 518,1530 544,1530 697,1530 733,1528 801,1528 837,1519 885,1519 922,1528 1159,1528 1188,1527 1436,1527 1461,1527 1499,1527"/>
<TextEquiv><Unicode>tendſten jener Gattung ſind die ausgedehnten Grasplateaux zu</Unicode></TextEquiv>
</TextLine>

</TextRegion>
<TextRegion id="block_1" custom="structure {type:header;}">
<Coords points="588,150 588,189 1169,189 1169,150 588,150"/>
<TextLine id="line_23">
<Coords points="588,150 745,150 766,150 817,150 839,150 1169,150 1169,189 839,189 817,188 766,188 745,182 588,182 588,150"/>
<Baseline points="588,182 745,182 766,188 817,188 839,189 1169,189"/>
<TextEquiv><Unicode>Ueberblick auf Geſammt-Armenien.</Unicode></TextEquiv>
</TextLine>

</TextRegion>
<TextRegion id="block_2" custom="structure {type:pageNum;}">
<Coords points="261,156 261,190 332,190 332,156 261,156"/>
<TextLine id="line_24">
<Coords points="261,156 332,156 332,190 261,190 261,156"/>
<Baseline points="261,190 332,190"/>
<TextEquiv><Unicode>124</Unicode></TextEquiv>
</TextLine>

</TextRegion>
<TextRegion id="block_3" custom="structure {type:note;}">
<Coords points="369,1631 369,1673 369,1681 257,1681 257,1722 258,1729 258,1767 257,1775 257,1815 257,1823 257,1862 257,1870 257,1911 257,1918 257,1957 257,1965 368,1965 368,2005 368,2013 257,2013 257,2054 256,2060 256,2099 257,2106 257,2146 257,2152 257,2193 256,2200 256,2240 256,2247 256,2287 253,2294 253,2335 256,2341 256,2383 1497,2383 1497,2341 1496,2335 1496,2294 1496,2287 1496,2247 1497,2240 1497,2200 1496,2193 1496,2152 1497,2146 1497,2106 1497,2099 1497,2060 1497,2054 1497,2013 1498,2005 1498,1965 827,1965 827,1957 827,1918 1498,1918 1498,1911 1498,1870 1498,1862 1498,1823 1499,1815 1499,1775 1498,1767 1498,1729 1499,1722 1499,1681 1499,1673 1499,1631 369,1631"/>
<TextLine id="line_25">
<Coords points="369,1636 462,1636 493,1637 532,1637 562,1636 756,1636 777,1636 920,1636 952,1636 995,1636 1022,1635 1201,1635 1232,1634 1263,1634 1295,1634 1339,1634 1370,1631 1499,1631 1499,1668 1370,1668 1339,1664 1295,1664 1263,1664 1232,1664 1201,1673 1022,1673 995,1665 952,1665 920,1673 777,1673 756,1673 562,1673 532,1667 493,1667 462,1667 369,1667 369,1636"/>
<Baseline points="369,1667 462,1667 493,1667 532,1667 562,1673 756,1673 777,1673 920,1673 952,1665 995,1665 1022,1673 1201,1673 1232,1664 1263,1664 1295,1664 1339,1664 1370,1668 1499,1668"/>
<TextEquiv><Unicode>Wenn im ninivitiſchen Frühling die Jagdhunde in die Wildniß</Unicode></TextEquiv>
</TextLine>

<TextLine id="line_26">
<Coords points="257,1692 383,1692 415,1684 540,1684 572,1684 607,1684 637,1689 703,1689 725,1683 935,1683 968,1683 1030,1683 1063,1682 1174,1682 1205,1682 1310,1682 1362,1681 1499,1681 1499,1718 1362,1718 1310,1719 1205,1719 1174,1719 1063,1719 1030,1720 968,1720 935,1719 725,1719 703,1714 637,1714 607,1722 572,1722 540,1714 415,1714 383,1719 257,1719 257,1692"/>
<Baseline points="257,1719 383,1719 415,1714 540,1714 572,1722 607,1722 637,1714 703,1714 725,1719 935,1719 968,1720 1030,1720 1063,1719 1174,1719 1205,1719 1310,1719 1362,1718 1499,1718"/>
<TextEquiv><Unicode>rennen, kommen ſie vom Blumenſtaub gelb gefärbt zurück. (Layard,</Unicode></TextEquiv>
</TextLine>

<TextLine id="line_27">
<Coords points="258,1731 406,1731 427,1732 483,1732 503,1733 544,1733 564,1731 654,1731 676,1732 700,1732 722,1732 800,1732 840,1730 889,1730 911,1731 954,1731 981,1730 1093,1730 1124,1730 1193,1730 1223,1729 1376,1729 1407,1729 1498,1729 1498,1766 1407,1766 1376,1766 1223,1766 1193,1759 1124,1759 1093,1760 981,1760 954,1760 911,1760 889,1760 840,1760 800,1767 722,1767 700,1766 676,1766 654,1767 564,1767 544,1760 503,1760 483,1760 427,1760 406,1766 258,1766 258,1731"/>
<Baseline points="258,1766 406,1766 427,1760 483,1760 503,1760 544,1760 564,1767 654,1767 676,1766 700,1766 722,1767 800,1767 840,1760 889,1760 911,1760 954,1760 981,1760 1093,1760 1124,1759 1193,1759 1223,1766 1376,1766 1407,1766 1498,1766"/>
<TextEquiv><Unicode>„Niniveh and its Rem., I, 78“.) Da die Canäle aber aufgehört haben</Unicode></TextEquiv>
</TextLine>

<TextLine id="line_28">
<Coords points="257,1779 339,1779 360,1778 461,1778 492,1787 528,1787 559,1779 646,1779 677,1779 748,1779 779,1778 819,1778 840,1776 979,1776 1000,1777 1060,1777 1081,1777 1244,1777 1266,1775 1361,1775 1388,1778 1499,1778 1499,1806 1388,1806 1361,1812 1266,1812 1244,1806 1081,1806 1060,1806 1000,1806 979,1806 840,1806 819,1806 779,1806 748,1808 677,1808 646,1814 559,1814 528,1815 492,1815 461,1814 360,1814 339,1815 257,1815 257,1779"/>
<Baseline points="257,1815 339,1815 360,1814 461,1814 492,1815 528,1815 559,1814 646,1814 677,1808 748,1808 779,1806 819,1806 840,1806 979,1806 1000,1806 1060,1806 1081,1806 1244,1806 1266,1812 1361,1812 1388,1806 1499,1806"/>
<TextEquiv><Unicode>ihren Dienſt zu thun, wird im Sommer eine brennende Wüſte daraus</Unicode></TextEquiv>
</TextLine>

<TextLine id="line_29">
<Coords points="257,1827 317,1827 340,1826 406,1826 427,1827 475,1827 498,1825 670,1825 691,1825 735,1825 757,1824 824,1824 844,1824 906,1824 926,1823 1035,1823 1058,1823 1130,1823 1150,1831 1220,1831 1242,1823 1292,1823 1313,1824 1372,1824 1395,1824 1498,1824 1498,1854 1395,1854 1372,1853 1313,1853 1292,1860 1242,1860 1220,1852 1150,1852 1130,1859 1058,1859 1035,1857 926,1857 906,1859 844,1859 824,1860 757,1860 735,1853 691,1853 670,1860 498,1860 475,1855 427,1855 406,1862 340,1862 317,1856 257,1856 257,1827"/>
<Baseline points="257,1856 317,1856 340,1862 406,1862 427,1855 475,1855 498,1860 670,1860 691,1853 735,1853 757,1860 824,1860 844,1859 906,1859 926,1857 1035,1857 1058,1859 1130,1859 1150,1852 1220,1852 1242,1860 1292,1860 1313,1853 1372,1853 1395,1854 1498,1854"/>
<TextEquiv><Unicode>und ſtatt der Millionen, die einſt hier lebten, trifft man hin und wieder</Unicode></TextEquiv>
</TextLine>

<TextLine id="line_30">
<Coords points="257,1875 303,1875 324,1873 402,1873 422,1874 474,1874 496,1872 609,1872 634,1872 758,1872 788,1870 940,1870 961,1870 1114,1870 1146,1870 1258,1870 1284,1872 1343,1872 1369,1871 1498,1871 1498,1901 1369,1901 1343,1902 1284,1902 1258,1902 1146,1902 1114,1906 961,1906 940,1907 788,1907 758,1909 634,1909 609,1910 496,1910 474,1903 422,1903 402,1911 324,1911 303,1905 257,1905 257,1875"/>
<Baseline points="257,1905 303,1905 324,1911 402,1911 422,1903 474,1903 496,1910 609,1910 634,1909 758,1909 788,1907 940,1907 961,1906 1114,1906 1146,1902 1258,1902 1284,1902 1343,1902 1369,1901 1498,1901"/>
<TextEquiv><Unicode>ein Dorf mit einigen hundert diebiſchen Arabern, Türken und Kurden.</Unicode></TextEquiv>
</TextLine>

<TextLine id="line_31">
<Coords points="257,1920 324,1920 347,1920 463,1920 485,1920 644,1920 664,1920 728,1920 751,1918 827,1918 827,1954 751,1954 728,1953 664,1953 644,1955 485,1955 463,1956 347,1956 324,1957 257,1957 257,1920"/>
<Baseline points="257,1957 324,1957 347,1956 463,1956 485,1955 644,1955 664,1953 728,1953 751,1954 827,1954"/>
<TextEquiv><Unicode>(Bei Braun, „Gemälde ꝛc.“, 187.)</Unicode></TextEquiv>
</TextLine>

<TextLine id="line_32">
<Coords points="368,1967 424,1967 446,1967 637,1967 659,1966 718,1966 741,1965 950,1965 971,1965 1011,1965 1031,1965 1156,1965 1177,1972 1271,1972 1292,1972 1358,1972 1373,1965 1498,1965 1498,1995 1373,1995 1358,1995 1292,1995 1271,2002 1177,2002 1156,2002 1031,2002 1011,1994 971,1994 950,2004 741,2004 718,1996 659,1996 637,2005 446,2005 424,1998 368,1998 368,1967"/>
<Baseline points="368,1998 424,1998 446,2005 637,2005 659,1996 718,1996 741,2004 950,2004 971,1994 1011,1994 1031,2002 1156,2002 1177,2002 1271,2002 1292,1995 1358,1995 1373,1995 1498,1995"/>
<TextEquiv><Unicode>Am originellſten und großartigſten im Herbſte, wenn, vom Sturme</Unicode></TextEquiv>
</TextLine>

<TextLine id="line_33">
<Coords points="257,2016 418,2016 449,2016 492,2016 517,2016 642,2016 664,2014 889,2014 911,2013 1155,2013 1182,2014 1364,2014 1405,2013 1497,2013 1497,2043 1405,2043 1364,2050 1182,2050 1155,2050 911,2050 889,2052 664,2052 642,2053 517,2053 492,2045 449,2045 418,2054 257,2054 257,2016"/>
<Baseline points="257,2054 418,2054 449,2045 492,2045 517,2053 642,2053 664,2052 889,2052 911,2050 1155,2050 1182,2050 1364,2050 1405,2043 1497,2043"/>
<TextEquiv><Unicode>gepeitſcht, die ſpirigen abgebrochenen Pflanzenleichen dahinjagen. Dann</Unicode></TextEquiv>
</TextLine>

<TextLine id="line_34">
<Coords points="256,2063 348,2063 369,2062 404,2062 425,2062 472,2062 494,2070 530,2070 550,2062 706,2062 725,2060 929,2060 950,2060 1126,2060 1154,2060 1262,2060 1283,2061 1342,2061 1364,2060 1497,2060 1497,2097 1364,2097 1342,2089 1283,2089 1262,2096 1154,2096 1126,2096 950,2096 929,2098 725,2098 706,2099 550,2099 530,2098 494,2098 472,2099 425,2099 404,2098 369,2098 348,2093 256,2093 256,2063"/>
<Baseline points="256,2093 348,2093 369,2098 404,2098 425,2099 472,2099 494,2098 530,2098 550,2099 706,2099 725,2098 929,2098 950,2096 1126,2096 1154,2096 1262,2096 1283,2089 1342,2089 1364,2097 1497,2097"/>
<TextEquiv><Unicode>rollen ſie ſich zu mächtigen Kugelformen zuſammen, hüpfen und ſpringen</Unicode></TextEquiv>
</TextLine>

<TextLine id="line_35">
<Coords points="257,2110 288,2110 309,2110 411,2110 430,2109 490,2109 513,2108 621,2108 643,2108 779,2108 800,2108 871,2108 897,2107 940,2107 967,2106 1100,2106 1123,2106 1213,2106 1235,2106 1330,2106 1351,2108 1433,2108 1455,2106 1497,2106 1497,2136 1455,2136 1433,2143 1351,2143 1330,2144 1235,2144 1213,2142 1123,2142 1100,2143 967,2143 940,2135 897,2135 871,2137 800,2137 779,2146 643,2146 621,2145 513,2145 490,2138 430,2138 411,2146 309,2146 288,2139 257,2139 257,2110"/>
<Baseline points="257,2139 288,2139 309,2146 411,2146 430,2138 490,2138 513,2145 621,2145 643,2146 779,2146 800,2137 871,2137 897,2135 940,2135 967,2143 1100,2143 1123,2142 1213,2142 1235,2144 1330,2144 1351,2143 1433,2143 1455,2136 1497,2136"/>
<TextEquiv><Unicode>in kurzen und großen Abſätzen über die ſchwarze Erde, welche durch die</Unicode></TextEquiv>
</TextLine>

<TextLine id="line_36">
<Coords points="257,2155 453,2155 483,2155 513,2155 545,2155 697,2155 728,2154 804,2154 835,2154 919,2154 967,2152 1010,2152 1042,2153 1073,2153 1103,2153 1149,2153 1181,2155 1294,2155 1323,2155 1496,2155 1496,2191 1323,2191 1294,2190 1181,2190 1149,2182 1103,2182 1073,2187 1042,2187 1010,2182 967,2182 919,2189 835,2189 804,2191 728,2191 697,2193 545,2193 513,2185 483,2185 453,2193 257,2193 257,2155"/>
<Baseline points="257,2193 453,2193 483,2185 513,2185 545,2193 697,2193 728,2191 804,2191 835,2189 919,2189 967,2182 1010,2182 1042,2187 1073,2187 1103,2182 1149,2182 1181,2190 1294,2190 1323,2191 1496,2191"/>
<TextEquiv><Unicode>Sonnenhitze in unzählige Riſſe barſt. Es iſt ein wahrer Hexentanz.</Unicode></TextEquiv>
</TextLine>

<TextLine id="line_37">
<Coords points="256,2202 338,2202 358,2203 399,2203 418,2202 624,2202 645,2202 756,2202 776,2203 825,2203 847,2200 1107,2200 1135,2209 1181,2209 1207,2201 1399,2201 1427,2202 1497,2202 1497,2236 1427,2236 1399,2240 1207,2240 1181,2231 1135,2231 1107,2237 847,2237 825,2232 776,2232 756,2233 645,2233 624,2240 418,2240 399,2233 358,2233 338,2240 256,2240 256,2202"/>
<Baseline points="256,2240 338,2240 358,2233 399,2233 418,2240 624,2240 645,2233 756,2233 776,2232 825,2232 847,2237 1107,2237 1135,2231 1181,2231 1207,2240 1399,2240 1427,2236 1497,2236"/>
<TextEquiv><Unicode>Nicht im unheimlichen Dunkel der Waldeinſamkeit, am Unkenteiche, nicht</Unicode></TextEquiv>
</TextLine>

<TextLine id="line_38">
<Coords points="256,2249 297,2249 317,2250 505,2250 525,2251 576,2251 598,2249 737,2249 758,2250 838,2250 866,2249 921,2249 953,2247 1118,2247 1139,2249 1335,2249 1377,2250 1444,2250 1466,2247 1496,2247 1496,2282 1466,2282 1444,2279 1377,2279 1335,2280 1139,2280 1118,2286 953,2286 921,2278 866,2278 838,2287 758,2287 737,2280 598,2280 576,2280 525,2280 505,2287 317,2287 297,2279 256,2279 256,2249"/>
<Baseline points="256,2279 297,2279 317,2287 505,2287 525,2280 576,2280 598,2280 737,2280 758,2287 838,2287 866,2278 921,2278 953,2286 1118,2286 1139,2280 1335,2280 1377,2279 1444,2279 1466,2282 1496,2282"/>
<TextEquiv><Unicode>im Felſenreiche des Brockens ſpielt das großartige Naturballet. Das iſt</Unicode></TextEquiv>
</TextLine>

<TextLine id="line_39">
<Coords points="253,2294 340,2294 362,2297 418,2297 438,2305 474,2305 495,2305 556,2305 597,2296 655,2296 676,2297 838,2297 854,2295 964,2295 986,2296 1040,2296 1063,2297 1115,2297 1137,2295 1239,2295 1260,2298 1319,2298 1342,2297 1391,2297 1411,2302 1496,2302 1496,2326 1411,2326 1391,2326 1342,2326 1319,2327 1260,2327 1239,2328 1137,2328 1115,2326 1063,2326 1040,2332 986,2332 964,2333 854,2333 838,2333 676,2333 655,2327 597,2327 556,2335 495,2335 474,2335 438,2335 418,2327 362,2327 340,2326 253,2326 253,2294"/>
<Baseline points="253,2326 340,2326 362,2327 418,2327 438,2335 474,2335 495,2335 556,2335 597,2327 655,2327 676,2333 838,2333 854,2333 964,2333 986,2332 1040,2332 1063,2326 1115,2326 1137,2328 1239,2328 1260,2327 1319,2327 1342,2326 1391,2326 1411,2326 1496,2326"/>
<TextEquiv><Unicode>Alles viel zu eng. Die unendliche Steppe lieh den Boden und der uner-</Unicode></TextEquiv>
</TextLine>

<TextLine id="line_40">
<Coords points="256,2342 386,2342 406,2344 529,2344 551,2346 649,2346 675,2354 727,2354 748,2344 932,2344 954,2342 1086,2342 1129,2344 1255,2344 1278,2354 1303,2354 1326,2354 1351,2354 1373,2345 1420,2345 1438,2341 1497,2341 1497,2376 1438,2376 1420,2381 1373,2381 1351,2375 1326,2375 1303,2375 1278,2375 1255,2382 1129,2382 1086,2380 954,2380 932,2382 748,2382 727,2383 675,2383 649,2376 551,2376 529,2381 406,2381 386,2380 256,2380 256,2342"/>
<Baseline points="256,2380 386,2380 406,2381 529,2381 551,2376 649,2376 675,2383 727,2383 748,2382 932,2382 954,2380 1086,2380 1129,2382 1255,2382 1278,2375 1303,2375 1326,2375 1351,2375 1373,2381 1420,2381 1438,2376 1497,2376"/>
<TextEquiv><Unicode>meßliche Himmel wurde zur beweglichen Couliſſe. (Radde, a. a. O., 29,)</Unicode></TextEquiv>
</TextLine>

</TextRegion>
</Page>
</PcGts>