1600 2631
710 187 1070 220 Van und die Kurden.
270 284 1472 334 Kriegern in dieſem kleinen Paradieſe einige Raſttage geſtattete.
269 341 1506 389 Nach neueren Reiſenden ſoll indeß der hieſige Wein unſchmackhaft
268 397 1506 445 ſein. Geſchätzter iſt heute noch die Tabakpflanze, die an den
269 453 1507 500 feuchten Ufern des Kara-Su, einem Nebenfluſſe des Eufrat, gedeiht
269 510 1507 556 und deren Blätter ſogar bis Conſtantinopel verſendet werden
271 565 1507 612 ſollen. Maleriſcher, als die Stadt ſelbſt liegen einzelne alte
273 621 1508 668 Kurdenburgen, früher die Wohnſitze einheimiſcher Feudalherren,
271 678 1508 724 heute von den Unter-Statthaltern der Pforte als Amtsſitze
277 734 543 780 benutzt …
369 789 1508 835 Wenn wir unſeren Weg gerade nach Oſten verfolgen würden,
271 845 1508 892 ſo träfen wir das Ende der Ebene dort, wo ſich der gewaltige
272 901 1506 949 Nimrod-Dagh (10,000 Fuß) quer vorlegt. Von ſeinen Schnee-
273 959 1509 1007 wipfeln fallen die Oſtlehnen unmittelbar zum Van-See ab, deſſen
274 1016 1509 1063 dunkelblaue Fläche nach allen Richtungen hin die Bergrieſen
275 1073 1510 1119 ſeiner Ufer-Umrahmung widerſpiegelt. Wir folgen indeß dem
274 1128 1510 1175 herkömmlichen Karawanenwege, der uns, nach Ueberſetzung einer
273 1185 1511 1234 ziemlich hohen Waſſerſcheide in die Gebirgsſchlucht bringt, in
275 1242 1510 1291 welcher die Kurdenſtadt Bitlis liegt. Sie iſt winkelig, wie die
275 1299 1511 1346 meiſten ihrer Art, doch gibt es hier meiſtens ſolide ſteinerne
276 1355 1512 1402 Häuſer und die Straßen ſind gepflaſtert. Auch eine alte Burg
267 194 313 228 96
386 1488 1032 1526 Wilbraham, „Trav. in Transcaucasia.“
386 1535 1512 1574 Die Armenier haben in Muſch mehrere Kirchen, von denen die der
278 1582 1511 1624 „Vierzig Stufen“ — Keuch Vedavend — dreizehn Jahrhunderte alt ſein
278 1631 1513 1671 ſoll. In ihrem Beſitze befindet ſich auch ein uraltes Pergament, das neue
276 1679 1512 1719 Teſtament enthaltend, in allerlei Lumpen gehüllt, ohne aber augenſchein-
275 1725 1514 1765 lich je geleſen zu werden, nicht einmal von den Prieſtern. (Southgate, bei
277 1773 1514 1813 Ritter, „Erdkunde“, X, 677.) Die Kurden bewohnen nicht ſelbſt die
277 1821 1514 1861 Stadt, drängen ſich aber mit Vorliebe, nachdem ſie die warme Jahreszeit
279 1869 1514 1908 hindurch die Landſchaften ringsum heimgeſucht haben, in dieſelbe, um
278 1916 1513 1956 gegen eine Taxe, „Kiſchlak Para“, zum Leidweſen der Bewohner Winter-
278 1964 1515 2017 quartiere zu beziehen. Immer bewaffnet, mit Speer, Flinte und rundem
278 2011 985 2052 Schild, ſind ſie ſehr unwillkommene Gäſte.
396 2060 1514 2099 Nach Southgate ein ſaraceniſcher mit arabiſchen Inſchriften ver-
277 2106 1516 2146 ſehener Bau. Bitlis war während der großen Kurden-Rebellionen der
277 2149 1514 2194 politiſche Mittelpunkt der Bewegung, bis Hafiz Paſcha von Diarbekr in
278 2200 1515 2241 jenen Gebirgsgauen gründlich aufgeräumt hatte. Die Stadt ſteht überdies
280 2246 1517 2287 auch in hohem Anſehen bei den Osmanen, welche deren Alter bis auf
278 2293 1514 2337 Isfendiar oder Dulkarmenien zurückführen, eine Annahme, die wir auch
280 2342 1516 2384 anderwärts in Türkiſch-Aſien, ſo zu Amaſia, wiederkehren ſehen. (Siehe
280 2388 715 2432 Anhang unter „Amaſia“.
