1600 2631
88 269 1329 320 anatoliſchen Randketten Tſchamly-Bol-, Iyldiz- und Köſch-Dagh
88 324 1328 376 inbegriffen, jene ſtufenförmige Erhebung, die ſo glücklich mit
88 382 1329 432 einem dreifachen Feſtungsglacis verglichen worden iſt . Der
88 436 1328 487 Waldreichthum dieſer Gebirge iſt namentlich in den öſtlichen
86 492 1328 544 Gliedern groß und beſteht beſonders in Buchen, Fichten und
85 548 1329 598 Ulmen. Ganz unvergleichlich anders entfaltet ſich aber die Natur
85 606 1328 656 am Nordhange der pontiſch-armeniſchen Küſten- und Randgebirge,
85 660 1328 709 deren gewaltige Gipfel ſtellenweiſe noch immer eine impoſante
82 714 1327 764 Höhe erreichen. Wir haben der geographiſchen Situation hier-
84 769 1326 818 ſelbſt in unſerem Abſchnitte über Laziſtan gedacht und haben
85 826 1327 876 nun nur noch hinzuzuſetzen, daß der Waldreichthum ein ſehr be-
81 880 1326 929 deutender, von Forſtcultur aber keine Rede iſt. Ja viele Wälder
82 937 1322 986 ſind mit der Zeit vollends vernichtet worden . Neben den vor-
85 995 1323 1043 herrſchenden Eichen und Fichten gibt es hier auch Bux- und
81 1051 1321 1099 Lorbeerbäume, Nuß-, Feigen- und überhaupt Obſtbäume; Citronen,
79 1107 1324 1157 Granaten gedeihen allenthalben, beſonders aber Pfirſiche, Kirſchen
79 1165 1324 1213 und Haſelnüſſe, ſowie die pontiſche Rebe, welche baumartig empor-
80 1220 1321 1270 wächſt, oder als Rieſen-Liane die höchſten Stämme ſich hinan-
76 1278 1321 1327 windet, um hoch in den Lüften zu zeitigen . Aber ſchon mit
79 1332 1323 1386 dem Eintritte und Verfolge des Tſchuruk-Thales iſts mit dieſer
77 1389 1322 1441 Pracht jählings vorüber und nur wenige Meilen von der Küſte,
78 1445 1322 1497 ſüdlich der Gebirgs-Scheidewand, liegen die erſten waldarmen
80 1502 1321 1552 Hochlandſchaften, nur in den Thalmulden oaſenartig durch be-
78 1558 630 1606 ſcheidene Gartencultur belebt.
174 1617 1318 1666 Einer ganz beſonderen Erwähnung bedürfen die armeniſchen
75 1672 1320 1722 Hoch-Steppen, die auf den Plateauxflächen begreiflicherweiſe mit-
77 1731 1321 1781 unter ſehr bedeutende Strecken einnehmen. Der Begriff der
79 1787 1320 1837 Steppe war lange ein undefinirter, d. h., man konnte weder in
221 174 1204 215 Das plaſtiſche Totalbild Armeniens. — Die Hoch-Steppen.
1262 182 1329 216 123
187 1950 768 1985 v. Moltke bei Ritter, XVIII, 261.
191 1995 496 2033 Sax, a. a. O., 39.
186 2043 1318 2083 K. Koch, „Wanderungen im Orient“, II. (Auch bei Radde, a. a.
74 2087 202 2128 O., 20.)
152 2137 1317 2176 Bei Trapezunt iſt die Rebe zwar noch klein und durch das Meſſer
76 2184 1317 2224 gezähmt, auf den Höhen aber entwächſt ſie aller Zucht. Mit kleinbeerigen
76 2226 1316 2271 Trauben kriecht ſie über Felſen, ſchwingt ſich über den Erdſpalt und
75 2279 1318 2321 wuchert unbändigen Triebes noch mitten im Dornbuſch. Aber ſie buhlt
75 2325 1318 2368 umſonſt; Niemand ſtreckt bei dem Ueberfluß die Hand nach ihren ſüßen
75 2366 1142 2415 Früchten aus. (Fallmerayer, „Fragmente aus d. Orient“, 94.)
