1600 2631
757 140 1073 180 Im Ararat-Gebiet.
386 237 1526 286 In den letzten hundertfünfzig Jahren hat Kars ſünf Be-
291 296 1526 346 lagerungen erlebt, darunter zwei mit ſiegreichem Ausgange, und
291 352 1528 402 zwar 1735 gegen Nadir Schah von Perſien, der mit 100,000
293 408 1528 455 Mann und einem erdrückenden Artillerie-Park vor der Feſtung
293 464 1527 512 erſchienen war , und dann im Jahre 1807, als die ruſſiſchen
294 520 1529 568 Streitkräfte gelegentlich des perſiſchen Krieges einen Handſtreich
295 577 1529 623 auf die Feſtung verſuchten. Dafür iſt ſie in den drei folgenden
296 632 1529 680 Belagerungen unterlegen, und zwar 1828 nach kaum vier Tagen,
297 687 1530 734 1855 nach einer regelrechten ſechsmonatlichen Belagerung und
296 743 1532 790 neueſtens durch Sturm und Handſtreich zugleich, deren Details
296 799 1531 845 bereits in den „Einleitenden Bemerkungen“ berührt wurden.
297 855 1532 904 Als die Ruſſen unter Marſchall Paskiewitſch-Eriwanski vor Kars
298 913 1533 960 erſchienen, befand ſich daſſelbe in nahezu gleichem Zuſtande, wie
299 970 1533 1018 hundert Jahre vorher unter Nadir Schah. Von Außenwerken
300 1027 1533 1074 gab es auch nicht eine Spur, und ſo mußte es den Angreifern
300 1082 1535 1129 ein Leichtes ſein, ſich in unmittelbarer Nähe des Platzes, auf
299 1137 1531 1185 dem dominirenden linken Ufer des Karsfluſſes, der Citadelle gegen-
299 1196 1534 1243 über feſtzuſetzen (zwiſchen dem heutigen Werke Veli-Paſcha-Tabia
301 1252 1535 1300 und der Vorſtadt Temur-Paſcha) und den eigentlichen Haupt-
302 1309 1536 1357 angriff von Süden her kräftigſt zu unterſtützen. Die Angreifer
302 1365 1537 1414 hatten ſich eheſtens in der, hart an die Feſtung im Süden an-
302 1423 1538 1471 ſchließende Vorſtadt Orta-Kapu feſtgeſetzt, ſodann Breſche in die
303 1479 1535 1528 alte Wallmauer gelegt und in der Feſtung ſelbſt eingeniſtet.
304 1537 1539 1586 Auf die Citadelle beſchränkt, willigte der Kommandant äußerſt
303 1595 1538 1645 vorſchnell in die ruſſiſcherſeits von ihm verlangte Kapitulation
304 1652 1540 1702 ein, die auch am 23. Juni, olſo nur acht Tage nach Ueberſchrei-
304 1709 1540 1760 tung des Arpatſchai erfolgte, in dem Augenblicke, als das Entſatz-
307 1766 1540 1817 heer des Kioſſa Mehemet Paſcha in der Ebene von Kars in
307 1823 1541 1873 Sicht kam. Die ganze Garniſon, bei 10,000 Mann, nebſt 150
307 1880 1460 1930 Stück ſchweren Geſchützes fielen in die Hände des Siegers.
404 1946 1541 1996 Im Jahre 1855 ſpielten ſich die Ereigniſſe ſchon weſentlich
309 2005 1544 2053 anders ab, ja ſie beſitzen eine gewiſſe Aehnlichkeit mit denen des
309 2060 1544 2110 letzten Krieges. Der Cernirung und Belagerung von Kars ging
310 2116 1543 2166 damals die mörderiſche Schlacht von Kurukdara voran, die ſich
294 148 337 183 14
422 2249 1297 2291 Hammer-Purgſtall, „Geſch. d. o. Reiches“, VIII, 56.
422 2297 1545 2338 O. R. Chesney, „Die ruſſiſch-türkiſchen Feldzüge 1828—1829“, 147.
1327 2346 1469 2382 (Ueberſ.)
