1600 2631
261 240 1498 288 Nähe ändert ſich freilich ſo Manches zu Ungunſten des hiſtoriſch
261 296 1498 344 ſo bedeutſamen und geographiſch nicht minder wichtigen Punktes
260 352 1499 400 am armeniſch-pontiſchen Geſtade. Mit dem Einzuge durch die
260 408 1496 455 alten Thore, über hochſpannende Brücken, bis zu deren Rand
261 459 1499 511 die aus den Felsgräben heraufwuchernde Vegetation reicht, werden
252 520 1499 573 enge, winkelige Gaſſen, durch fenſterloſe Lehmmauern markirt,
262 577 1499 625 betreten und nur hin und wieder öffnen ſich durch die Haus-
262 632 1499 679 pforten ſeitliche Einblicke in die gartenähnlichen Höfe, mit ihren
261 683 1500 735 Lauſchplätzchen, Brunnenbaſſins und dem Wein- und Epheugeranke
262 745 1499 791 an den Wänden … Trapezunts Lage auf einem natürlichen,
261 801 1499 847 in Terraſſen anſteigenden Felsſchemel an der Pontusküſte war
261 857 1500 905 immerdar eine berühmte. Daß der Ort trotzdem eine nur wenig
261 915 1501 962 bewegte und keineswegs ſtürmiſche Vergangenheit hat, mag wohl
261 972 1500 1019 aus der vom großen Weltgetriebe abſeits gedrängten localen
261 1028 1501 1074 Entwickelung in ſtaatlicher und hin und wieder in cultureller
262 1084 1501 1131 Beziehung entſpringen. Im Rahmen unſerer Abhandlung erſcheint
262 1141 1500 1189 uns Trapezunt indeß nur von jenem Zeitpunkte ab beachtenswerth,
261 1199 1500 1246 wo das Schickſal dieſer Stadt durch die Invaſion der Osmanen
261 1256 1500 1303 auf viele Jahrhunderte hinaus entſchieden wurde, ein Schickſal,
260 1313 1499 1359 das mit dem gänzlichen Verfalle der einſt ſo blühenden und
261 1370 1188 1418 glänzenden Comnenen-Reſidenz gleichbedeutend iſt.
358 1427 1501 1475 Die Gründung des Trapezuntiſchen Kaiſerthums durch den
261 1485 1502 1532 Comnenen Alexis I. iſt zur Genüge bekannt. In Folge der
261 1543 1501 1590 in Byzanz ausgebrochenen Palaſtrevolutionen und des hiebei
261 1600 1501 1649 ſtattgehabten Einſchreitens der Kreuzfahrerheere, als vierjähriger
261 1657 1503 1705 Thronerbe flüchtig, verblieb Alexis bis zu ſeiner Volljährigkeit
262 1714 1501 1763 unter dem Schutze der letzten Comnenen-Sprößlinge in Colchis,
263 1772 1502 1821 worauf die Gründung des neuen Kaiſerthums, (in der beiläufigen
262 1828 1502 1878 räumlichen Ausdehnung der bisherigen türkiſchen Statthalterſchaft)
264 1885 1503 1933 erfolgte, vom colchiſchen Geſtade bis Sinope einerſeits und bis zu dem
261 1941 1502 1990 pontiſch-armeniſchen Küſtengebirge anderſeits, alſo eine Gebiets-
264 1999 1503 2047 Ausdehnung, die mit dem Begriffe eines Kaiſerthums wohl kaum
263 2057 1501 2105 in Einklang zu bringen war, zumal in der offenſiven Machtfrage.
265 2112 1502 2160 Auch ſonſt waren mit dem byzantiniſchen Sprößling alle Ge-
246 2169 1502 2218 brechen des eigentlichen Mutterſtaates auf das neugegründete
567 143 1205 183 Das pontiſch-armeniſche Geſtade-Land.
262 149 307 183 70
376 2301 1490 2342 Hammer-Purgſtall, „Geſchichte des osmaniſchen Reiches“, II, 57 u. ff.
377 2348 1411 2390 J. Ph. Fallmerayer, „Geſch. d. Kaiſerth. Trapezunt“, 63, 81.
