1600 2631
106 272 1344 320 bekr nennen — woben nämlich Tradition und Legende Wunder-
102 330 1342 378 bares und Geheimnißvolles in Hülle und Fülle, und obgleich
102 387 1342 435 kurz vorher Merwan die feſte Stadt den Arabern weggenommen
102 443 1343 491 hatte, ſo galt ſie dennoch als die widerſtandskräftigſte des ganzen
101 499 1342 551 mohammedaniſchen Orients, wenn nicht gar als uneinnehmbar.
102 555 1344 603 Man ſchrieb ihr ein Alter von 4000 Jahren zu und die confuſe
103 612 1343 658 orientaliſche Geſchichtsſchreibung hat es glücklich dahin gebracht,
100 667 1343 714 daß wir heute völlig unorientirt über die Zeit der Gründung
100 722 1343 768 ſind, da ſeitdem beharrlich an der gänzlich unverbürgten Sage
99 777 1343 825 feſtgehalten wurde, wie ſie die Perſer colportiren, nämlich an der
101 832 1341 881 Gründung durch die Fürſtentochter Amid . Den Namen Diar-
99 890 1338 938 bekr (Land des Bekr) hat ſie erſt von den Arabern bekommen .
100 947 1341 995 Noch heute iſt der Anblick der Stadt impoſant, wenngleich nicht
102 1004 1341 1052 ohne düſteren Eindruck. Die gewaltigen Baſaltmauern der
101 1061 1340 1109 Feſtung und ihre viereckigen Thürme thronen muthmaßlich ſeit
99 1118 1340 1165 ihrer erſten Anlage noch immer unzerſtört auf hoher Uferſtufe,
100 1173 1339 1221 an der der pfeilſchnelle Tigris vorüberſtrömt. Die Mauern ſind
99 1231 1340 1279 aus rieſigen Quaderblöcken aufgeführt . Temur, der auf ſeinem
98 1289 1338 1338 Zuge kurz vorher die Wälle von Bagdad in Trümmer gelegt
99 1347 1339 1396 hatte und dem die Thore Moſuls freiwillig ſich öffneten, nahm
98 1404 1337 1452 auch Diarbekr mit Sturm, indem er die oberſte Quaderlage ein-
97 1462 1338 1509 reißen ließ, was kaum für eine energiſche Vertheidigung der
97 1518 1336 1566 Stadt ſpricht, die damals noch die Turkmenen-Dynaſtie der Orto-
98 1574 1337 1623 kiden in Händen hatte. Der häufige Beſitzwechſel der Stadt
96 1631 1336 1681 kann uns indeß nicht weiter beſchäftigen, für uns genügt, daß
95 1688 1336 1736 die Stadt bereits ſeit dem Jahre 1085 nicht mehr kurdiſch war,
95 1747 1335 1797 daß ſie aber 1515 den Perſern durch den Eroberer Syriens und
97 1806 1336 1855 Egyptens, Selim I., den die Geſchichte berechtigterweiſe den
290 176 1157 215 Zur älteren Kurdengeſchichte. — Diarbekr. Selim I.
1277 180 1344 213 107
205 1947 543 1982 Otter, Voy. II, 273.
207 2002 1334 2045 Die Araber theilten urſprünglich Meſopotamien nach drei Stamm-
96 2052 1335 2093 vätern in ebenſoviele Theile oder Landſchaften (Diar). Dieſe drei waren
96 2097 1334 2139 die beiden Söhne Neſars, die Rebia und Maſar hießen, und Bekr, dem
97 2143 1332 2187 Sohne Wails. Bekr ließ ſich im nördlichſten Theile Meſopotamiens nieder,
96 2191 1332 2233 dem Gebirgslande, das nach ihm den Namen erhielt. (Vgl. Hammer-
96 2237 949 2281 Purgſtall, „Geſch. d. osm. Reiches“, II, 455 u. ff.)
211 2298 1333 2339 Ueber die heutige Stadt Ausführliches in unſerer Schrift: „Die
99 2343 1331 2390 Gebiete des Eufrat und Tigris ꝛc.“, Petermanns Mittheilungen, Ergänzhft.
96 2389 409 2431 Nr. 45, S. 20, 21.
