1600 2631
623 198 1204 236 Ueberblick auf Geſammt-Armenien.
288 301 1534 353 gemeine Uebervortheilung, oder gar der offene Betrug waren,
288 357 1534 408 welche den Armeniern zu ihren Reichthümern verhalfen. Rührigkeit
292 414 1533 461 mit einer, nicht ſelten in abſcheulichſten Geiz übergehenden Spar-
288 469 1534 518 ſamkeit hoben ſie von Stufe zu Stufe, zumal außerhalb des
288 526 1533 573 Mutterlandes, wo der armeniſche Geſchäftsgeiſt gegenüber anderen
289 582 1149 629 Völkern beſſer zur Geltung kommen mußte .
386 637 1534 683 Der Dämon des Goldes füllt freilich auch alle Träume
287 693 1533 739 der Armenierin aus, und es iſt in türkiſchen Ländern eine bekannte
286 749 1532 797 Thatſache, wie weit ſich in dieſer Richtung ehrloſe Mütter ver-
286 804 1533 851 irren und mehr noch als die griechiſchen Matronen die Reize
286 861 1529 910 ihrer Töchter zu einer abſcheulichen Privatſpeculation mißbrauchen.
286 917 1531 965 Das macht Alles, wie geſagt, die mangelhafte Erziehung, die
286 974 1532 1025 geringe Werthſchätzung des Weibes im Allgemeinen, und der
283 1032 1537 1081 fühlbare Bildungsmangel unter dem männlichen Theile der
289 1090 550 1135 Bevölkerung .
290 204 361 237 140
286 1208 1532 1250 waren die Tage des Letzteren in der Regel gezählt. Auf den Grabſteinen
285 1257 1532 1297 dieſer Opfer der Habſucht lieſt man aber zu Stambul heute noch die er-
285 1304 1531 1343 baulichſten Dinge, wie: „Hier ruhen die ſterblichen Ueberreſte von Erganyan
286 1350 1533 1389 Aretin, Banquier der hohen Pforte. Seine Tugenden waren ſtrahlend
287 1397 1532 1437 wie Gold; ſeine Mildthätigkeit fand keine Grenzen und ſein Wort war
287 1445 1531 1486 unverletzlich. Er verabſchiedete ſich von ſeinen Getreuen und Lieben am
286 1486 1531 1534 7. Juli 1795, vertrauend auf Gottes Gnade und die Hand ſegnend, die
287 1541 1531 1582 ihm das Paradies erſchloß.“ Da darüber das Bild eines Enthaupteten
285 1587 1529 1631 dargeſtellt iſt, ſo wird man begreifen, wie wenig dieſe Beförderung in die
284 1636 1530 1678 Herrlichkeiten des Jenſeits im Geſchmacke des Juſtificirten geweſen ſein
283 1684 1530 1726 mag. Auf der Ruheſtätte eines gewiſſen Azmavorian (im Friedhofe zu
285 1731 1529 1773 Pera) iſt das Bild eines Gehängten angebracht, mit der ſchönen Unterſchrift:
285 1779 1528 1821 „Engel ſtreckten nach ihm ihre Hände, als der kaiſerliche Wille ſeine Func-
285 1826 1530 1867 tionen (als Director der Münze) für beendet erklärte.“ (White, „Three
284 1874 954 1916 years in Constantinople“, I, 104 u. ff.)
396 1921 1530 1964 Dies gilt namentlich von der Colonie Neu-Dſchulfa bei Ispahan,
285 1969 1528 2011 wo die Afghanen, nach Uebergabe der Stadt durch den feigen Schah Huſſein,
284 2017 1529 2058 eine ſehr bedeutende Beute an koſtbaren Schätzen machten, die für die
284 2065 1528 2104 Betroffenen freilich leichter zu verſchmerzen geweſen wären, als die 60
284 2111 1528 2153 ſchönſten Jungfrauen, die ſie dem brutalen Sieger ausliefern mußten. (Ver-
284 2160 1052 2201 gleiche Malcolm, „Geſch. v. Perſien,“ I, 437.)
394 2205 1527 2246 Eine erfreuliche Ausnahme hievon machen beiſpielsweiſe die Beſtre-
283 2254 1525 2296 bungen der armeniſchen Colonie zu Smyrna und die geiſtige Bewegung
284 2301 1527 2342 welche ſich neuerdings unter den Armeniern Conſtantinopels geltend macht.
284 2348 1527 2390 Dort hat der Gedanke, das nationale Element der Erziehung zu heben
284 2398 1527 2438 und zu fördern, beſonders in der jüngeren Generation, kräftige Anregung
