<?xml version="1.0" encoding="UTF-8"?>
<PcGts xmlns="http://schema.primaresearch.org/PAGE/gts/pagecontent/2019-07-15" xmlns:xsi="http://www.w3.org/2001/XMLSchema-instance" xsi:schemaLocation="http://schema.primaresearch.org/PAGE/gts/pagecontent/2019-07-15 http://schema.primaresearch.org/PAGE/gts/pagecontent/2019-07-15/pagecontent.xsd">
<Metadata>
<Creator>regJS2PAGE.py</Creator>
<Created>2021-02-16T11:07:38.472381</Created>
<LastChange>2021-02-16T11:07:38.472381</LastChange>
</Metadata>
<Page imageFilename="tmp/schweiger_armenien_1878_0064.png" imageWidth="1600" imageHeight="2631">
<TextRegion id="block_0" custom="structure {type:header;}">
<Coords points="777,204 777,240 1090,240 1090,204 777,204"/>
<TextLine id="line_0">
<Coords points="777,204 832,204 853,204 1090,204 1090,237 853,237 832,240 777,240 777,204"/>
<Baseline points="777,240 832,240 853,237 1090,237"/>
<TextEquiv><Unicode>Im Ararat-Gebiet.</Unicode></TextEquiv>
</TextLine>

</TextRegion>
<TextRegion id="block_1" custom="structure {type:body;}">
<Coords points="307,300 307,349 307,356 307,407 307,412 307,462 309,467 309,516 310,523 310,574 308,580 308,629 309,634 309,685 310,691 310,740 309,745 309,793 311,802 311,852 309,859 309,909 311,916 311,965 312,974 312,1022 309,1031 309,1078 310,1085 310,1136 311,1142 311,1190 311,1200 311,1247 311,1257 311,1305 311,1314 408,1314 408,1363 408,1371 315,1371 315,1419 314,1427 314,1475 314,1484 314,1533 313,1542 313,1592 314,1600 314,1649 315,1659 315,1707 314,1716 314,1764 305,1773 305,1820 314,1830 314,1877 314,1886 314,1932 313,1943 313,1991 313,2000 313,2048 304,2055 304,2104 315,2113 315,2160 314,2170 314,2217 1550,2217 1550,2170 1550,2160 1550,2113 1550,2104 1550,2055 1550,2048 1550,2000 1547,1991 1547,1943 1549,1932 1549,1886 1550,1877 1550,1830 1548,1820 1548,1773 1549,1764 1549,1716 1562,1707 1562,1659 1544,1649 1544,1600 1548,1592 1548,1542 1547,1533 1547,1484 1547,1475 1547,1427 1545,1419 1545,1371 1549,1363 1549,1314 1441,1314 1441,1305 1441,1257 1549,1257 1549,1247 1549,1200 1548,1190 1548,1142 1548,1136 1548,1085 1548,1078 1548,1031 1548,1022 1548,974 1548,965 1548,916 1548,909 1548,859 1547,852 1547,802 1547,793 1547,745 1545,740 1545,691 1545,685 1545,634 1545,629 1545,580 1546,574 1546,523 1545,516 1545,467 1544,462 1544,412 1545,407 1545,356 1544,349 1544,300 307,300"/>
<TextLine id="line_1">
<Coords points="307,303 343,303 367,303 451,303 477,311 579,311 606,301 749,301 775,300 849,300 876,300 1012,300 1039,303 1078,303 1105,308 1187,308 1213,315 1267,315 1292,304 1341,304 1360,305 1463,305 1489,307 1544,307 1544,341 1489,341 1463,341 1360,341 1341,340 1292,340 1267,339 1213,339 1187,339 1105,339 1078,346 1039,346 1012,346 876,346 849,345 775,345 749,342 606,342 579,347 477,347 451,348 367,348 343,349 307,349 307,303"/>
<Baseline points="307,349 343,349 367,348 451,348 477,347 579,347 606,342 749,342 775,345 849,345 876,346 1012,346 1039,346 1078,346 1105,339 1187,339 1213,339 1267,339 1292,340 1341,340 1360,341 1463,341 1489,341 1544,341"/>
<TextEquiv><Unicode>iſt nicht genau bekannt, doch ſcheinen ſie etwa um die Mitte des</Unicode></TextEquiv>
</TextLine>

<TextLine id="line_2">
<Coords points="307,359 428,359 453,356 704,356 731,367 763,367 791,356 872,356 899,357 1068,357 1096,360 1247,360 1280,372 1382,372 1408,362 1545,362 1545,407 1408,407 1382,406 1280,406 1247,405 1096,405 1068,403 899,403 872,401 791,401 763,392 731,392 704,402 453,402 428,395 307,395 307,359"/>
<Baseline points="307,395 428,395 453,402 704,402 731,392 763,392 791,401 872,401 899,403 1068,403 1096,405 1247,405 1280,406 1382,406 1408,407 1545,407"/>
<TextEquiv><Unicode>dritten Jahrhunderts n. Chr. immerhin zahlreich genug geweſen</Unicode></TextEquiv>
</TextLine>

<TextLine id="line_3">
<Coords points="307,425 346,425 364,414 438,414 465,413 549,413 569,413 623,413 642,423 680,423 699,412 797,412 808,412 890,412 907,412 961,412 979,415 1165,415 1184,416 1289,416 1308,417 1476,417 1494,418 1544,418 1544,452 1494,452 1476,453 1308,453 1289,462 1184,462 1165,458 979,458 961,448 907,448 890,457 808,457 797,456 699,456 680,457 642,457 623,448 569,448 549,448 465,448 438,458 364,458 346,459 307,459 307,425"/>
<Baseline points="307,459 346,459 364,458 438,458 465,448 549,448 569,448 623,448 642,457 680,457 699,456 797,456 808,457 890,457 907,448 961,448 979,458 1165,458 1184,462 1289,462 1308,453 1476,453 1494,452 1544,452"/>
<TextEquiv><Unicode>zu ſein, denn als zu dieſer Zeit der armeniſche König Tiridates II.</Unicode></TextEquiv>
</TextLine>

<TextLine id="line_4">
<Coords points="309,469 401,469 434,468 495,468 530,467 685,467 720,468 776,468 810,469 933,469 968,469 1027,469 1059,469 1174,469 1210,472 1309,472 1346,475 1451,475 1486,474 1545,474 1545,510 1486,510 1451,509 1346,509 1309,516 1210,516 1174,514 1059,514 1027,504 968,504 933,503 810,503 776,504 720,504 685,512 530,512 495,504 434,504 401,513 309,513 309,469"/>
<Baseline points="309,513 401,513 434,504 495,504 530,512 685,512 720,504 776,504 810,503 933,503 968,504 1027,504 1059,514 1174,514 1210,516 1309,516 1346,509 1451,509 1486,510 1545,510"/>
<TextEquiv><Unicode>durch den Beiſtand der Römer den Thron ſeiner Väter den</Unicode></TextEquiv>
</TextLine>

<TextLine id="line_5">
<Coords points="310,524 512,524 538,524 652,524 678,523 839,523 875,524 978,524 1012,525 1067,525 1096,526 1254,526 1294,530 1351,530 1375,530 1424,530 1450,531 1546,531 1546,566 1450,566 1424,565 1375,565 1351,574 1294,574 1254,563 1096,563 1067,569 1012,569 978,569 875,569 839,568 678,568 652,560 538,560 512,569 310,569 310,524"/>
<Baseline points="310,569 512,569 538,560 652,560 678,568 839,568 875,569 978,569 1012,569 1067,569 1096,563 1254,563 1294,574 1351,574 1375,565 1424,565 1450,566 1546,566"/>
<TextEquiv><Unicode>Saſſaniden wieder abnahm, ſchlug ſich Mamkon auf die Seite</Unicode></TextEquiv>
</TextLine>

<TextLine id="line_6">
<Coords points="308,581 366,581 393,580 536,580 571,581 677,581 704,591 737,591 762,581 816,581 843,580 996,580 1023,581 1092,581 1118,581 1171,581 1198,583 1253,583 1281,586 1345,586 1371,586 1452,586 1478,588 1545,588 1545,622 1478,622 1452,629 1371,629 1345,620 1281,620 1253,626 1198,626 1171,626 1118,626 1092,625 1023,625 996,625 843,625 816,616 762,616 737,616 704,616 677,625 571,625 536,624 393,624 366,616 308,616 308,581"/>
<Baseline points="308,616 366,616 393,624 536,624 571,625 677,625 704,616 737,616 762,616 816,616 843,625 996,625 1023,625 1092,625 1118,626 1171,626 1198,626 1253,626 1281,620 1345,620 1371,629 1452,629 1478,622 1545,622"/>
<TextEquiv><Unicode>des Königs, wofür er als erblichen Sitz für ſich und ſeine An-</Unicode></TextEquiv>
</TextLine>

<TextLine id="line_7">
<Coords points="309,635 431,635 465,634 599,634 625,637 745,637 781,635 909,635 946,636 979,636 1014,636 1159,636 1195,637 1249,637 1277,638 1470,638 1497,642 1545,642 1545,677 1497,677 1470,685 1277,685 1249,680 1195,680 1159,682 1014,682 979,672 946,672 909,680 781,680 745,671 625,671 599,681 465,681 431,680 309,680 309,635"/>
<Baseline points="309,680 431,680 465,681 599,681 625,671 745,671 781,680 909,680 946,672 979,672 1014,682 1159,682 1195,680 1249,680 1277,685 1470,685 1497,677 1545,677"/>
<TextEquiv><Unicode>hänger daſſelbe Daron erhielt, in welchem ſich bekanntlich die</Unicode></TextEquiv>
</TextLine>

<TextLine id="line_8">
<Coords points="310,692 407,692 432,691 535,691 562,692 626,692 654,692 758,692 783,692 832,692 859,691 1091,691 1118,693 1283,693 1315,696 1380,696 1408,696 1545,696 1545,740 1408,740 1380,730 1315,730 1283,735 1118,735 1091,737 859,737 832,727 783,727 758,735 654,735 626,727 562,727 535,737 432,737 407,727 310,727 310,692"/>
<Baseline points="310,727 407,727 432,737 535,737 562,727 626,727 654,735 758,735 783,727 832,727 859,737 1091,737 1118,735 1283,735 1315,730 1380,730 1408,740 1545,740"/>
<TextEquiv><Unicode>Enkel Haiks und ſpäter die Nachkommen Sarezers und Scham-</Unicode></TextEquiv>
</TextLine>

<TextLine id="line_9">
<Coords points="309,746 392,746 411,745 475,745 495,748 591,748 606,747 806,747 821,748 884,748 900,747 1119,747 1140,748 1384,748 1409,749 1547,749 1547,793 1409,793 1384,793 1140,793 1119,793 900,793 884,783 821,783 806,791 606,791 591,791 495,791 475,792 411,792 392,782 309,782 309,746"/>
<Baseline points="309,782 392,782 411,792 475,792 495,791 591,791 606,791 806,791 821,783 884,783 900,793 1119,793 1140,793 1384,793 1409,793 1547,793"/>
<TextEquiv><Unicode>bads (die erſten Ardzrunier und Bagratiden) niedergelaſſen hatten.</Unicode></TextEquiv>
</TextLine>

<TextLine id="line_10">
<Coords points="311,804 441,804 458,802 569,802 587,803 642,803 661,803 710,803 725,803 950,803 968,806 1042,806 1061,803 1151,803 1168,804 1260,804 1277,805 1390,805 1409,806 1547,806 1547,852 1409,852 1390,848 1277,848 1260,850 1168,850 1151,848 1061,848 1042,849 968,849 950,849 725,849 710,839 661,839 642,848 587,848 569,848 458,848 441,847 311,847 311,804"/>
<Baseline points="311,847 441,847 458,848 569,848 587,848 642,848 661,839 710,839 725,849 950,849 968,849 1042,849 1061,848 1151,848 1168,850 1260,850 1277,848 1390,848 1409,852 1547,852"/>
<TextEquiv><Unicode>Später thaten ſich die Mamigonier ſtets mehr durch Treue, Tapfer-</Unicode></TextEquiv>
</TextLine>

<TextLine id="line_11">
<Coords points="309,859 366,859 391,859 457,859 483,860 598,860 625,860 800,860 828,860 962,860 998,861 1143,861 1180,862 1220,862 1259,872 1297,872 1335,862 1421,862 1455,864 1548,864 1548,909 1455,909 1421,898 1335,898 1297,907 1259,907 1220,906 1180,906 1143,908 998,908 962,906 828,906 800,906 625,906 598,896 483,896 457,896 391,896 366,896 309,896 309,859"/>
<Baseline points="309,896 366,896 391,896 457,896 483,896 598,896 625,906 800,906 828,906 962,906 998,908 1143,908 1180,906 1220,906 1259,907 1297,907 1335,898 1421,898 1455,909 1548,909"/>
<TextEquiv><Unicode>keit und andere Tugenden hervor, wodurch ſie zu einer feſten</Unicode></TextEquiv>
</TextLine>

<TextLine id="line_12">
<Coords points="311,918 423,918 448,916 506,916 532,917 707,917 734,917 904,917 923,919 1134,919 1153,919 1285,919 1305,919 1446,919 1482,921 1548,921 1548,957 1482,957 1446,955 1305,955 1285,965 1153,965 1134,964 923,964 904,963 734,963 707,953 532,953 506,953 448,953 423,962 311,962 311,918"/>
<Baseline points="311,962 423,962 448,953 506,953 532,953 707,953 734,963 904,963 923,964 1134,964 1153,965 1285,965 1305,955 1446,955 1482,957 1548,957"/>
<TextEquiv><Unicode>Stütze des immerdar bedrohten armeniſchen Reiches wurden. Die</Unicode></TextEquiv>
</TextLine>

<TextLine id="line_13">
<Coords points="312,974 394,974 419,974 633,974 669,985 734,985 770,975 865,975 902,974 1048,974 1082,976 1125,976 1151,981 1291,981 1317,975 1548,975 1548,1022 1317,1022 1291,1013 1151,1013 1125,1012 1082,1012 1048,1021 902,1021 865,1021 770,1021 734,1011 669,1011 633,1021 419,1021 394,1019 312,1019 312,974"/>
<Baseline points="312,1019 394,1019 419,1021 633,1021 669,1011 734,1011 770,1021 865,1021 902,1021 1048,1021 1082,1012 1125,1012 1151,1013 1291,1013 1317,1022 1548,1022"/>
<TextEquiv><Unicode>letzte Erwähnung von ihnen geſchieht im neunten Jahrhundert</Unicode></TextEquiv>
</TextLine>

<TextLine id="line_14">
<Coords points="309,1031 374,1031 402,1039 489,1039 513,1032 548,1032 573,1031 826,1031 845,1032 1037,1032 1088,1033 1386,1033 1412,1033 1458,1033 1484,1033 1548,1033 1548,1078 1484,1078 1458,1078 1412,1078 1386,1078 1088,1078 1037,1076 845,1076 826,1077 573,1077 548,1066 513,1066 489,1075 402,1075 374,1066 309,1066 309,1031"/>
<Baseline points="309,1066 374,1066 402,1075 489,1075 513,1066 548,1066 573,1077 826,1077 845,1076 1037,1076 1088,1078 1386,1078 1412,1078 1458,1078 1484,1078 1548,1078"/>
<TextEquiv><Unicode>und zwar in byzantiniſchen Chroniken. Bemerkenswerth iſt, daß</Unicode></TextEquiv>
</TextLine>

<TextLine id="line_15">
<Coords points="310,1086 365,1086 390,1085 541,1085 576,1086 727,1086 753,1087 929,1087 965,1088 1021,1088 1049,1088 1218,1088 1229,1117 1238,1117 1274,1090 1548,1090 1548,1136 1274,1136 1238,1130 1229,1130 1218,1124 1049,1124 1021,1122 965,1122 929,1132 753,1132 727,1122 576,1122 541,1122 390,1122 365,1122 310,1122 310,1086"/>
<Baseline points="310,1122 365,1122 390,1122 541,1122 576,1122 727,1122 753,1132 929,1132 965,1122 1021,1122 1049,1124 1218,1124 1229,1130 1238,1130 1274,1136 1548,1136"/>
<TextEquiv><Unicode>der bekannte moderne Geograph der Armenier, Indſchidſchean,</Unicode></TextEquiv>
</TextLine>

<TextLine id="line_16">
<Coords points="311,1142 345,1142 381,1142 451,1142 479,1142 741,1142 768,1143 953,1143 988,1143 1038,1143 1073,1143 1177,1143 1203,1145 1294,1145 1330,1146 1385,1146 1421,1146 1548,1146 1548,1182 1421,1182 1385,1181 1330,1181 1294,1190 1203,1190 1177,1189 1073,1189 1038,1179 988,1179 953,1189 768,1189 741,1188 479,1188 451,1179 381,1179 345,1179 311,1179 311,1142"/>
<Baseline points="311,1179 345,1179 381,1179 451,1179 479,1188 741,1188 768,1189 953,1189 988,1179 1038,1179 1073,1189 1177,1189 1203,1190 1294,1190 1330,1181 1385,1181 1421,1182 1548,1182"/>
<TextEquiv><Unicode>in dem Kurdenſtamme Manekzier die letzten Reſte der Mami-</Unicode></TextEquiv>
</TextLine>

<TextLine id="line_17">
<Coords points="311,1200 424,1200 460,1200 604,1200 650,1201 746,1201 793,1201 938,1201 975,1201 1072,1201 1108,1201 1222,1201 1258,1203 1396,1203 1433,1204 1549,1204 1549,1240 1433,1240 1396,1238 1258,1238 1222,1247 1108,1247 1072,1246 975,1246 938,1247 793,1247 746,1246 650,1246 604,1236 460,1236 424,1246 311,1246 311,1200"/>
<Baseline points="311,1246 424,1246 460,1236 604,1236 650,1246 746,1246 793,1247 938,1247 975,1246 1072,1246 1108,1247 1222,1247 1258,1238 1396,1238 1433,1240 1549,1240"/>
<TextEquiv><Unicode>gonier erblicken will, wodurch dieſer ariſche Stamm wieder</Unicode></TextEquiv>
</TextLine>

<TextLine id="line_18">
<Coords points="311,1267 376,1267 401,1257 435,1257 461,1258 562,1258 588,1258 727,1258 753,1258 890,1258 918,1260 1056,1260 1083,1258 1305,1258 1332,1263 1418,1263 1435,1289 1441,1289 1441,1296 1435,1296 1418,1297 1332,1297 1305,1305 1083,1305 1056,1295 918,1295 890,1304 753,1304 727,1294 588,1294 562,1294 461,1294 435,1294 401,1294 376,1294 311,1294 311,1267"/>
<Baseline points="311,1294 376,1294 401,1294 435,1294 461,1294 562,1294 588,1294 727,1294 753,1304 890,1304 918,1295 1056,1295 1083,1305 1305,1305 1332,1297 1418,1297 1435,1296 1441,1296"/>
<TextEquiv><Unicode>nur in einem anderen ariſchen Stamm aufgegangen wäre …</Unicode></TextEquiv>
</TextLine>

<TextLine id="line_19">
<Coords points="408,1315 462,1315 488,1314 543,1314 569,1315 691,1315 710,1315 1033,1315 1052,1316 1247,1316 1275,1318 1371,1318 1398,1318 1472,1318 1499,1317 1549,1317 1549,1353 1499,1353 1472,1363 1398,1363 1371,1361 1275,1361 1247,1353 1052,1353 1033,1361 710,1361 691,1350 569,1350 543,1350 488,1350 462,1359 408,1359 408,1315"/>
<Baseline points="408,1359 462,1359 488,1350 543,1350 569,1350 691,1350 710,1361 1033,1361 1052,1353 1247,1353 1275,1361 1371,1361 1398,1363 1472,1363 1499,1353 1549,1353"/>
<TextEquiv><Unicode>In der älteren Völker-Bewegung Armeniens ſollen auch die</Unicode></TextEquiv>
</TextLine>

<TextLine id="line_20">
<Coords points="315,1371 487,1371 514,1371 582,1371 607,1371 704,1371 729,1371 858,1371 883,1371 996,1371 1047,1372 1112,1372 1138,1372 1309,1372 1344,1374 1379,1374 1410,1374 1545,1374 1545,1419 1410,1419 1379,1418 1344,1418 1309,1418 1138,1418 1112,1408 1047,1408 996,1417 883,1417 858,1417 729,1417 704,1407 607,1407 582,1407 514,1407 487,1417 315,1417 315,1371"/>
<Baseline points="315,1417 487,1417 514,1407 582,1407 607,1407 704,1407 729,1417 858,1417 883,1417 996,1417 1047,1408 1112,1408 1138,1418 1309,1418 1344,1418 1379,1418 1410,1419 1545,1419"/>
<TextEquiv><Unicode>Bulgaren eine Rolle geſpielt haben. Die Annahme iſt ziemlich</Unicode></TextEquiv>
</TextLine>

<TextLine id="line_21">
<Coords points="314,1428 468,1428 504,1427 687,1427 714,1427 842,1427 868,1429 923,1429 951,1429 1024,1429 1052,1429 1106,1429 1134,1429 1285,1429 1311,1432 1393,1432 1419,1431 1547,1431 1547,1467 1419,1467 1393,1466 1311,1466 1285,1474 1134,1474 1106,1465 1052,1465 1024,1474 951,1474 923,1475 868,1475 842,1464 714,1464 687,1474 504,1474 468,1473 314,1473 314,1428"/>
<Baseline points="314,1473 468,1473 504,1474 687,1474 714,1464 842,1464 868,1475 923,1475 951,1474 1024,1474 1052,1465 1106,1465 1134,1474 1285,1474 1311,1466 1393,1466 1419,1467 1547,1467"/>
<TextEquiv><Unicode>veraltet; gleichwohl bekennt ſich noch der Gelehrte Carl Ritter</Unicode></TextEquiv>
</TextLine>

<TextLine id="line_22">
<Coords points="314,1496 351,1496 378,1484 440,1484 466,1485 571,1485 598,1495 630,1495 655,1484 688,1484 714,1486 784,1486 810,1486 938,1486 966,1487 1069,1487 1097,1485 1232,1485 1258,1485 1318,1485 1343,1486 1398,1486 1421,1487 1547,1487 1547,1533 1421,1533 1398,1522 1343,1522 1318,1522 1258,1522 1232,1531 1097,1531 1069,1522 966,1522 938,1522 810,1522 784,1521 714,1521 688,1521 655,1521 630,1520 598,1520 571,1522 466,1522 440,1530 378,1530 351,1530 314,1530 314,1496"/>
<Baseline points="314,1530 351,1530 378,1530 440,1530 466,1522 571,1522 598,1520 630,1520 655,1521 688,1521 714,1521 784,1521 810,1522 938,1522 966,1522 1069,1522 1097,1531 1232,1531 1258,1522 1318,1522 1343,1522 1398,1522 1421,1533 1547,1533"/>
<TextEquiv><Unicode>zu ihr, indem er in dem Namen Wunt (Went), den der Führer</Unicode></TextEquiv>
</TextLine>

<TextLine id="line_23">
<Coords points="313,1543 368,1543 393,1542 594,1542 621,1543 794,1543 821,1543 947,1543 974,1543 1075,1543 1101,1544 1159,1544 1171,1572 1179,1572 1215,1543 1304,1543 1332,1545 1480,1545 1506,1556 1548,1556 1548,1581 1506,1581 1480,1592 1332,1592 1304,1581 1215,1581 1179,1587 1171,1587 1159,1589 1101,1589 1075,1589 974,1589 947,1589 821,1589 794,1590 621,1590 594,1590 393,1590 368,1580 313,1580 313,1543"/>
<Baseline points="313,1580 368,1580 393,1590 594,1590 621,1590 794,1590 821,1589 947,1589 974,1589 1075,1589 1101,1589 1159,1589 1171,1587 1179,1587 1215,1581 1304,1581 1332,1592 1480,1592 1506,1581 1548,1581"/>
<TextEquiv><Unicode>der angeblichen Bulgaren geführt haben ſoll, einen Anklang an</Unicode></TextEquiv>
</TextLine>

<TextLine id="line_24">
<Coords points="314,1601 457,1601 476,1600 646,1600 665,1602 763,1602 790,1601 855,1601 879,1602 972,1602 992,1602 1081,1602 1101,1602 1202,1602 1220,1602 1273,1602 1290,1603 1338,1603 1359,1602 1544,1602 1544,1649 1359,1649 1338,1640 1290,1640 1273,1649 1220,1649 1202,1649 1101,1649 1081,1639 992,1639 972,1638 879,1638 855,1638 790,1638 763,1648 665,1648 646,1647 476,1647 457,1638 314,1638 314,1601"/>
<Baseline points="314,1638 457,1638 476,1647 646,1647 665,1648 763,1648 790,1638 855,1638 879,1638 972,1638 992,1639 1081,1639 1101,1649 1202,1649 1220,1649 1273,1649 1290,1640 1338,1640 1359,1649 1544,1649"/>
<TextEquiv><Unicode>Wenden (Winden) findet und darin einen Beleg für die „ſlaviſche“</Unicode></TextEquiv>
</TextLine>

<TextLine id="line_25">
<Coords points="315,1659 580,1659 598,1660 631,1660 650,1659 823,1659 846,1660 976,1660 1028,1662 1106,1662 1132,1661 1230,1661 1256,1661 1375,1661 1402,1660 1562,1660 1562,1696 1402,1696 1375,1706 1256,1706 1230,1707 1132,1707 1106,1697 1028,1697 976,1697 846,1697 823,1696 650,1696 631,1696 598,1696 580,1705 315,1705 315,1659"/>
<Baseline points="315,1705 580,1705 598,1696 631,1696 650,1696 823,1696 846,1697 976,1697 1028,1697 1106,1697 1132,1707 1230,1707 1256,1706 1375,1706 1402,1696 1562,1696"/>
<TextEquiv><Unicode>Einwanderung in Armenien erblickt. Das klingt freilich wunder-</Unicode></TextEquiv>
</TextLine>

<TextLine id="line_26">
<Coords points="314,1717 370,1717 405,1728 508,1728 543,1724 619,1724 645,1717 875,1717 911,1718 966,1718 993,1718 1166,1718 1192,1718 1396,1718 1431,1717 1480,1717 1515,1716 1549,1716 1549,1753 1515,1753 1480,1753 1431,1753 1396,1763 1192,1763 1166,1754 993,1754 966,1754 911,1754 875,1763 645,1763 619,1754 543,1754 508,1764 405,1764 370,1763 314,1763 314,1717"/>
<Baseline points="314,1763 370,1763 405,1764 508,1764 543,1754 619,1754 645,1763 875,1763 911,1754 966,1754 993,1754 1166,1754 1192,1763 1396,1763 1431,1753 1480,1753 1515,1753 1549,1753"/>
<TextEquiv><Unicode>lich genug vom Standpunkte der modernen Forſchung, die in</Unicode></TextEquiv>
</TextLine>

<TextLine id="line_27">
<Coords points="305,1773 372,1773 400,1774 573,1774 600,1774 650,1774 675,1774 776,1774 803,1776 900,1776 928,1773 1122,1773 1149,1775 1320,1775 1355,1773 1548,1773 1548,1818 1355,1818 1320,1819 1149,1819 1122,1820 928,1820 900,1819 803,1819 776,1819 675,1819 650,1810 600,1810 573,1820 400,1820 372,1811 305,1811 305,1773"/>
<Baseline points="305,1811 372,1811 400,1820 573,1820 600,1810 650,1810 675,1819 776,1819 803,1819 900,1819 928,1820 1122,1820 1149,1819 1320,1819 1355,1818 1548,1818"/>
<TextEquiv><Unicode>den Bulgaren bei ihrem erſten hiſtoriſchen Auftreten bekanntlich</Unicode></TextEquiv>
</TextLine>

<TextLine id="line_28">
<Coords points="314,1830 415,1830 433,1830 571,1830 588,1830 642,1830 660,1831 805,1831 824,1830 958,1830 976,1830 1066,1830 1085,1830 1392,1830 1411,1832 1550,1832 1550,1868 1411,1868 1392,1876 1085,1876 1066,1866 976,1866 958,1875 824,1875 805,1874 660,1874 642,1866 588,1866 571,1877 433,1877 415,1876 314,1876 314,1830"/>
<Baseline points="314,1876 415,1876 433,1877 571,1877 588,1866 642,1866 660,1874 805,1874 824,1875 958,1875 976,1866 1066,1866 1085,1876 1392,1876 1411,1868 1550,1868"/>
<TextEquiv><Unicode>nichts weniger als Slaven, ſondern einen finniſch-ugriſchen Stamm</Unicode></TextEquiv>
</TextLine>

<TextLine id="line_29">
<Coords points="314,1888 450,1888 501,1889 560,1889 584,1887 633,1887 660,1886 809,1886 835,1887 1027,1887 1055,1886 1241,1886 1273,1888 1350,1888 1374,1888 1434,1888 1461,1889 1549,1889 1549,1925 1461,1925 1434,1925 1374,1925 1350,1923 1273,1923 1241,1932 1055,1932 1027,1932 835,1932 809,1932 660,1932 633,1923 584,1923 560,1924 501,1924 450,1924 314,1924 314,1888"/>
<Baseline points="314,1924 450,1924 501,1924 560,1924 584,1923 633,1923 660,1932 809,1932 835,1932 1027,1932 1055,1932 1241,1932 1273,1923 1350,1923 1374,1925 1434,1925 1461,1925 1549,1925"/>
<TextEquiv><Unicode>erkennt. Da die Skythen bekanntlich wiederholt über den Kau-</Unicode></TextEquiv>
</TextLine>

<TextLine id="line_30">
<Coords points="313,1944 406,1944 433,1945 583,1945 617,1943 682,1943 719,1944 784,1944 819,1943 879,1943 914,1944 1225,1944 1253,1945 1445,1945 1481,1954 1547,1954 1547,1981 1481,1981 1445,1991 1253,1991 1225,1990 914,1990 879,1979 819,1979 784,1978 719,1978 682,1988 617,1988 583,1991 433,1991 406,1990 313,1990 313,1944"/>
<Baseline points="313,1990 406,1990 433,1991 583,1991 617,1988 682,1988 719,1978 784,1978 819,1979 879,1979 914,1990 1225,1990 1253,1991 1445,1991 1481,1981 1547,1981"/>
<TextEquiv><Unicode>kaſus geſtiegen ſind und den vorder-aſiatiſchen Herrſchern ver-</Unicode></TextEquiv>
</TextLine>

<TextLine id="line_31">
<Coords points="313,2001 484,2001 510,2000 656,2000 682,2011 720,2011 747,2000 878,2000 904,2003 1066,2003 1103,2001 1134,2001 1171,2002 1276,2002 1312,2010 1347,2010 1380,2004 1434,2004 1463,2002 1550,2002 1550,2048 1463,2048 1434,2048 1380,2048 1347,2039 1312,2039 1276,2048 1171,2048 1134,2046 1103,2046 1066,2048 904,2048 878,2047 747,2047 720,2046 682,2046 656,2047 510,2047 484,2047 313,2047 313,2001"/>
<Baseline points="313,2047 484,2047 510,2047 656,2047 682,2046 720,2046 747,2047 878,2047 904,2048 1066,2048 1103,2046 1134,2046 1171,2048 1276,2048 1312,2039 1347,2039 1380,2048 1434,2048 1463,2048 1550,2048"/>
<TextEquiv><Unicode>ſchiedener Epochen zu ſchaffen machten, ſo dürfte es ſich wohl</Unicode></TextEquiv>
</TextLine>

<TextLine id="line_32">
<Coords points="304,2055 369,2055 395,2057 492,2057 511,2058 674,2058 700,2057 735,2057 754,2058 866,2058 892,2059 950,2059 972,2059 1146,2059 1173,2060 1312,2060 1324,2073 1333,2073 1359,2068 1423,2068 1450,2061 1550,2061 1550,2096 1450,2096 1423,2102 1359,2102 1333,2104 1324,2104 1312,2104 1173,2104 1146,2095 972,2095 950,2103 892,2103 866,2103 754,2103 735,2093 700,2093 674,2093 511,2093 492,2103 395,2103 369,2093 304,2093 304,2055"/>
<Baseline points="304,2093 369,2093 395,2103 492,2103 511,2093 674,2093 700,2093 735,2093 754,2103 866,2103 892,2103 950,2103 972,2095 1146,2095 1173,2104 1312,2104 1324,2104 1333,2104 1359,2102 1423,2102 1450,2096 1550,2096"/>
<TextEquiv><Unicode>um ſolche Elemente in Bezug auf Armenien handeln; von einem</Unicode></TextEquiv>
</TextLine>

<TextLine id="line_33">
<Coords points="315,2114 471,2114 502,2114 661,2114 697,2115 754,2115 788,2115 837,2115 863,2113 1012,2113 1039,2115 1273,2115 1299,2115 1353,2115 1381,2116 1550,2116 1550,2152 1381,2152 1353,2150 1299,2150 1273,2160 1039,2160 1012,2158 863,2158 837,2151 788,2151 754,2160 697,2160 661,2158 502,2158 471,2160 315,2160 315,2114"/>
<Baseline points="315,2160 471,2160 502,2158 661,2158 697,2160 754,2160 788,2151 837,2151 863,2158 1012,2158 1039,2160 1273,2160 1299,2150 1353,2150 1381,2152 1550,2152"/>
<TextEquiv><Unicode>Einfluſſe derſelben auf die ethniſche Entwickelung der Armenier</Unicode></TextEquiv>
</TextLine>

<TextLine id="line_34">
<Coords points="314,2170 395,2170 422,2170 498,2170 523,2175 616,2175 648,2170 766,2170 794,2171 987,2171 1023,2171 1317,2171 1354,2172 1437,2172 1464,2174 1550,2174 1550,2210 1464,2210 1437,2209 1354,2209 1317,2217 1023,2217 987,2217 794,2217 766,2216 648,2216 616,2207 523,2207 498,2207 422,2207 395,2207 314,2207 314,2170"/>
<Baseline points="314,2207 395,2207 422,2207 498,2207 523,2207 616,2207 648,2216 766,2216 794,2217 987,2217 1023,2217 1317,2217 1354,2209 1437,2209 1464,2210 1550,2210"/>
<TextEquiv><Unicode>kann aber unter ſolchen Umſtänden ſelbſtverſtändlich keine Rede</Unicode></TextEquiv>
</TextLine>

</TextRegion>
<TextRegion id="block_2" custom="structure {type:pageNum;}">
<Coords points="310,208 310,241 354,241 354,208 310,208"/>
<TextLine id="line_35">
<Coords points="310,208 354,208 354,241 310,241 310,208"/>
<Baseline points="310,241 354,241"/>
<TextEquiv><Unicode>32</Unicode></TextEquiv>
</TextLine>

</TextRegion>
<TextRegion id="block_3" custom="structure {type:note;}">
<Coords points="424,2310 424,2351 422,2359 422,2399 424,2405 424,2446 891,2446 891,2405 1132,2405 1132,2399 1132,2359 895,2359 895,2351 895,2310 424,2310"/>
<TextLine id="line_36">
<Coords points="424,2310 479,2310 499,2313 575,2313 597,2319 623,2319 645,2313 743,2313 765,2322 790,2322 813,2322 838,2322 859,2313 895,2313 895,2344 859,2344 838,2344 813,2344 790,2344 765,2344 743,2351 645,2351 623,2343 597,2343 575,2350 499,2350 479,2343 424,2343 424,2310"/>
<Baseline points="424,2343 479,2343 499,2350 575,2350 597,2343 623,2343 645,2351 743,2351 765,2344 790,2344 813,2344 838,2344 859,2344 895,2344"/>
<TextEquiv><Unicode>Bei Moſ. v. Chor., a. a. O.</Unicode></TextEquiv>
</TextLine>

<TextLine id="line_37">
<Coords points="422,2359 661,2359 682,2361 877,2361 900,2361 1132,2361 1132,2397 900,2397 877,2399 682,2399 661,2399 422,2399 422,2359"/>
<Baseline points="422,2399 661,2399 682,2399 877,2399 900,2397 1132,2397"/>
<TextEquiv><Unicode>Indſchidſchean, „Armeniſche Antiquitäten“.</Unicode></TextEquiv>
</TextLine>

<TextLine id="line_38">
<Coords points="424,2405 529,2405 550,2408 748,2408 769,2411 805,2411 826,2411 891,2411 891,2440 826,2440 805,2446 769,2446 748,2446 550,2446 529,2443 424,2443 424,2405"/>
<Baseline points="424,2443 529,2443 550,2446 748,2446 769,2446 805,2446 826,2440 891,2440"/>
<TextEquiv><Unicode>Ritter, „Erdkunde“, X, 589.</Unicode></TextEquiv>
</TextLine>

</TextRegion>
</Page>
</PcGts>