1600 2335
318 245 1432 288 Maſsgebend hierfür war die Ansicht, daſs ein derartiger Antrag
243 290 1432 333 nur dann gestellt werden würde, wenn wirklich die Gefährdung eines
243 333 1433 375 fremden Interesses vorliege, namentlich dann, wenn der Antragsteller
244 381 1216 421 auch für die Kosten der Beschränkung aufzukommen hat.
319 422 1434 467 Mangel an Kenntnis und gutem Willen, sowie Furcht vor den ent-
245 468 1436 511 stehenden Kosten lassen jedoch von diesem Antragsrechte nur selten
246 513 1436 554 Gebrauch machen, namentlich von seiten einzelner Privater. Wenn
247 558 1436 598 mehrere Grundbesitzer interessiert sind, ist es auch schwer, deren ge-
248 601 1437 643 meinschaftliches Vorgehen zu erreichen. Man hat deswegen in Preuſsen
248 645 1438 682 neben den Interessenten auch den Kommunalverbänden und der Lan-
249 691 1256 735 despolizeibehörde das Recht der Antragstellung eingeräumt.
325 733 1439 774 Die Entscheidung über diesen Antrag sowie über die Maſsregeln,
251 778 1440 820 welche in jedem einzelnen Falle anzuwenden sind, sowie über Ent-
252 823 1439 865 schädigung und Kosten erfolgt in Preuſsen durch den Kreisausschuſs,
252 869 1442 907 welcher in diesen Fällen (ebenso auch, wenn es sich um die Bildung
253 914 1443 954 von Waldgenossenschaften handelt), die Bezeichnung „Waldschutz-
254 963 513 999 gericht“ führt.
331 1002 1445 1044 Die Ausscheidung von Schutzwaldungen hat ihre Hauptbedeutung
255 1046 1445 1088 für die Privatwaldungen, weil bei diesen eine pflegliche Wirt-
256 1091 1446 1135 schaft und die Erhaltung des Waldes meist nicht durch besondere ge-
256 1136 1447 1179 setzliche Bestimmungen gesichert ist. Wo solche in ausreichendem Maſse
256 1181 1447 1223 bestehen, wie z. B. in Baden, hat man daher meist von besonderen Schutz-
258 1225 1448 1266 waldgesetzen abgesehen. Indessen ist doch die Schutzwalderklärung auch
258 1269 1449 1307 für Gemeinde- und Staatswaldungen nicht ohne Bedeutung. Allerdings
260 1313 1450 1354 kann im allgemeinen angenommen werden, daſs diese Forsten sorgfältig
243 176 297 200 232
645 173 1037 204 B. Zweiter (spezieller) Teil.
262 1387 1450 1424 igiene non potrà essere imposto che sui boschi esistenti, ed in seguito a voto conforme
264 1425 1449 1461 del Consiglio comunale o provinciale interessati e del Consiglio sanitario provinciale.
378 1464 1451 1499 Preuſsen, Gesetz vom 6. VII. 1875, § 5: Die Pflicht der Entschädigung
265 1501 1451 1538 und die Aufbringung der Kosten für Herstellung und Unterhaltung der auf Grund
265 1541 1452 1576 des § 2 angeordneten Waldkulturen und sonstigen Schutzanlagen liegt dem Antrag-
265 1583 401 1606 steller ob.
379 1612 1454 1648 Preuſsen, Gesetz vom 6. VII. 1875, § 7: Auf das Verfahren vor dem
268 1647 1454 1686 Waldschutzgerichte, auf die Berufung gegen die Entscheidung desselben und auf das
269 1684 1455 1721 Verfahren in den Berufungsinstanzen finden die gesetzlichen Vorschriften, betreffend
269 1722 1454 1759 die Verfassung der Verwaltungsgerichte und das Verwaltungsstreitverfahren, Anwen-
269 1758 1456 1796 dung. Es treten jedoch für das Verfahren vor dem Waldschutzgerichte folgende
270 1795 1456 1831 besondere Bestimmungen in Kraft: (vgl. §§ 8—16: das Waldschutzgericht trifft seine
270 1832 1456 1869 Entscheidung auf Antrag und Gutachten eines aus seiner Mitte oder eines hierzu
272 1869 1456 1905 ernannten Sachverständigen. Das von dem Kommissar entworfene Regulativ, welches
271 1905 1459 1942 die gefahrbringenden und gefährdeten Grundstücke, die notwendigen Beschränkungen
271 1940 1460 1977 in der Benutzung, die Bestimmungen über die herzustellenden Kulturen und Schutz-
273 1976 1459 2013 anlagen, dann die Entschädigungen und Kosten ersichtlich machen muſs, hat zunächst
273 2012 1461 2049 in den beteiligten Gemeinden 4 Wochen aufzuliegen, wobei die Interessenten zu
275 2049 1461 2085 etwaigen Einwendungen aufzufordern sind. Liegen solche nicht vor, so kann das
277 2085 1462 2121 Waldschutzgericht das Regulativ sofort für vollziehbar erklären, anderenfalls hat es
277 2122 1229 2156 nach vorheriger mündlicher Verhandlung Entscheidung zu treffen).
