1600 2631
520 166 1096 206 Ueberblick auf Geſammt-Armenien.
191 261 1434 317 und ſchließlich ein Jahrhundert ſpäter unter den abbaſſidiſchen
191 318 1433 371 Chalifen. Alle dieſe Reiche mit einziger Ausnahme des erſten
191 374 1433 425 perſiſchen hatten ihren Hauptſitz in der herrlichen Stromebene,
192 430 1432 484 welche das Herz Weſt-Aſiens mit ſeinen Schlagadern ausmacht.
191 486 1432 538 Dort lag die Urahnin aller Städte, Babylon, und in ſeiner
190 540 1431 595 Nähe erhob ſich ſpäter das parthiſche und ſaſſanidiſche Kteſiphon
188 597 912 645 und das arabiſch-moslemiſche Bagdad.
284 654 1430 701 Die geſchichtliche und culturhiſtoriſche Stellung Armeniens
190 710 1410 758 ergibt ſich unmittelbar aus dieſen geographiſchen Verhältniſſen;
187 766 1429 812 alle Einwirkungen und aller Einfluß kam entweder von Süden,
187 821 1429 870 oder von Oſten, als letztes Glied der Erhebungsmaſſe Mittel-
186 877 1428 929 aſiens. Die Aſſyrier hatten gar bald durch die großen Fluß-
186 936 1428 985 thäler den Weg ins rauhere armeniſche Hochland gefunden, vor-
186 991 1427 1045 erſt ins Becken von Van, ſpäter darüber hinaus, wodurch dies
190 1048 1428 1097 Territorium eheſtens in das Verhältniß eines Vaſallenſtaates
185 1104 1427 1153 zum großen Weltreiche trat. Die Plaſtik des Landes, ſowie ſeine
185 1160 1427 1210 verhältnißmäßig geringeren Hilfsquellen waren gleichwohl Anlaß,
185 1217 1425 1268 daß die Machtbeſtrebungen Aſſyriens ſich weniger gegen Norden
184 1275 1426 1328 hin bethätigten, als vielmehr gegen Nordweſten, in der Richtung
184 1330 1426 1380 über Nordſyrien zum großen Tauruszuge, hinter deſſen Päſſen
183 1387 1425 1437 das weitläufige anatoliſche Binnenland mit ſeinen ſelbſtſtändigen
183 1445 1426 1495 Reichen und ſeiner größeren Zugänglichkeit, in Folge der ſüd-
184 1503 1425 1551 lichen und weſtlichen maritimen Begrenzung, die ninivitiſchen
193 168 263 202 134
181 1617 1423 1658 That liefert dieſer Ormuzddiener Nuſchirwan den Beweis, daß ein Reich
182 1666 1426 1705 blühen und gedeihen kann, auch ohne chriſtlich oder mohammedaniſch zu
182 1713 1424 1751 ſein. Als Nuſchirwan einſt krank war, heißt es, und eine Arznei aus
180 1760 1423 1800 zerſtampften Ziegelſteinen eines zerſtörten Dorfes ſeines Reiches ihm ver-
182 1806 1422 1846 ordnet wurde, kamen die ausgeſandten Boten unverrichteter Sache wieder,
180 1852 1269 1895 denn es gab kein zerſtörtes Dorf im damaligen Saſſanidenreiche.
290 1901 1423 1942 In dieſer Reſidenz, die nachmals verlaſſen wurde, fanden die ara-
181 1948 1423 1990 biſchen Eroberer (Saad Ibn Abu Wakkaß) angeblich Schätze von ganz unglaub-
180 1997 1423 2037 lichem Werthe. Neben dem berühmten Throne war es namentlich ein
179 2045 1421 2084 coloſſaler Teppich mit buntſchimmerndem Saum, das Paradies vorſtellend,
180 2090 1422 2130 mit Blumen von Edelſteinen und goldenem Laubwerk. Man hatte das
179 2136 1423 2178 koſtbare Beuteſtück für Omar, den Chalifen, beſtimmt, dieſer aber, im
180 2184 1421 2225 Glauben, nicht Alles für ſich allein behalten zu ſollen, zerſchnitt den
179 2232 1420 2274 Teppich eigenhändig um die einzelnen Stücke zu Medina unter die Parti-
180 2280 1421 2321 ſanen des Islams zu vertheilen. Alis Theil ſoll hiebei noch immer
180 2327 1421 2369 10,000 Silberſtücke werth geweſen ſein (Vgl. Weil, „Geſchichte der Chalifen“,
178 2376 369 2414 I, a. a. O.)
