1600 2360
285 198 1528 247 tizen begleitet, während von Küster die Fische der Pegnitz- und Regnitz-
285 256 1564 296 Gewässer in einem kahlen lateinischen Namensverzeichnisse zusammengefasst
285 305 1565 347 wurden. Ein grösseres Interesse hat Rosenhauer einem anderen Fisch-
284 354 1566 394 verzeichnisse des Regnitzer Gebietes dadurch zu geben gewusst, dass er dem-
285 403 1564 442 selben die gebräuchlichsten Volksnamen und die speciellen Fundorte der von
285 453 1560 493 ihm aufgeführten Fische beigefügt hat. Einen sehr wichtigen Beitrag zur
284 503 1544 544 Fischfauna des Main-Gebietes haben wir Leiblein in Würzburg zu ver-
284 552 1552 595 danken. Ein einfaches Namensverzeichniss der Fische aus dem Gebiete der
285 599 1560 640 Stadt Frankfurt stellte Römer-Büchner zusammen. Zwei sich sehr nahe
283 652 1546 684 berührende Fischfaunen des Mittelrheins und seiner am rechten Ufer einmün-
284 698 1554 742 denden Seitengewässer sind von Jäger und Kirschbaum ausgearbeitet
284 750 1559 787 worden, von denen ersterer die Fische des Mains und der Bäche der Wetterau
283 799 1540 838 einer Besprechung unterworfen hat, während letzterer in einer kurzen Be-
284 848 1546 889 schreibung der Fische des Herzogthums Nassau diejenige Abtheilung der rhei-
283 898 1546 937 nischen Fischfauna behandelt hat, welche den Uebergang von der mittelrhei-
286 948 1007 976 nischen zur niederrheinischen Fauna bildet.
364 996 1568 1036 Die von Ausonius aufgeführten 15 Mosel-Fische sind wohl als die älte-
285 1044 1567 1083 sten Beiträge zur niederrheinischen Fischfauna zu betrachten. In neuerer Zeit
286 1096 1567 1126 haben die Fische der Mosel die Aufmerksamkeit verschiedener Faunisten auf
285 1144 1564 1191 sich gezogen. Von Holandre wurden die Fische des obern Mosel-Gebiets
287 130 325 158 36
841 132 1012 159 Literatur.
468 1282 1565 1318 H. C. Küster: a. Systematisches Verzeichniss der in der Umgegend Erlangens
285 1322 947 1350 beobachteten Thiere. Erlangen, 1840. pag. 8.
348 1353 1563 1385 b. Von demselben wurden in der vierten Beilage zu der von Lochner der 23ten Natur-
285 1393 1559 1424 forscher-Versammlung gewidmeten Erinnerungsschrift: Nürnbergs Vorzeit und Gegenwart
287 1424 1566 1458 (Nürnberg, 1845. pag. 364) die zoologischen Verhältnisse der Umgegend von Nürnberg
286 1463 1222 1493 bearbeitet und 29 in Mittelfranken einheimische Fische aufgezählt.
469 1500 1555 1530 Rosenhauer: Ueber die in der Umgegend von Erlangen vorkommenden Fische,
286 1534 1545 1565 vergl. die wissenschaftlichen Mittheilungen der physikalisch-medicinischen Societät zu Er-
286 1571 904 1600 langen. Heft I. Erlangen, 1858. pag. 165.
469 1602 1560 1643 Leiblein: Versuch einer Aufzählung der Fische des Main-Gebietes, vergl. das
285 1640 1561 1679 Correspondenz-Blatt des zoologisch-mineralogischen Vereins in Regensburg. Jahrgang VII.
286 1678 672 1709 Regensburg, 1853. pag. 97.
470 1711 1513 1746 B. J. Römer-Büchner: Verzeichniss der Steine und Thiere, welche in dem Ge-
287 1749 1552 1786 biete der freien Stadt Frankfurt und deren nächster Umgebung gefunden werden. Frank-
287 1789 634 1817 furt a/M., 1827. pag. 68.
472 1822 1553 1856 C. Jäger: Die Fische der Wetterau, vergl. die naturhistorischen Abhandlungen
286 1860 1558 1898 aus dem Gebiete der Wetterau. Eine Festgabe der Wetterauer Gesellschaft für die gesammte
287 1897 1392 1935 Naturkunde zu Hanau bei ihrer 50jährigen Jubelfeier. Hanau, 1858. pag. 231.
474 1932 1509 1970 L. Kirschbaum: Die Reptilien und Fische des Herzogthums Nassau, vergl. An-
288 1968 1524 2006 kündigung der öffentlichen Prüfung des Herzogl. Nassauisch. Gelehrten-Gymnasium zu
290 2004 727 2031 Wiesbaden. Wiesbaden, 1859.
472 2039 1559 2069 D. M. Ausonii Mosella. Von den vielen Ausgaben dieses Gedichtes habe ich
291 2076 1555 2111 vorzüglich die Ausgabe von L. Tross (Hamm, 1824) benutzt. Die Deutung der Mosel-Fische
289 2111 1554 2147 des Ausonius ist vielfach versucht worden. Eine richtige Bestimmung derselben hat Schaefer
289 2149 1423 2183 in seiner Moselfauna (pag. VII) und Oken in der Isis (1845. pag. 5) niedergelegt.
471 2185 1556 2220 J. Holandre: a. Faune du Département de la Moselle, et principalement des
