1600 2360
172 192 1464 234 dem Stichling des Rhein-Gebiets. Die Mittheilungen, welche wir hierüber
171 240 1460 284 in den Schriften der verschiedenen Ichthyologen lesen, klingen fast fabelhaft.
171 285 1462 333 In Schleswig, Holstein , England  und Schweden  wird der Stichling zu-
172 337 1463 381 weilen in so grosser Menge gefangen, dass er zum Schweinefutter, zum Thran-
170 385 1462 426 kochen oder als vortreffliches Düngemittel verbraucht werden kann. Von
169 435 1463 485 Pennant wird erzählt , dass während einer solchen übermässigen Vermehrung
169 484 1459 528 dieses Stichlings in den stehenden Gewässern von Lincolnshire sich ein Mann,
168 533 1462 574 der zu einem halben Pfennig den Scheffel Stichlinge an einen Oekonomen ab-
168 585 1460 623 geliefert, längere Zeit hindurch täglich vier Schillinge verdienen konnte.
168 632 1463 671 Auch Klein in Danzig meldete von dem Stichling , dass die Bewohner der
168 682 1463 724 frischen Nehrung sich aus ihm ein Oel bereiten. Mir selbst wurde in Danzig
168 730 1461 772 erzählt, dass sich zur Zeit der letzten Belagerung von Danzig die Stichlinge
167 778 1459 822 in den dortigen Festungsgräben in so ungeheurer Menge vermehrt hätten,
167 826 1463 864 dass bei dem Mangel der gewöhnlichen Lebensmittel die ärmeren Einwohner
167 875 1462 919 der Stadt zu diesen Stichlingen ihre Zuflucht genommen hätten, um ihren
167 924 460 959 Hunger zu stillen.
245 973 1461 1016 Die Färbung des dreistacheligen Stichlings, welcher kaum die Länge von
167 1021 1462 1061 drei Zoll erreicht, erscheint auf dem Rücken graugrün, die Seiten und der
166 1069 1460 1110 Bauch desselben glänzen silberig. Bei jüngeren Individuen sind die Seiten
166 1118 1460 1160 des Leibes mit schwarzen Bandstreifen geziert, welche häufig oben und unten
166 1167 1461 1209 ineinander fliessen; gegen die Laichzeit hin, welche in die Sommermonate
166 1218 1462 1258 fällt, schmücken sich Seiten, Kehle, Brust und Bauch dieses Fisches mit
164 1268 702 1305 prächtig rothglänzenden Farben.
245 1316 1461 1352 Es zeichnet sich dieser kleine Fisch mit seinen übrigen Art-Verwandten
165 1362 1460 1401 durch einen merkwürdigen Kunsttrieb aus, der verbunden mit ausserordent-
164 1411 1460 1453 licher Sorgfalt für die Brutpflege aber nur den männlichen Stichlingen eigen
163 1460 1460 1494 ist. Schon oft wurde das sonderbare Benehmen des nestbauenden und brut-
163 1508 1461 1546 beschützenden Stichlings von Freunden und Beobachtern der lebenden Natur
163 1556 1460 1595 erwähnt und beschrieben, es wurde jedoch auf diese belehrenden Mitthei-
163 1605 1455 1649 lungen kein besonderes Gewicht gelegt, ja kaum eine Notiz davon genommen,
162 1653 1459 1691 bis Coste im Jahre 1846 zu Paris diese längst in englischen und deutschen
164 1703 1458 1748 Zeitschriften bekannt gemachte Fortpflanzungsgeschichte der Stichlinge als
162 1751 1459 1790 eine von ihm gemachte Beobachtung der Pariser Akademie der Wissenschaf-
162 1798 1457 1845 ten vorlegte . Gleich darauf reclamirte Lecoq diese Angaben als von ihm
654 118 983 142 Familie: Scomberoidei.
172 115 210 144 68
228 1893 791 1926 Vergl. Schonevelde: Nr. 81. pag. 11.
270 1927 1086 1962 Vergl. Yarrell: History of british fishes. Vol. I. pag. 92.
267 1963 1155 1995 S. Ekström: Die Fische in den Scheeren von Mörkö. pag. 159.
268 1999 1126 2030 S. dessen British Zoology. Vol. III. London, 1776. pag. 229.
267 2037 858 2065 S. Klein Nr. 93: Missus quartus. pag. 48.
270 2071 1455 2105 Vergl. Comptes Rendus hebdomadaires des séances de l’Académie des seiences.
162 2107 1459 2139 Tom. 22. 1846. pag. 814. Note sur la manière dont les Épinoches construisent leur nid et
161 2143 619 2176 soignent leurs oeufs; par Coste.
