<?xml version="1.0" encoding="UTF-8"?>
<PcGts xmlns="http://schema.primaresearch.org/PAGE/gts/pagecontent/2019-07-15" xmlns:xsi="http://www.w3.org/2001/XMLSchema-instance" xsi:schemaLocation="http://schema.primaresearch.org/PAGE/gts/pagecontent/2019-07-15 http://schema.primaresearch.org/PAGE/gts/pagecontent/2019-07-15/pagecontent.xsd">
<Metadata>
<Creator>regJS2PAGE.py</Creator>
<Created>2021-02-16T11:08:12.429379</Created>
<LastChange>2021-02-16T11:08:12.429379</LastChange>
</Metadata>
<Page imageFilename="tmp/siebold_suesswasserfische_1863_0091.png" imageWidth="1600" imageHeight="2360">
<TextRegion id="block_0" custom="structure {type:body;}">
<Coords points="174,191 174,229 174,239 256,239 256,278 256,288 256,326 258,336 258,375 256,386 256,424 256,448 563,448 563,477 563,526 256,526 256,568 256,575 175,575 175,614 176,624 176,663 175,673 175,714 178,721 178,762 175,769 175,810 176,811 176,860 176,866 176,909 177,914 177,949 176,963 176,1001 177,1013 177,1052 179,1061 179,1104 177,1108 177,1149 178,1157 178,1200 177,1207 177,1250 177,1263 177,1292 177,1304 259,1304 259,1340 259,1352 178,1352 178,1395 178,1399 178,1444 178,1446 178,1491 178,1495 178,1542 178,1544 178,1590 178,1593 178,1639 178,1643 178,1679 179,1690 179,1738 179,1741 179,1784 180,1792 180,1835 178,1841 178,1883 179,1888 179,1933 854,1933 854,1888 1468,1888 1468,1883 1468,1841 1467,1835 1467,1792 1469,1784 1469,1741 1468,1738 1468,1690 1468,1679 1468,1643 1467,1639 1467,1593 1468,1590 1468,1544 1468,1542 1468,1495 1468,1491 1468,1446 1468,1444 1468,1399 1469,1395 1469,1352 1469,1340 1469,1304 369,1304 369,1292 369,1263 1468,1263 1468,1250 1468,1207 1468,1200 1468,1157 1470,1149 1470,1108 1468,1104 1468,1061 1467,1052 1467,1013 1468,1001 1468,963 1469,949 1469,914 1468,909 1468,866 1468,860 1468,811 1467,810 1467,769 1467,762 1467,721 1467,714 1467,673 1468,663 1468,624 1467,614 1467,575 1467,568 1467,526 1081,526 1081,477 1081,448 686,448 686,424 686,386 1466,386 1466,375 1466,336 1467,326 1467,288 1466,278 1466,239 1465,229 1465,191 174,191"/>
<TextLine id="line_0">
<Coords points="174,193 409,193 446,193 671,193 700,193 773,193 798,191 947,191 977,191 1089,191 1118,192 1269,192 1295,194 1465,194 1465,220 1295,220 1269,229 1118,229 1089,219 977,219 947,227 798,227 773,219 700,219 671,221 446,221 409,222 174,222 174,193"/>
<Baseline points="174,222 409,222 446,221 671,221 700,219 773,219 798,227 947,227 977,219 1089,219 1118,229 1269,229 1295,220 1465,220"/>
<TextEquiv><Unicode>Artcharakter: Seitenlinie fast gerade, durch dornige Warzen-</Unicode></TextEquiv>
</TextLine>

<TextLine id="line_1">
<Coords points="256,241 390,241 416,241 506,241 532,242 755,242 781,239 871,239 903,239 960,239 986,240 1089,240 1114,241 1178,241 1202,242 1369,242 1394,241 1466,241 1466,269 1394,269 1369,269 1202,269 1178,269 1114,269 1089,267 986,267 960,266 903,266 871,267 781,267 755,278 532,278 506,269 416,269 390,269 256,269 256,241"/>
<Baseline points="256,269 390,269 416,269 506,269 532,278 755,278 781,267 871,267 903,266 960,266 986,267 1089,267 1114,269 1178,269 1202,269 1369,269 1394,269 1466,269"/>
<TextEquiv><Unicode>Reihen rauh eingefasst, auch die Basis der Rücken- und</Unicode></TextEquiv>
</TextLine>

<TextLine id="line_2">
<Coords points="256,288 478,288 493,291 555,291 570,290 747,290 763,288 926,288 948,288 1102,288 1133,290 1194,290 1211,290 1467,290 1467,326 1211,326 1194,317 1133,317 1102,315 948,315 926,315 763,315 747,325 570,325 555,318 493,318 478,318 256,318 256,288"/>
<Baseline points="256,318 478,318 493,318 555,318 570,325 747,325 763,315 926,315 948,315 1102,315 1133,317 1194,317 1211,326 1467,326"/>
<TextEquiv><Unicode>Afterflosse mit dornigen Höckern besetzt. Die Augen-Seite</Unicode></TextEquiv>
</TextLine>

<TextLine id="line_3">
<Coords points="258,338 443,338 461,339 518,339 539,340 663,340 685,336 798,336 826,336 1042,336 1063,336 1150,336 1170,338 1381,338 1405,348 1466,348 1466,366 1405,366 1381,375 1170,375 1150,363 1063,363 1042,371 826,371 798,371 685,371 663,367 539,367 518,367 461,367 443,374 258,374 258,338"/>
<Baseline points="258,374 443,374 461,367 518,367 539,367 663,367 685,371 798,371 826,371 1042,371 1063,363 1150,363 1170,375 1381,375 1405,366 1466,366"/>
<TextEquiv><Unicode>(meistens die rechte Seite) olivengrün oder bräunlich, zu-</Unicode></TextEquiv>
</TextLine>

<TextLine id="line_4">
<Coords points="256,387 386,387 407,388 491,388 514,386 686,386 686,423 514,423 491,424 407,424 386,414 256,414 256,387"/>
<Baseline points="256,414 386,414 407,424 491,424 514,423 686,423"/>
<TextEquiv><Unicode>weilen gelb gefleckt.</Unicode></TextEquiv>
</TextLine>

<TextLine id="line_5">
<Coords points="563,450 687,450 704,450 742,450 760,448 824,448 840,448 865,448 882,448 985,448 1002,448 1026,448 1044,449 1081,449 1081,470 1044,470 1026,471 1002,471 985,474 882,474 865,471 840,471 824,475 760,475 742,475 704,475 687,477 563,477 563,450"/>
<Baseline points="563,477 687,477 704,475 742,475 760,475 824,475 840,471 865,471 882,474 985,474 1002,471 1026,471 1044,470 1081,470"/>
<TextEquiv><Unicode>D. 57, P. 10, V. 6, A. 38—42, C. 18.</Unicode></TextEquiv>
</TextLine>

<TextLine id="line_6">
<Coords points="256,532 356,532 371,532 400,532 416,531 469,531 484,531 558,531 574,527 635,527 652,527 780,527 796,527 864,527 878,526 1010,526 1025,526 1119,526 1145,527 1273,527 1293,529 1357,529 1372,532 1467,532 1467,568 1372,568 1357,557 1293,557 1273,555 1145,555 1119,562 1025,562 1010,563 878,563 864,555 796,555 780,555 652,555 635,555 574,555 558,557 484,557 469,559 416,559 400,560 371,560 356,560 256,560 256,532"/>
<Baseline points="256,560 356,560 371,560 400,560 416,559 469,559 484,557 558,557 574,555 635,555 652,555 780,555 796,555 864,555 878,563 1010,563 1025,562 1119,562 1145,555 1273,555 1293,557 1357,557 1372,568 1467,568"/>
<TextEquiv><Unicode>Dieser in der Ost- und Nordsee sehr gemeine Fisch, welcher eine Länge</Unicode></TextEquiv>
</TextLine>

<TextLine id="line_7">
<Coords points="175,591 231,591 249,582 265,582 282,581 328,581 347,581 382,581 399,580 459,580 476,577 610,577 635,578 721,578 743,577 784,577 799,577 870,577 892,577 920,577 942,575 989,575 1005,576 1107,576 1129,576 1238,576 1263,586 1294,586 1310,578 1379,578 1395,581 1467,581 1467,608 1395,608 1379,607 1310,607 1294,605 1263,605 1238,613 1129,613 1107,603 1005,603 989,603 942,603 920,603 892,603 870,604 799,604 784,605 743,605 721,614 635,614 610,613 476,613 459,607 399,607 382,608 347,608 328,608 282,608 265,608 249,608 231,610 175,610 175,591"/>
<Baseline points="175,610 231,610 249,608 265,608 282,608 328,608 347,608 382,608 399,607 459,607 476,613 610,613 635,614 721,614 743,605 784,605 799,604 870,604 892,603 920,603 942,603 989,603 1005,603 1107,603 1129,613 1238,613 1263,605 1294,605 1310,607 1379,607 1395,608 1467,608"/>
<TextEquiv><Unicode>von 8 bis 10 Zoll erreicht, steigt oft weit in die Flüsse hinauf, so dass der-</Unicode></TextEquiv>
</TextLine>

<TextLine id="line_8">
<Coords points="176,630 258,630 274,630 303,630 319,627 454,627 470,626 530,626 543,626 660,626 677,627 768,627 784,625 916,625 928,624 1000,624 1012,624 1086,624 1097,626 1198,626 1212,627 1281,627 1296,637 1361,637 1375,630 1468,630 1468,657 1375,657 1361,655 1296,655 1281,654 1212,654 1198,653 1097,653 1086,651 1012,651 1000,651 928,651 916,652 784,652 768,653 677,653 660,662 543,662 530,654 470,654 454,663 319,663 303,656 274,656 258,657 176,657 176,630"/>
<Baseline points="176,657 258,657 274,656 303,656 319,663 454,663 470,654 530,654 543,662 660,662 677,653 768,653 784,652 916,652 928,651 1000,651 1012,651 1086,651 1097,653 1198,653 1212,654 1281,654 1296,655 1361,655 1375,657 1468,657"/>
<TextEquiv><Unicode>selbe in England und Belgien schon mehrere Male viele Meilen weit vom Meere</Unicode></TextEquiv>
</TextLine>

<TextLine id="line_9">
<Coords points="175,678 303,678 319,677 356,677 373,680 478,680 491,677 611,677 625,675 768,675 782,673 903,673 919,673 966,673 996,673 1033,673 1046,673 1190,673 1201,675 1378,675 1398,678 1467,678 1467,706 1398,706 1378,714 1201,714 1190,701 1046,701 1033,700 996,700 966,699 919,699 903,701 782,701 768,711 625,711 611,704 491,704 478,704 373,704 356,703 319,703 303,705 175,705 175,678"/>
<Baseline points="175,705 303,705 319,703 356,703 373,704 478,704 491,704 611,704 625,711 768,711 782,701 903,701 919,699 966,699 996,700 1033,700 1046,701 1190,701 1201,714 1378,714 1398,706 1467,706"/>
<TextEquiv><Unicode>entfernt im süssen Wasser gefangen worden ist. So berichtet Donovan , dass</Unicode></TextEquiv>
</TextLine>

<TextLine id="line_10">
<Coords points="178,728 206,728 229,727 323,727 345,725 505,725 522,726 597,726 618,723 678,723 699,724 823,724 843,721 989,721 1011,722 1039,722 1062,731 1178,731 1192,723 1301,723 1323,727 1467,727 1467,762 1323,762 1301,752 1192,752 1178,757 1062,757 1039,748 1011,748 989,748 843,748 823,750 699,750 678,751 618,751 597,752 522,752 505,753 345,753 323,754 229,754 206,754 178,754 178,728"/>
<Baseline points="178,754 206,754 229,754 323,754 345,753 505,753 522,752 597,752 618,751 678,751 699,750 823,750 843,748 989,748 1011,748 1039,748 1062,757 1178,757 1192,752 1301,752 1323,762 1467,762"/>
<TextEquiv><Unicode>in vielen britischen Seen und Flüssen Flundern in grosser Anzahl gefangen</Unicode></TextEquiv>
</TextLine>

<TextLine id="line_11">
<Coords points="175,775 306,775 325,774 385,774 401,770 557,770 576,772 656,772 672,779 742,779 758,769 909,769 924,777 971,777 991,769 1059,769 1075,771 1112,771 1125,772 1207,772 1223,774 1354,774 1366,776 1467,776 1467,803 1366,803 1354,801 1223,801 1207,800 1125,800 1112,798 1075,798 1059,797 991,797 971,803 924,803 909,796 758,796 742,806 672,806 656,808 576,808 557,810 401,810 385,801 325,801 306,810 175,810 175,775"/>
<Baseline points="175,810 306,810 325,801 385,801 401,810 557,810 576,808 656,808 672,806 742,806 758,796 909,796 924,803 971,803 991,797 1059,797 1075,798 1112,798 1125,800 1207,800 1223,801 1354,801 1366,803 1467,803"/>
<TextEquiv><Unicode>werden, und Yarrell  giebt ganz bestimmt an, dass im Avon mehrere Meilen</Unicode></TextEquiv>
</TextLine>

<TextLine id="line_12">
<Coords points="176,823 319,823 335,822 416,822 436,821 497,821 513,822 542,822 558,820 612,820 628,811 753,811 768,817 862,817 877,817 980,817 995,818 1137,818 1153,821 1273,821 1288,824 1356,824 1370,823 1468,823 1468,860 1370,860 1356,850 1288,850 1273,850 1153,850 1137,846 995,846 980,845 877,845 862,852 768,852 753,846 628,846 612,847 558,847 542,848 513,848 497,849 436,849 416,857 335,857 319,852 176,852 176,823"/>
<Baseline points="176,852 319,852 335,857 416,857 436,849 497,849 513,848 542,848 558,847 612,847 628,846 753,846 768,852 862,852 877,845 980,845 995,846 1137,846 1153,850 1273,850 1288,850 1356,850 1370,860 1468,860"/>
<TextEquiv><Unicode>oberhalb Bath, und in der Themse einige Meilen oberhalb London sehr häufig</Unicode></TextEquiv>
</TextLine>

<TextLine id="line_13">
<Coords points="176,872 324,872 339,871 541,871 566,870 627,870 644,867 944,867 963,866 1034,866 1045,867 1089,867 1107,869 1181,869 1198,871 1378,871 1398,872 1468,872 1468,901 1398,901 1378,909 1198,909 1181,897 1107,897 1089,904 1045,904 1034,902 963,902 944,895 644,895 627,897 566,897 541,898 339,898 324,901 176,901 176,872"/>
<Baseline points="176,901 324,901 339,898 541,898 566,897 627,897 644,895 944,895 963,902 1034,902 1045,904 1089,904 1107,897 1181,897 1198,909 1378,909 1398,901 1468,901"/>
<TextEquiv><Unicode>Flundern vorkommen. Von Selys-Longchamps (a. a. O.) wird mitgetheilt, dass</Unicode></TextEquiv>
</TextLine>

<TextLine id="line_14">
<Coords points="177,921 224,921 246,919 375,919 396,927 449,927 471,918 524,918 546,916 672,916 695,916 723,916 746,914 793,914 815,915 908,915 929,914 975,914 996,915 1068,915 1090,917 1235,917 1257,921 1317,921 1337,930 1390,930 1416,922 1469,922 1469,949 1416,949 1390,949 1337,949 1317,949 1257,949 1235,947 1090,947 1068,942 996,942 975,942 929,942 908,942 815,942 793,942 746,942 723,943 695,943 672,944 546,944 524,945 471,945 449,946 396,946 375,947 246,947 224,948 177,948 177,921"/>
<Baseline points="177,948 224,948 246,947 375,947 396,946 449,946 471,945 524,945 546,944 672,944 695,943 723,943 746,942 793,942 815,942 908,942 929,942 975,942 996,942 1068,942 1090,947 1235,947 1257,949 1317,949 1337,949 1390,949 1416,949 1469,949"/>
<TextEquiv><Unicode>die Flunder aus der Schelde in die Nethe bis nach Waterloo und aus der</Unicode></TextEquiv>
</TextLine>

<TextLine id="line_15">
<Coords points="176,970 255,970 281,968 309,968 337,967 383,967 407,966 517,966 539,966 585,966 606,965 681,965 701,963 816,963 839,963 943,963 961,964 1079,964 1100,966 1152,966 1189,969 1269,969 1291,971 1468,971 1468,998 1291,998 1269,997 1189,997 1152,993 1100,993 1079,1001 961,1001 943,992 839,992 816,992 701,992 681,993 606,993 585,994 539,994 517,995 407,995 383,995 337,995 309,995 281,995 255,997 176,997 176,970"/>
<Baseline points="176,997 255,997 281,995 309,995 337,995 383,995 407,995 517,995 539,994 585,994 606,993 681,993 701,992 816,992 839,992 943,992 961,1001 1079,1001 1100,993 1152,993 1189,997 1269,997 1291,998 1468,998"/>
<TextEquiv><Unicode>Maas in die Ourthe bis über Lüttich hinauf gelangt sei. Nach Holandre’s</Unicode></TextEquiv>
</TextLine>

<TextLine id="line_16">
<Coords points="177,1016 386,1016 405,1015 440,1015 459,1024 485,1024 504,1015 549,1015 576,1015 614,1015 635,1014 683,1014 698,1014 857,1014 872,1013 968,1013 984,1013 1101,1013 1118,1014 1154,1014 1171,1015 1284,1015 1299,1019 1351,1019 1366,1020 1467,1020 1467,1046 1366,1046 1351,1046 1299,1046 1284,1051 1171,1051 1154,1040 1118,1040 1101,1040 984,1040 968,1041 872,1041 857,1049 698,1049 683,1042 635,1042 614,1042 576,1042 549,1052 504,1052 485,1042 459,1042 440,1052 405,1052 386,1052 177,1052 177,1016"/>
<Baseline points="177,1052 386,1052 405,1052 440,1052 459,1042 485,1042 504,1052 549,1052 576,1042 614,1042 635,1042 683,1042 698,1049 857,1049 872,1041 968,1041 984,1040 1101,1040 1118,1040 1154,1040 1171,1051 1284,1051 1299,1046 1351,1046 1366,1046 1467,1046"/>
<TextEquiv><Unicode>Beobachtung (a. a. O.) ist ein Exemplar dieses Fisches im August des Jahres</Unicode></TextEquiv>
</TextLine>

<TextLine id="line_17">
<Coords points="179,1066 255,1066 271,1066 299,1066 316,1064 369,1064 383,1064 469,1064 486,1064 533,1064 549,1064 621,1064 640,1063 876,1063 912,1061 994,1061 1015,1062 1052,1062 1071,1062 1234,1062 1255,1065 1290,1065 1308,1075 1334,1075 1353,1068 1398,1068 1416,1076 1468,1076 1468,1094 1416,1094 1398,1104 1353,1104 1334,1094 1308,1094 1290,1103 1255,1103 1234,1092 1071,1092 1052,1088 1015,1088 994,1089 912,1089 876,1099 640,1099 621,1091 549,1091 533,1091 486,1091 469,1091 383,1091 369,1092 316,1092 299,1092 271,1092 255,1093 179,1093 179,1066"/>
<Baseline points="179,1093 255,1093 271,1092 299,1092 316,1092 369,1092 383,1091 469,1091 486,1091 533,1091 549,1091 621,1091 640,1099 876,1099 912,1089 994,1089 1015,1088 1052,1088 1071,1092 1234,1092 1255,1103 1290,1103 1308,1094 1334,1094 1353,1104 1398,1104 1416,1094 1468,1094"/>
<TextEquiv><Unicode>1818 in der Mosel bei Metz vorgekommen. Auch M. Schaeffer (a. a. O.) er-</Unicode></TextEquiv>
</TextLine>

<TextLine id="line_18">
<Coords points="177,1113 263,1113 283,1114 352,1114 368,1113 414,1113 430,1113 558,1113 573,1112 736,1112 754,1111 800,1111 816,1111 891,1111 908,1110 988,1110 1003,1108 1064,1108 1080,1110 1182,1110 1196,1112 1243,1112 1258,1116 1343,1116 1365,1116 1470,1116 1470,1144 1365,1144 1343,1143 1258,1143 1243,1141 1196,1141 1182,1138 1080,1138 1064,1136 1003,1136 988,1137 908,1137 891,1139 816,1139 800,1139 754,1139 736,1147 573,1147 558,1141 430,1141 414,1141 368,1141 352,1141 283,1141 263,1149 177,1149 177,1113"/>
<Baseline points="177,1149 263,1149 283,1141 352,1141 368,1141 414,1141 430,1141 558,1141 573,1147 736,1147 754,1139 800,1139 816,1139 891,1139 908,1137 988,1137 1003,1136 1064,1136 1080,1138 1182,1138 1196,1141 1243,1141 1258,1143 1343,1143 1365,1144 1470,1144"/>
<TextEquiv><Unicode>zählt, dass die Flunder manchmal bis nach Trier und weiter die Mosel herauf</Unicode></TextEquiv>
</TextLine>

<TextLine id="line_19">
<Coords points="178,1164 270,1164 285,1163 345,1163 360,1172 392,1172 407,1163 445,1163 461,1162 590,1162 605,1161 656,1161 677,1160 779,1160 797,1159 873,1159 889,1158 941,1158 954,1157 1020,1157 1036,1158 1233,1158 1249,1172 1284,1172 1300,1165 1382,1165 1396,1166 1468,1166 1468,1193 1396,1193 1382,1192 1300,1192 1284,1190 1249,1190 1233,1189 1036,1189 1020,1185 954,1185 941,1186 889,1186 873,1187 797,1187 779,1189 677,1189 656,1190 605,1190 590,1190 461,1190 445,1190 407,1190 392,1191 360,1191 345,1191 285,1191 270,1200 178,1200 178,1164"/>
<Baseline points="178,1200 270,1200 285,1191 345,1191 360,1191 392,1191 407,1190 445,1190 461,1190 590,1190 605,1190 656,1190 677,1189 779,1189 797,1187 873,1187 889,1186 941,1186 954,1185 1020,1185 1036,1189 1233,1189 1249,1190 1284,1190 1300,1192 1382,1192 1396,1193 1468,1193"/>
<TextEquiv><Unicode>steige und er im October des Jahres 1842 auf dem Fischmarkte zu Trier zwei</Unicode></TextEquiv>
</TextLine>

<TextLine id="line_20">
<Coords points="177,1213 301,1213 317,1213 491,1213 507,1211 603,1211 618,1211 746,1211 772,1208 885,1208 907,1208 936,1208 952,1207 1005,1207 1018,1207 1105,1207 1122,1209 1265,1209 1282,1219 1392,1219 1412,1222 1468,1222 1468,1250 1412,1250 1392,1248 1282,1248 1265,1246 1122,1246 1105,1234 1018,1234 1005,1235 952,1235 936,1234 907,1234 885,1237 772,1237 746,1246 618,1246 603,1240 507,1240 491,1250 317,1250 301,1242 177,1242 177,1213"/>
<Baseline points="177,1242 301,1242 317,1250 491,1250 507,1240 603,1240 618,1246 746,1246 772,1237 885,1237 907,1234 936,1234 952,1235 1005,1235 1018,1234 1105,1234 1122,1246 1265,1246 1282,1248 1392,1248 1412,1250 1468,1250"/>
<TextEquiv><Unicode>lebende Exemplare dieses Fisches, welche in der Mosel gefangen waren, ge-</Unicode></TextEquiv>
</TextLine>

<TextLine id="line_21">
<Coords points="177,1264 267,1264 282,1263 369,1263 369,1291 282,1291 267,1292 177,1292 177,1264"/>
<Baseline points="177,1292 267,1292 282,1291 369,1291"/>
<TextEquiv><Unicode>sehen habe.</Unicode></TextEquiv>
</TextLine>

<TextLine id="line_22">
<Coords points="259,1313 332,1313 347,1312 394,1312 409,1310 539,1310 553,1309 615,1309 630,1308 704,1308 720,1307 823,1307 837,1304 940,1304 953,1304 991,1304 1007,1304 1192,1304 1208,1305 1259,1305 1276,1307 1382,1307 1396,1320 1469,1320 1469,1339 1396,1339 1382,1336 1276,1336 1259,1333 1208,1333 1192,1339 1007,1339 991,1330 953,1330 940,1331 837,1331 823,1334 720,1334 704,1336 630,1336 615,1337 553,1337 539,1339 409,1339 394,1339 347,1339 332,1340 259,1340 259,1313"/>
<Baseline points="259,1340 332,1340 347,1339 394,1339 409,1339 539,1339 553,1337 615,1337 630,1336 704,1336 720,1334 823,1334 837,1331 940,1331 953,1330 991,1330 1007,1339 1192,1339 1208,1333 1259,1333 1276,1336 1382,1336 1396,1339 1469,1339"/>
<TextEquiv><Unicode>Dass die Flunder sich noch weiter hinauf im Flussgebiet des Rheins ver-</Unicode></TextEquiv>
</TextLine>

<TextLine id="line_23">
<Coords points="178,1360 300,1360 318,1359 380,1359 395,1367 481,1367 495,1358 542,1358 557,1366 613,1366 615,1354 810,1354 825,1352 888,1352 903,1352 1033,1352 1048,1352 1135,1352 1160,1352 1223,1352 1239,1354 1387,1354 1409,1360 1469,1360 1469,1387 1409,1387 1387,1386 1239,1386 1223,1380 1160,1380 1135,1387 1048,1387 1033,1379 903,1379 888,1380 825,1380 810,1384 615,1384 613,1384 557,1384 542,1385 495,1385 481,1394 395,1394 380,1386 318,1386 300,1395 178,1395 178,1360"/>
<Baseline points="178,1395 300,1395 318,1386 380,1386 395,1394 481,1394 495,1385 542,1385 557,1384 613,1384 615,1384 810,1384 825,1380 888,1380 903,1379 1033,1379 1048,1387 1135,1387 1160,1380 1223,1380 1239,1386 1387,1386 1409,1387 1469,1387"/>
<TextEquiv><Unicode>steigen, und sogar bis zum Mittelrhein sich verirren kann, dies beweisen fol-</Unicode></TextEquiv>
</TextLine>

<TextLine id="line_24">
<Coords points="178,1406 274,1406 290,1406 447,1406 485,1406 541,1406 562,1403 756,1403 777,1402 904,1402 925,1399 954,1399 975,1399 1075,1399 1100,1399 1205,1399 1227,1401 1378,1401 1400,1417 1468,1417 1468,1435 1400,1435 1378,1442 1227,1442 1205,1428 1100,1428 1075,1434 975,1434 954,1426 925,1426 904,1428 777,1428 756,1431 562,1431 541,1432 485,1432 447,1442 290,1442 274,1444 178,1444 178,1406"/>
<Baseline points="178,1444 274,1444 290,1442 447,1442 485,1432 541,1432 562,1431 756,1431 777,1428 904,1428 925,1426 954,1426 975,1434 1075,1434 1100,1428 1205,1428 1227,1442 1378,1442 1400,1435 1468,1435"/>
<TextEquiv><Unicode>gende Angaben. Der Stadtfischer Hänlein in Mainz, dessen Aussagen man</Unicode></TextEquiv>
</TextLine>

<TextLine id="line_25">
<Coords points="178,1455 256,1455 271,1455 403,1455 420,1454 570,1454 586,1451 659,1451 679,1450 736,1450 760,1449 816,1449 836,1448 882,1448 899,1446 1067,1446 1083,1448 1305,1448 1324,1455 1393,1455 1409,1457 1468,1457 1468,1484 1409,1484 1393,1484 1324,1484 1305,1491 1083,1491 1067,1475 899,1475 882,1475 836,1475 816,1476 760,1476 736,1487 679,1487 659,1487 586,1487 570,1482 420,1482 403,1483 271,1483 256,1484 178,1484 178,1455"/>
<Baseline points="178,1484 256,1484 271,1483 403,1483 420,1482 570,1482 586,1487 659,1487 679,1487 736,1487 760,1476 816,1476 836,1475 882,1475 899,1475 1067,1475 1083,1491 1305,1491 1324,1484 1393,1484 1409,1484 1468,1484"/>
<TextEquiv><Unicode>wohl Glauben schenken darf, gab mir die mündliche Versicherung, dass ihm</Unicode></TextEquiv>
</TextLine>

<TextLine id="line_26">
<Coords points="178,1508 239,1508 253,1502 359,1502 376,1502 404,1502 421,1502 530,1502 545,1500 643,1500 659,1500 724,1500 736,1496 865,1496 880,1504 932,1504 945,1495 1012,1495 1025,1495 1115,1495 1131,1498 1176,1498 1189,1501 1277,1501 1290,1506 1468,1506 1468,1542 1290,1542 1277,1531 1189,1531 1176,1526 1131,1526 1115,1524 1025,1524 1012,1523 945,1523 932,1524 880,1524 865,1525 736,1525 724,1527 659,1527 643,1528 545,1528 530,1529 421,1529 404,1529 376,1529 359,1531 253,1531 239,1532 178,1532 178,1508"/>
<Baseline points="178,1532 239,1532 253,1531 359,1531 376,1529 404,1529 421,1529 530,1529 545,1528 643,1528 659,1527 724,1527 736,1525 865,1525 880,1524 932,1524 945,1523 1012,1523 1025,1524 1115,1524 1131,1526 1176,1526 1189,1531 1277,1531 1290,1542 1468,1542"/>
<TextEquiv><Unicode>erst einmal in seinem Leben eine Flunder aus dem Rhein bei Mainz vorgekom-</Unicode></TextEquiv>
</TextLine>

<TextLine id="line_27">
<Coords points="178,1563 246,1563 262,1552 314,1552 345,1550 443,1550 458,1551 506,1551 525,1551 620,1551 630,1545 650,1545 668,1548 802,1548 818,1547 881,1547 901,1545 970,1545 985,1544 1125,1544 1141,1550 1236,1550 1254,1553 1289,1553 1300,1554 1385,1554 1401,1555 1468,1555 1468,1590 1401,1590 1385,1582 1300,1582 1289,1580 1254,1580 1236,1579 1141,1579 1125,1575 985,1575 970,1573 901,1573 881,1582 818,1582 802,1575 668,1575 650,1585 630,1585 620,1577 525,1577 506,1577 458,1577 443,1578 345,1578 314,1581 262,1581 246,1582 178,1582 178,1563"/>
<Baseline points="178,1582 246,1582 262,1581 314,1581 345,1578 443,1578 458,1577 506,1577 525,1577 620,1577 630,1585 650,1585 668,1575 802,1575 818,1582 881,1582 901,1573 970,1573 985,1575 1125,1575 1141,1579 1236,1579 1254,1580 1289,1580 1300,1582 1385,1582 1401,1590 1468,1590"/>
<TextEquiv><Unicode>men sei. Durch Dr. Braun  erfahren wir, dass während seines 18 Jahre lang</Unicode></TextEquiv>
</TextLine>

<TextLine id="line_28">
<Coords points="178,1600 352,1600 367,1598 553,1598 574,1598 601,1598 625,1596 823,1596 849,1594 902,1594 923,1593 997,1593 1021,1594 1049,1594 1071,1596 1293,1596 1317,1612 1374,1612 1391,1604 1467,1604 1467,1631 1391,1631 1374,1630 1317,1630 1293,1639 1071,1639 1049,1621 1021,1621 997,1620 923,1620 902,1632 849,1632 823,1632 625,1632 601,1625 574,1625 553,1627 367,1627 352,1632 178,1632 178,1600"/>
<Baseline points="178,1632 352,1632 367,1627 553,1627 574,1625 601,1625 625,1632 823,1632 849,1632 902,1632 923,1620 997,1620 1021,1621 1049,1621 1071,1639 1293,1639 1317,1630 1374,1630 1391,1631 1467,1631"/>
<TextEquiv><Unicode>dauernden Aufenthalts in Klingenberg (am Main in Unterfranken) von 1815</Unicode></TextEquiv>
</TextLine>

<TextLine id="line_29">
<Coords points="178,1653 225,1653 243,1652 319,1652 336,1649 395,1649 411,1647 517,1647 534,1655 589,1655 606,1645 664,1645 679,1644 815,1644 839,1643 971,1643 991,1643 1036,1643 1059,1644 1145,1644 1168,1649 1374,1649 1392,1661 1468,1661 1468,1679 1392,1679 1374,1679 1168,1679 1145,1674 1059,1674 1036,1670 991,1670 971,1671 839,1671 815,1671 679,1671 664,1673 606,1673 589,1679 534,1679 517,1676 411,1676 395,1677 336,1677 319,1679 243,1679 225,1679 178,1679 178,1653"/>
<Baseline points="178,1679 225,1679 243,1679 319,1679 336,1677 395,1677 411,1676 517,1676 534,1679 589,1679 606,1673 664,1673 679,1671 815,1671 839,1671 971,1671 991,1670 1036,1670 1059,1674 1145,1674 1168,1679 1374,1679 1392,1679 1468,1679"/>
<TextEquiv><Unicode>bis 1833 ihm einmal von den Fischern daselbst ein ihnen unbekannter son-</Unicode></TextEquiv>
</TextLine>

<TextLine id="line_30">
<Coords points="179,1698 288,1698 302,1698 472,1698 486,1695 570,1695 592,1693 733,1693 748,1691 869,1691 892,1691 944,1691 970,1690 1026,1690 1047,1701 1080,1701 1100,1694 1147,1694 1163,1697 1387,1697 1408,1699 1468,1699 1468,1728 1408,1728 1387,1738 1163,1738 1147,1722 1100,1722 1080,1720 1047,1720 1026,1719 970,1719 944,1726 892,1726 869,1720 748,1720 733,1731 592,1731 570,1723 486,1723 472,1735 302,1735 288,1727 179,1727 179,1698"/>
<Baseline points="179,1727 288,1727 302,1735 472,1735 486,1723 570,1723 592,1731 733,1731 748,1720 869,1720 892,1726 944,1726 970,1719 1026,1719 1047,1720 1080,1720 1100,1722 1147,1722 1163,1738 1387,1738 1408,1728 1468,1728"/>
<TextEquiv><Unicode>derbar gestalteter Fisch gebracht worden sei, den er bei Untersuchung und</Unicode></TextEquiv>
</TextLine>

<TextLine id="line_31">
<Coords points="179,1748 395,1748 417,1747 469,1747 489,1744 700,1744 723,1743 767,1743 795,1743 859,1743 881,1741 1070,1741 1097,1744 1221,1744 1243,1748 1328,1748 1370,1752 1409,1752 1432,1751 1469,1751 1469,1778 1432,1778 1409,1778 1370,1778 1328,1778 1243,1778 1221,1775 1097,1775 1070,1771 881,1771 859,1770 795,1770 767,1771 723,1771 700,1782 489,1782 469,1775 417,1775 395,1784 179,1784 179,1748"/>
<Baseline points="179,1784 395,1784 417,1775 469,1775 489,1782 700,1782 723,1771 767,1771 795,1770 859,1770 881,1771 1070,1771 1097,1775 1221,1775 1243,1778 1328,1778 1370,1778 1409,1778 1432,1778 1469,1778"/>
<TextEquiv><Unicode>Vergleichung mit Abbildungen als eine Pleuronectes erkannt habe. Es ist</Unicode></TextEquiv>
</TextLine>

<TextLine id="line_32">
<Coords points="180,1798 261,1798 283,1796 472,1796 492,1795 545,1795 564,1794 700,1794 727,1793 756,1793 777,1795 893,1795 915,1792 1034,1792 1054,1794 1267,1794 1296,1800 1386,1800 1410,1800 1467,1800 1467,1829 1410,1829 1386,1829 1296,1829 1267,1835 1054,1835 1034,1820 915,1820 893,1819 777,1819 756,1820 727,1820 700,1830 564,1830 545,1824 492,1824 472,1833 283,1833 261,1827 180,1827 180,1798"/>
<Baseline points="180,1827 261,1827 283,1833 472,1833 492,1824 545,1824 564,1830 700,1830 727,1820 756,1820 777,1819 893,1819 915,1820 1034,1820 1054,1835 1267,1835 1296,1829 1386,1829 1410,1829 1467,1829"/>
<TextEquiv><Unicode>diese Eigenschaft der Flunder, in süssem Wasser auszudauern, schon den</Unicode></TextEquiv>
</TextLine>

<TextLine id="line_33">
<Coords points="178,1851 289,1851 305,1846 509,1846 525,1845 664,1845 683,1842 744,1842 759,1841 975,1841 996,1851 1144,1851 1168,1845 1278,1845 1294,1850 1396,1850 1411,1850 1468,1850 1468,1878 1411,1878 1396,1878 1294,1878 1278,1875 1168,1875 1144,1880 996,1880 975,1877 759,1877 744,1870 683,1870 664,1879 525,1879 509,1883 305,1883 289,1878 178,1878 178,1851"/>
<Baseline points="178,1878 289,1878 305,1883 509,1883 525,1879 664,1879 683,1870 744,1870 759,1877 975,1877 996,1880 1144,1880 1168,1875 1278,1875 1294,1878 1396,1878 1411,1878 1468,1878"/>
<TextEquiv><Unicode>älteren Ichthyologen bekannt, und Veranlassung gewesen, diesem Fische den</Unicode></TextEquiv>
</TextLine>

<TextLine id="line_34">
<Coords points="179,1901 290,1901 305,1898 408,1898 420,1894 566,1894 581,1902 616,1902 631,1891 813,1891 819,1888 854,1888 854,1928 819,1928 813,1921 631,1921 616,1920 581,1920 566,1933 420,1933 408,1926 305,1926 290,1928 179,1928 179,1901"/>
<Baseline points="179,1928 290,1928 305,1926 408,1926 420,1933 566,1933 581,1920 616,1920 631,1921 813,1921 819,1928 854,1928"/>
<TextEquiv><Unicode>Namen Passer fluviatilis zu verschaffen .</Unicode></TextEquiv>
</TextLine>

</TextRegion>
<TextRegion id="block_1" custom="structure {type:header;}">
<Coords points="661,115 661,138 982,138 982,115 661,115"/>
<TextLine id="line_35">
<Coords points="661,115 776,115 797,115 982,115 982,137 797,137 776,138 661,138 661,115"/>
<Baseline points="661,138 776,138 797,137 982,137"/>
<TextEquiv><Unicode>Familie: Pleuronectae.</Unicode></TextEquiv>
</TextLine>

</TextRegion>
<TextRegion id="block_2" custom="structure {type:pageNum;}">
<Coords points="177,116 177,145 215,145 215,116 177,116"/>
<TextLine id="line_36">
<Coords points="177,116 215,116 215,145 177,145 177,116"/>
<Baseline points="177,145 215,145"/>
<TextEquiv><Unicode>78</Unicode></TextEquiv>
</TextLine>

</TextRegion>
<TextRegion id="block_3" custom="structure {type:note;}">
<Coords points="286,2001 286,2033 289,2037 289,2073 288,2072 288,2108 288,2112 180,2112 180,2144 180,2144 289,2144 289,2179 1469,2179 1469,2144 571,2144 571,2144 571,2112 1465,2112 1465,2108 1465,2072 1320,2072 1320,2073 1320,2037 1389,2037 1389,2033 1389,2001 286,2001"/>
<TextLine id="line_37">
<Coords points="286,2012 309,2012 325,2010 416,2010 427,2016 431,2016 452,2005 558,2005 570,2004 667,2004 682,2002 708,2002 719,2002 809,2002 821,2001 905,2001 927,2001 979,2001 990,2001 1029,2001 1050,2002 1163,2002 1180,2005 1249,2005 1271,2006 1339,2006 1352,2010 1389,2010 1389,2032 1352,2032 1339,2030 1271,2030 1249,2028 1180,2028 1163,2030 1050,2030 1029,2024 990,2024 979,2024 927,2024 905,2024 821,2024 809,2025 719,2025 708,2025 682,2025 667,2032 570,2032 558,2030 452,2030 431,2030 427,2030 416,2033 325,2033 309,2032 286,2032 286,2012"/>
<Baseline points="286,2032 309,2032 325,2033 416,2033 427,2030 431,2030 452,2030 558,2030 570,2032 667,2032 682,2025 708,2025 719,2025 809,2025 821,2024 905,2024 927,2024 979,2024 990,2024 1029,2024 1050,2030 1163,2030 1180,2028 1249,2028 1271,2030 1339,2030 1352,2032 1389,2032"/>
<TextEquiv><Unicode>S. dessen: Natural history of british fishes. Vol. IV. London, 1806. Plate 94.</Unicode></TextEquiv>
</TextLine>

<TextLine id="line_38">
<Coords points="289,2044 368,2044 383,2046 474,2046 486,2051 489,2051 511,2042 614,2042 627,2039 653,2039 664,2037 753,2037 766,2037 850,2037 871,2037 923,2037 937,2037 966,2037 987,2037 1099,2037 1111,2040 1180,2040 1201,2047 1256,2047 1267,2044 1320,2044 1320,2065 1267,2065 1256,2069 1201,2069 1180,2061 1111,2061 1099,2064 987,2064 966,2059 937,2059 923,2059 871,2059 850,2059 766,2059 753,2060 664,2060 653,2061 627,2061 614,2068 511,2068 489,2064 486,2064 474,2067 383,2067 368,2073 289,2073 289,2044"/>
<Baseline points="289,2073 368,2073 383,2067 474,2067 486,2064 489,2064 511,2068 614,2068 627,2061 653,2061 664,2060 753,2060 766,2059 850,2059 871,2059 923,2059 937,2059 966,2059 987,2064 1099,2064 1111,2061 1180,2061 1201,2069 1256,2069 1267,2065 1320,2065"/>
<TextEquiv><Unicode>Vergl. dessen: History of british fishes. Vol. II. London, 1841. pag. 304.</Unicode></TextEquiv>
</TextLine>

<TextLine id="line_39">
<Coords points="288,2078 367,2078 380,2075 670,2075 679,2074 724,2074 736,2072 1120,2072 1132,2074 1249,2074 1263,2078 1287,2078 1298,2079 1465,2079 1465,2108 1298,2108 1287,2099 1263,2099 1249,2098 1132,2098 1120,2100 736,2100 724,2096 679,2096 670,2107 380,2107 367,2106 288,2106 288,2078"/>
<Baseline points="288,2106 367,2106 380,2107 670,2107 679,2096 724,2096 736,2100 1120,2100 1132,2098 1249,2098 1263,2099 1287,2099 1298,2108 1465,2108"/>
<TextEquiv><Unicode>Vergl. Correspondenz-Blatt des zoologisch-mineralogischen Vereines in Regensburg.</Unicode></TextEquiv>
</TextLine>

<TextLine id="line_40">
<Coords points="180,2112 234,2112 238,2112 337,2112 358,2115 427,2115 449,2121 503,2121 518,2115 571,2115 571,2136 518,2136 503,2144 449,2144 427,2137 358,2137 337,2140 238,2140 234,2134 180,2134 180,2112"/>
<Baseline points="180,2134 234,2134 238,2140 337,2140 358,2137 427,2137 449,2144 503,2144 518,2136 571,2136"/>
<TextEquiv><Unicode>VIII. Jahrg. 1854. pag. 112.</Unicode></TextEquiv>
</TextLine>

<TextLine id="line_41">
<Coords points="289,2147 367,2147 382,2149 497,2149 509,2150 540,2150 553,2146 707,2146 720,2145 776,2145 789,2145 847,2145 875,2144 985,2144 1002,2145 1071,2145 1096,2151 1151,2151 1164,2147 1216,2147 1242,2150 1329,2150 1342,2150 1469,2150 1469,2179 1342,2179 1329,2172 1242,2172 1216,2170 1164,2170 1151,2173 1096,2173 1071,2167 1002,2167 985,2170 875,2170 847,2168 789,2168 776,2167 720,2167 707,2177 553,2177 540,2172 509,2172 497,2172 382,2172 367,2175 289,2175 289,2147"/>
<Baseline points="289,2175 367,2175 382,2172 497,2172 509,2172 540,2172 553,2177 707,2177 720,2167 776,2167 789,2168 847,2168 875,2170 985,2170 1002,2167 1071,2167 1096,2173 1151,2173 1164,2170 1216,2170 1242,2172 1329,2172 1342,2179 1469,2179"/>
<TextEquiv><Unicode>Vergl. Bellonii de aquatilibus libri duo. Parisiis, 1553. pag. 144. Passer fluviatilis</Unicode></TextEquiv>
</TextLine>

</TextRegion>
</Page>
</PcGts>