1600 2360
189 195 1470 241 noch Eierstöcke zur gehörigen Ausbildung und Reife, es bleiben in denselben,
188 244 1470 290 obgleich sie nach Alter und Grösse längst fortpflanzungsfähig sein sollten,
188 294 1473 340 die Geschlechtswerkzeuge in ihrer Entwicklung so weit zurück wie in ganz
184 342 1473 388 jugendlichen Individuen, wodurch sie zur Laichzeit der Karpfen neben gleich-
187 392 1471 434 alterigen und gleichgrossen brünstigen Individuen ganz besonders auffallen.
188 443 1474 484 In manchem sterilen Karpfen sind die Geschlechtswerkzeuge so sehr in der
187 493 1473 532 Entwicklung zurückgeblieben, dass sie nur mit grösster Mühe aufzufinden
187 542 1474 580 und oft genug gänzlich übersehen worden sind; solche Individuen sind als-
186 593 1023 634 dann für gänzlich geschlechtslos gehalten worden.
268 642 1473 687 Schon Aristoteles hatte von diesen sterilen Karpfen Kenntniss und sagte
187 692 1473 732 in seiner Naturgeschichte der Thiere von ihnen: »So giebt es auch noch
186 741 1469 784 Fische, man nennt sie Epitragien, dergleichen sich unter den Flussfischen,
185 787 1472 834 unter den Karpfen und Balagren finden; diese haben niemals weder Rogen
185 837 1473 875 noch Milch, sind aber dabei fest und fett, haben ein kurzes Gedärm und wer-
185 888 668 924 den für die Besten gehalten«.
264 936 1475 975 Unter den Fischern sind die sterilen Karpfen immer ein wohlbekannter
185 985 1471 1027 Gegenstand gewesen, der mit den verschiedensten Namen belegt worden ist.
185 1034 1473 1074 In Süddeutschland werden sterile Karpfen allgemein mit dem Namen »Laimer«
185 1083 1475 1122 von den Fischern und Fischhändlern bezeichnet, in Norddeutschland haben
185 1133 1475 1174 sie den Namen »gelte« oder »güste« Karpfen erhalten. Diese sterilen Kar-
184 1184 1474 1221 pfen werden in Deutschland noch heute wie zu den Zeiten des Aristotelfs
185 1232 1473 1273 wegen ihres zarten Fleisches sehr hoch geschätzt. Auch in Südfrankreich
183 1280 1475 1323 hat der sterile Karpfe bei Gutschmeckern seinen alten Ruf bewahrt. Er führt
184 1333 1475 1372 dort den Namen »Carpeau« oder »Carpe bréhaigne«, und wurde von älteren
183 1379 1475 1423 französischen Schriftstellern öfters besprochen. De Latourette, welcher
190 119 228 146 90
680 122 982 152 Familie: Cyprinoidei.
291 1493 1472 1534 Vergl. Aristotelis de animalibus historiae libri X. Edit. Schneider. Lib. IV. Cap.
184 1530 726 1562 XI. 4, übersetzt von Strack, pag. 203.
292 1564 1476 1602 Welchen Fisch Aristoteles unter »Balagrus« verstanden wissen wollte, hat bis jetzt
183 1604 674 1628 nicht entschieden werden können.
291 1635 1472 1672 Vergl. Löwe und Riem: Physikalisch-ökonomische Zeitung, Jahrg. 1785. Breslau.
184 1672 1475 1706 pag. 3. 81. 300. 448. In dieser Zeitung hat man zugleich versucht, die Ursachen der Un-
184 1708 1476 1746 fruchtbarkeit solcher gelte Karpfen zu erklären, wobei man aber auch junge, noch nicht
183 1745 1475 1787 geschlechtsreife Individuen, welche in guten Streck-Teichen bei reichlicher Nahrung sehr
183 1783 1245 1818 stark ausgewachsen waren, für gelte Karpfen genommen zu haben scheint.
290 1821 1451 1861 Schon Baldner (a. a. O. pag. 149) sagt in seiner Beschreibung des Rheinkarpfen:
182 1857 1476 1896 »es gibt auch deren, so kein Milch oder Rogen haben, die heisset man »müsiggänger«, die
183 1896 536 1924 werden vor allen gelobt«.
292 1932 1476 1970 Ueber den sterilen Karpfen der Rhone spricht sich Dulac (in seinen Mémoires pour
183 1968 1474 2003 servir à l’histoire naturelle des Provinces de Lyonnois, Forez et Beaujolois, Tom. I. Lyon,
184 2000 1476 2037 1765. pag. 122) in folgender Weise aus: »Le carpeau, que l’on trouve dans le Rhône et dans
184 2040 1476 2077 la Saône, et qui, au jugement de tous les connoisseurs, est peut-être le poisson le plus
183 2077 1477 2112 délicat qui soit en France, n’est pas encore connu. Le genre de ce poisson est un mystere
183 2112 1476 2148 de la nature où la sagacité de l’homme n’a pu encore pénétrer. Doit-on le ranger dans la
183 2148 1476 2181 classe des carpes? En est-il le mâle? ou bien forme-t-il une espece particuliere? C’ est ce
183 2184 1457 2217 qu’on ignore. Cet étrange poisson offre un vaste champ aux recherches des Naturalistes«.
