1600 2360
141 192 1423 237 Stämm, der wie oben (pag. 209) gezeigt wurde, mit Squalius Leuciscus zu-
141 246 1424 285 sammenfällt, keineswegs aber, wie Artedi fälschlich glaubte, mit dem Gris-
141 290 1424 334 lagine Augustae dictus identisch ist. Heckel gebührt das Verdienst, diese
141 344 1424 384 verschiedenen Missgriffe, welche sich die Ichthyologen durch Verkennung des
143 388 1425 431 Tel. Agassizii haben zu Schulden kommen lassen, durch seinen von rich-
141 438 1426 480 tiger Kritik geleiteten Scharfblick aufgedeckt zu haben. Es ist nur zu be-
143 487 1428 529 dauern, dass Heckel mit seinem sicheren kritischen Blicke sich nicht näher
143 537 1425 581 über den Cyprinus aphya der Autoren ausgesprochen hat, über welchen Cy-
140 590 1427 630 prinoiden bis auf den heutigen Tag die Ichthyologen noch nicht ganz ins Klare
145 639 1428 680 gekommen sind. Dass Linné mit seinem Cyprinus aphya keinen Telestes son-
145 684 1429 727 dern nur einen Phoxinus laevis gemeint haben kann, wurde schon vorhin
147 733 1428 776 (pag. 217) erwähnt. Auch der von Meidinger schuppenlos abgebildete
146 783 1428 824 Cyprinus aphya ist nichts anderes als ein Phoxinus laevis, was schon von
146 831 1428 872 Heckel und Kner richtig erkannt worden ist. Artedi und Linné haben
147 879 1428 924 die erste Verwirrung über diesen Cyprinus aphya hervorgebracht, indem
147 930 1431 974 sie den schwedischen und den im übrigen Europa einheimischen Phoxi-
146 984 1431 1023 nus laevis als zwei ganz verschiedene Fische auseinander hielten, obgleich
148 1027 1433 1069 Linné in seiner Fauna suecica sogar die Frage aufgeworfen hatte, ob nicht
148 1074 1429 1120 Artedi’s Cyprinus phoxinus mit seinem Cyprinus aphya identisch sei. O. F.
148 1124 1432 1169 Müller, Retzius, und Nilsson folgten dem Beispiele Artedi’s und Lin-
151 1178 1433 1217 né’s und behielten den Cyprinus phoxinus und aphya als zwei verschiedene
150 1221 1430 1266 Arten bei; Retzius und Nilsson vermehrten die Verwirrung noch dadurch,
151 1271 1434 1315 dass sie mit Linné’s Cyprinus aphya den Cyprinus aphya Bloch’s zusammen-
151 1324 1435 1364 warfen, wie Bloch selbst vor ihnen dasselbe gethan hatte. Es frägt sich
151 1374 1435 1411 nun, welchen Fisch Bloch unter seinem mit ziemlich grossen Schuppen be-
152 1415 1437 1462 deckten Spierling oder Cyprinus aphya verstanden haben mag. Soviel geht
153 1472 1434 1510 aus den neueren ichthyologischen Studien der skandinavischen Zoologen Ek-
313 1519 1437 1560 ström, Nilsson und Krøyer hervor, dass sich weder auf der skandina-
154 1565 1438 1609 vischen Halbinsel noch in Dänemark bis jetzt ein Fisch vorgefunden hat, der
1364 120 1422 148 219
650 121 909 149 Gattung: Telestes.
252 1699 1306 1731 Vergl. Nr. 11 f: pag. 386 und Nr. 11 g: pag. 100, ferner Nr. 11 h: pag. 31.
252 1734 990 1767 S. dessen Icones piscium Austriae. Dec. II. Tab. 15.
252 1773 875 1802 S. deren Süsswasserfische a. a. O. pag. 210.
252 1808 1436 1841 Vergl. Artedi Nr. 1: Synonymia nominum piscium. pag. 12. nr. 23. u. pag. 13. nr. 29.
172 1844 1383 1878 Ferner Linné: Nr. 2: pag. 528. nr. 10. Cyprinus Phoxinus und nr. 11. Cyprinus Aphya.
253 1883 627 1914 A. a. O. pag. 131. nr. 374.
253 1913 1393 1949 S. dessen Zoologiae danicae Prodromus. Havniae. 1776. pag. 50. nr. 430 u. 431.
254 1955 1231 1984 S. dessen Fauna suecica, Lipsiae. 1800. pag. 356. nr. 111 u. nr. 112.
253 1985 1437 2019 S. dessen Prodromus Ichthyologiae scandinavicae. Lundae. 1832. pag. 29. nr. 7 u.
174 2023 229 2044 nr. 8.
254 2059 938 2090 Vergl Nr. 3 a: Th. III. pag. 143. Taf. 97. Fig. 2.
254 2093 1035 2122 Vergl. dessen Fische in den Scheeren von Mörkö. 1835.
254 2128 826 2153 S. dessen Skandinavisk Fauna. IV. 1855.
255 2160 1013 2189 S. dessen Danmarks Fiske. III. 1846—1853. pag. 526.
