<?xml version="1.0" encoding="UTF-8"?>
<PcGts xmlns="http://schema.primaresearch.org/PAGE/gts/pagecontent/2019-07-15" xmlns:xsi="http://www.w3.org/2001/XMLSchema-instance" xsi:schemaLocation="http://schema.primaresearch.org/PAGE/gts/pagecontent/2019-07-15 http://schema.primaresearch.org/PAGE/gts/pagecontent/2019-07-15/pagecontent.xsd">
<Metadata>
<Creator>regJS2PAGE.py</Creator>
<Created>2021-02-16T11:02:16.025508</Created>
<LastChange>2021-02-16T11:02:16.025508</LastChange>
</Metadata>
<Page imageFilename="tmp/siebold_suesswasserfische_1863_0100.png" imageWidth="1600" imageHeight="2360">
<TextRegion id="block_0" custom="structure {type:body;}">
<Coords points="123,201 123,244 121,249 121,293 121,299 121,340 120,348 120,390 121,397 121,439 120,446 120,489 120,496 120,537 120,546 199,546 199,589 199,595 119,595 119,638 119,645 119,689 118,694 118,732 119,743 119,785 120,792 120,832 118,840 118,884 118,890 118,933 118,940 118,981 117,989 117,1033 119,1036 119,1079 118,1087 118,1131 118,1135 118,1181 117,1184 117,1230 114,1235 114,1277 118,1285 118,1327 118,1332 118,1379 117,1382 117,1425 117,1431 197,1431 197,1474 197,1480 118,1480 118,1523 118,1530 118,1574 117,1580 117,1622 117,1629 117,1667 119,1679 119,1720 116,1727 116,1772 118,1780 118,1823 118,1827 118,1868 1411,1868 1411,1827 1412,1823 1412,1780 1410,1772 1410,1727 1410,1720 1410,1679 1408,1667 1408,1629 1410,1622 1410,1580 1410,1574 1410,1530 1410,1523 1410,1480 1410,1474 1410,1431 1377,1431 1377,1425 1377,1382 1410,1382 1410,1379 1410,1332 1408,1327 1408,1285 1408,1277 1408,1235 1410,1230 1410,1184 1409,1181 1409,1135 1410,1131 1410,1087 1410,1079 1410,1036 1410,1033 1410,989 1410,981 1410,940 1409,933 1409,890 1410,884 1410,840 1410,832 1410,792 1408,785 1408,743 1408,732 1408,694 1375,694 1375,689 1375,645 1405,645 1405,638 1405,595 1409,589 1409,546 1090,546 1090,537 1090,496 1408,496 1408,489 1408,446 1407,439 1407,397 1408,390 1408,348 1407,340 1407,299 1404,293 1404,249 1407,244 1407,201 123,201"/>
<TextLine id="line_0">
<Coords points="123,201 219,201 234,210 300,210 314,201 387,201 405,201 591,201 611,203 681,203 697,204 839,204 859,205 917,205 934,204 1111,204 1135,206 1192,206 1215,208 1407,208 1407,244 1215,244 1192,234 1135,234 1111,243 934,243 917,233 859,233 839,243 697,243 681,232 611,232 591,239 405,239 387,228 314,228 300,229 234,229 219,236 123,236 123,201"/>
<Baseline points="123,236 219,236 234,229 300,229 314,228 387,228 405,239 591,239 611,232 681,232 697,243 839,243 859,233 917,233 934,243 1111,243 1135,234 1192,234 1215,244 1407,244"/>
<TextEquiv><Unicode>Bringt man noch in Betracht, dass Kramer und Fitzinger den ungarischen</Unicode></TextEquiv>
</TextLine>

<TextLine id="line_1">
<Coords points="121,249 248,249 267,250 343,250 363,259 418,259 438,251 481,251 503,252 566,252 583,254 710,254 731,254 784,254 801,255 953,255 970,254 1098,254 1113,257 1282,257 1298,257 1404,257 1404,293 1298,293 1282,292 1113,292 1098,290 970,290 953,290 801,290 784,282 731,282 710,281 583,281 566,280 503,280 481,278 438,278 418,277 363,277 343,277 267,277 248,286 121,286 121,249"/>
<Baseline points="121,286 248,286 267,277 343,277 363,277 418,277 438,278 481,278 503,280 566,280 583,281 710,281 731,282 784,282 801,290 953,290 970,290 1098,290 1113,292 1282,292 1298,293 1404,293"/>
<TextEquiv><Unicode>Karpfen auch nur als eine Varietät des gemeinen Karpfen angesehen haben,</Unicode></TextEquiv>
</TextLine>

<TextLine id="line_2">
<Coords points="121,308 151,308 173,299 240,299 258,308 289,308 307,299 382,299 400,301 621,301 636,304 819,304 840,313 926,313 947,304 992,304 1008,304 1162,304 1182,305 1251,305 1269,315 1323,315 1339,306 1407,306 1407,334 1339,334 1323,333 1269,333 1251,333 1182,333 1162,340 1008,340 992,331 947,331 926,331 840,331 819,339 636,339 621,337 400,337 382,326 307,326 289,326 258,326 240,326 173,326 151,326 121,326 121,308"/>
<Baseline points="121,326 151,326 173,326 240,326 258,326 289,326 307,326 382,326 400,337 621,337 636,339 819,339 840,331 926,331 947,331 992,331 1008,340 1162,340 1182,333 1251,333 1269,333 1323,333 1339,334 1407,334"/>
<TextEquiv><Unicode>so darf es wohl gerechtfertigt erscheinen, wenn ich annehme, dass von dem</Unicode></TextEquiv>
</TextLine>

<TextLine id="line_3">
<Coords points="120,356 174,356 191,348 286,348 302,350 489,350 506,352 658,352 674,353 802,353 819,354 883,354 896,354 985,354 1002,362 1058,362 1070,353 1237,353 1253,355 1305,355 1320,355 1408,355 1408,390 1320,390 1305,382 1253,382 1237,381 1070,381 1058,380 1002,380 985,381 896,381 883,380 819,380 802,388 674,388 658,386 506,386 489,381 302,381 286,383 191,383 174,375 120,375 120,356"/>
<Baseline points="120,375 174,375 191,383 286,383 302,381 489,381 506,386 658,386 674,388 802,388 819,380 883,380 896,381 985,381 1002,380 1058,380 1070,381 1237,381 1253,382 1305,382 1320,390 1408,390"/>
<TextEquiv><Unicode>nur wenig gestreckten gemeinen Karpfen eine Reihe von Varietäten mit lang-</Unicode></TextEquiv>
</TextLine>

<TextLine id="line_4">
<Coords points="121,397 282,397 295,398 479,398 496,400 629,400 648,405 732,405 748,402 882,402 899,402 952,402 970,403 999,403 1014,402 1186,402 1203,403 1250,403 1267,414 1313,414 1330,404 1407,404 1407,431 1330,431 1313,431 1267,431 1250,431 1203,431 1186,439 1014,439 999,430 970,430 952,430 899,430 882,430 748,430 732,429 648,429 629,437 496,437 479,434 295,434 282,433 121,433 121,397"/>
<Baseline points="121,433 282,433 295,434 479,434 496,437 629,437 648,429 732,429 748,430 882,430 899,430 952,430 970,430 999,430 1014,439 1186,439 1203,431 1250,431 1267,431 1313,431 1330,431 1407,431"/>
<TextEquiv><Unicode>streckiger Körperform ausgeht, unter welchen der C. hungaricus die am mei-</Unicode></TextEquiv>
</TextLine>

<TextLine id="line_5">
<Coords points="120,450 185,450 202,446 228,446 244,446 291,446 308,448 402,448 419,450 586,450 599,451 673,451 674,450 844,450 865,452 1007,452 1023,452 1076,452 1093,453 1122,453 1137,453 1244,453 1259,454 1408,454 1408,481 1259,481 1244,489 1137,489 1122,480 1093,480 1076,480 1023,480 1007,480 865,480 844,487 674,487 673,478 599,478 586,484 419,484 402,483 308,483 291,474 244,474 228,474 202,474 185,473 120,473 120,450"/>
<Baseline points="120,473 185,473 202,474 228,474 244,474 291,474 308,483 402,483 419,484 586,484 599,478 673,478 674,487 844,487 865,480 1007,480 1023,480 1076,480 1093,480 1122,480 1137,489 1244,489 1259,481 1408,481"/>
<TextEquiv><Unicode>sten in die Länge gestreckte Form darstellt, während der C. Regina zwischen</Unicode></TextEquiv>
</TextLine>

<TextLine id="line_6">
<Coords points="120,496 229,496 244,497 366,497 383,497 426,497 444,499 784,499 800,502 826,502 839,501 893,501 908,502 985,502 1002,503 1090,503 1090,530 1002,530 985,529 908,529 893,529 839,529 826,529 800,529 784,537 444,537 426,525 383,525 366,524 244,524 229,524 120,524 120,496"/>
<Baseline points="120,524 229,524 244,524 366,524 383,525 426,525 444,537 784,537 800,529 826,529 839,529 893,529 908,529 985,529 1002,530 1090,530"/>
<TextEquiv><Unicode>beiden Formen als Uebergangs-Varietät in der Mitte steht.</Unicode></TextEquiv>
</TextLine>

<TextLine id="line_7">
<Coords points="199,546 249,546 266,547 371,547 387,548 476,548 493,548 546,548 561,550 738,550 763,560 799,560 811,551 946,551 968,551 1022,551 1037,553 1170,553 1187,552 1277,552 1290,552 1341,552 1355,552 1409,552 1409,580 1355,580 1341,580 1290,580 1277,589 1187,589 1170,588 1037,588 1022,580 968,580 946,579 811,579 799,579 763,579 738,586 561,586 546,576 493,576 476,576 387,576 371,574 266,574 249,573 199,573 199,546"/>
<Baseline points="199,573 249,573 266,574 371,574 387,576 476,576 493,576 546,576 561,586 738,586 763,579 799,579 811,579 946,579 968,580 1022,580 1037,588 1170,588 1187,589 1277,589 1290,580 1341,580 1355,580 1409,580"/>
<TextEquiv><Unicode>Die zweite Reihe der Varietäten, zu welchen der gemeine Karpf auf der</Unicode></TextEquiv>
</TextLine>

<TextLine id="line_8">
<Coords points="119,595 250,595 267,597 346,597 363,602 502,602 518,599 603,599 623,600 747,600 762,599 809,599 825,601 1025,601 1042,602 1258,602 1274,604 1405,604 1405,637 1274,637 1258,638 1042,638 1025,635 825,635 809,628 762,628 747,628 623,628 603,635 518,635 502,625 363,625 346,624 267,624 250,624 119,624 119,595"/>
<Baseline points="119,624 250,624 267,624 346,624 363,625 502,625 518,635 603,635 623,628 747,628 762,628 809,628 825,635 1025,635 1042,638 1258,638 1274,637 1405,637"/>
<TextEquiv><Unicode>anderen Seite ausarten kann, umfasst die kurzleibigen hochrückigen Formen,</Unicode></TextEquiv>
</TextLine>

<TextLine id="line_9">
<Coords points="119,649 204,649 224,645 320,645 345,646 392,646 408,656 464,656 480,648 591,648 607,648 665,648 682,650 761,650 786,649 904,649 927,660 992,660 1008,651 1054,651 1080,652 1123,652 1150,653 1180,653 1199,653 1375,653 1375,680 1199,680 1180,680 1150,680 1123,680 1080,680 1054,689 1008,689 992,687 927,687 904,686 786,686 761,677 682,677 665,676 607,676 591,675 480,675 464,674 408,674 392,674 345,674 320,673 224,673 204,672 119,672 119,649"/>
<Baseline points="119,672 204,672 224,673 320,673 345,674 392,674 408,674 464,674 480,675 591,675 607,676 665,676 682,677 761,677 786,686 904,686 927,687 992,687 1008,689 1054,689 1080,680 1123,680 1150,680 1180,680 1199,680 1375,680"/>
<TextEquiv><Unicode>unter denen die von Heckel und Kner (a. a. O. pag. 59) als C. acuminatus</Unicode></TextEquiv>
</TextLine>

<TextLine id="line_10">
<Coords points="118,694 333,694 356,695 416,695 436,696 626,696 648,699 729,699 750,700 811,700 835,700 878,700 900,699 947,699 969,700 1105,700 1131,701 1191,701 1216,711 1261,711 1284,702 1408,702 1408,729 1284,729 1261,728 1216,728 1191,728 1131,728 1105,728 969,728 947,727 900,727 878,727 835,727 811,727 750,727 729,726 648,726 626,732 436,732 416,723 356,723 333,723 118,723 118,694"/>
<Baseline points="118,723 333,723 356,723 416,723 436,732 626,732 648,726 729,726 750,727 811,727 835,727 878,727 900,727 947,727 969,728 1105,728 1131,728 1191,728 1216,728 1261,728 1284,729 1408,729"/>
<TextEquiv><Unicode>beschriebene und abgebildete Form sich als die kürzeste und am meisten</Unicode></TextEquiv>
</TextLine>

<TextLine id="line_11">
<Coords points="119,743 312,743 343,745 470,745 498,746 695,746 742,749 780,749 810,748 951,748 985,748 1067,748 1098,749 1300,749 1336,750 1408,750 1408,778 1336,778 1300,785 1098,785 1067,775 985,775 951,776 810,776 780,775 742,775 695,774 498,774 470,780 343,780 312,779 119,779 119,743"/>
<Baseline points="119,779 312,779 343,780 470,780 498,774 695,774 742,775 780,775 810,776 951,776 985,775 1067,775 1098,785 1300,785 1336,778 1408,778"/>
<TextEquiv><Unicode>hochrückige Spielart auszeichnet. Es bewohnt diese Karpfenform nach</Unicode></TextEquiv>
</TextLine>

<TextLine id="line_12">
<Coords points="120,792 254,792 270,792 331,792 347,793 449,793 461,792 582,792 598,794 645,794 653,795 762,795 782,796 839,796 846,797 1043,797 1050,797 1111,797 1119,798 1296,798 1320,799 1410,799 1410,826 1320,826 1296,825 1119,825 1111,825 1050,825 1043,824 846,824 839,824 782,824 762,832 653,832 645,822 598,822 582,830 461,830 449,820 347,820 331,819 270,819 254,819 120,819 120,792"/>
<Baseline points="120,819 254,819 270,819 331,819 347,820 449,820 461,830 582,830 598,822 645,822 653,832 762,832 782,824 839,824 846,824 1043,824 1050,825 1111,825 1119,825 1296,825 1320,826 1410,826"/>
<TextEquiv><Unicode>Heckel’s und Kner’s Angabe die Donau, den Neusiedler- und Plattensee. Unter</Unicode></TextEquiv>
</TextLine>

<TextLine id="line_13">
<Coords points="118,840 175,840 192,840 424,840 441,842 641,842 656,844 716,844 728,845 944,845 953,846 1175,846 1192,847 1307,847 1320,848 1410,848 1410,876 1320,876 1307,875 1192,875 1175,884 953,884 944,881 728,881 716,872 656,872 641,878 441,878 424,870 192,870 175,868 118,868 118,840"/>
<Baseline points="118,868 175,868 192,870 424,870 441,878 641,878 656,872 716,872 728,881 944,881 953,884 1175,884 1192,875 1307,875 1320,876 1410,876"/>
<TextEquiv><Unicode>den verschiedenen kurzleibigen und hochrückigen Teichkarpfen, welche nebst</Unicode></TextEquiv>
</TextLine>

<TextLine id="line_14">
<Coords points="118,890 176,890 198,891 441,891 464,893 491,893 512,902 630,902 644,892 753,892 774,904 826,904 853,895 907,895 928,896 1099,896 1126,907 1182,907 1202,897 1409,897 1409,925 1202,925 1182,925 1126,925 1099,933 928,933 907,923 853,923 826,923 774,923 753,922 644,922 630,928 512,928 491,920 464,920 441,928 198,928 176,917 118,917 118,890"/>
<Baseline points="118,917 176,917 198,928 441,928 464,920 491,920 512,928 630,928 644,922 753,922 774,923 826,923 853,923 907,923 928,933 1099,933 1126,925 1182,925 1202,925 1409,925"/>
<TextEquiv><Unicode>den Spiegelkarpfen in grosser Anzahl aus der Umgegend von Dünkelsbühl</Unicode></TextEquiv>
</TextLine>

<TextLine id="line_15">
<Coords points="118,949 183,949 205,940 336,940 358,940 461,940 486,942 620,942 646,943 777,943 808,945 915,945 938,947 983,947 1004,956 1040,956 1059,947 1296,947 1316,948 1410,948 1410,977 1316,977 1296,976 1059,976 1040,975 1004,975 983,975 938,975 915,974 808,974 777,981 646,981 620,978 486,978 461,969 358,969 336,968 205,968 183,968 118,968 118,949"/>
<Baseline points="118,968 183,968 205,968 336,968 358,969 461,969 486,978 620,978 646,981 777,981 808,974 915,974 938,975 983,975 1004,975 1040,975 1059,976 1296,976 1316,977 1410,977"/>
<TextEquiv><Unicode>zum Verkauf hieher geliefert werden, konnte ich zu verschiedenen Malen</Unicode></TextEquiv>
</TextLine>

<TextLine id="line_16">
<Coords points="117,989 216,989 233,993 364,993 381,992 503,992 518,993 754,993 773,995 824,995 837,996 951,996 968,996 1015,996 1032,996 1256,996 1271,998 1331,998 1343,998 1410,998 1410,1025 1343,1025 1331,1025 1271,1025 1256,1033 1032,1033 1015,1024 968,1024 951,1024 837,1024 824,1022 773,1022 754,1030 518,1030 503,1019 381,1019 364,1017 233,1017 216,1016 117,1016 117,989"/>
<Baseline points="117,1016 216,1016 233,1017 364,1017 381,1019 503,1019 518,1030 754,1030 773,1022 824,1022 837,1024 951,1024 968,1024 1015,1024 1032,1033 1256,1033 1271,1025 1331,1025 1343,1025 1410,1025"/>
<TextEquiv><Unicode>solche extreme Formen unterscheiden, auf welche die Beschreibung und Ab-</Unicode></TextEquiv>
</TextLine>

<TextLine id="line_17">
<Coords points="119,1036 242,1036 254,1038 340,1038 358,1040 388,1040 407,1041 585,1041 605,1042 782,1042 803,1048 920,1048 946,1044 988,1044 1009,1044 1154,1044 1175,1044 1339,1044 1355,1056 1410,1056 1410,1076 1355,1076 1339,1074 1175,1074 1154,1072 1009,1072 988,1071 946,1071 920,1079 803,1079 782,1078 605,1078 585,1069 407,1069 388,1067 358,1067 340,1073 254,1073 242,1074 119,1074 119,1036"/>
<Baseline points="119,1074 242,1074 254,1073 340,1073 358,1067 388,1067 407,1069 585,1069 605,1078 782,1078 803,1079 920,1079 946,1071 988,1071 1009,1072 1154,1072 1175,1074 1339,1074 1355,1076 1410,1076"/>
<TextEquiv><Unicode>bildung jenes C. acuminatus vollständig passte: sie besassen denselben zu-</Unicode></TextEquiv>
</TextLine>

<TextLine id="line_18">
<Coords points="118,1087 281,1087 297,1088 380,1088 405,1089 469,1089 491,1089 602,1089 624,1091 719,1091 738,1092 809,1092 832,1092 909,1092 930,1093 1066,1093 1082,1093 1266,1093 1286,1096 1348,1096 1363,1097 1410,1097 1410,1124 1363,1124 1348,1124 1286,1124 1266,1131 1082,1131 1066,1128 930,1128 909,1120 832,1120 809,1118 738,1118 719,1119 624,1119 602,1117 491,1117 469,1116 405,1116 380,1124 297,1124 281,1123 118,1123 118,1087"/>
<Baseline points="118,1123 281,1123 297,1124 380,1124 405,1116 469,1116 491,1117 602,1117 624,1119 719,1119 738,1118 809,1118 832,1120 909,1120 930,1128 1066,1128 1082,1131 1266,1131 1286,1124 1348,1124 1363,1124 1410,1124"/>
<TextEquiv><Unicode>gespitzten Kopf, eine ebenso schief nach oben gestellte Mundspalte und ein</Unicode></TextEquiv>
</TextLine>

<TextLine id="line_19">
<Coords points="118,1145 187,1145 211,1135 341,1135 363,1138 430,1138 451,1138 671,1138 687,1141 902,1141 928,1141 1037,1141 1053,1143 1248,1143 1267,1146 1318,1146 1341,1146 1409,1146 1409,1175 1341,1175 1318,1173 1267,1173 1248,1181 1053,1181 1037,1171 928,1171 902,1178 687,1178 671,1176 451,1176 430,1164 363,1164 341,1171 211,1171 187,1171 118,1171 118,1145"/>
<Baseline points="118,1171 187,1171 211,1171 341,1171 363,1164 430,1164 451,1176 671,1176 687,1178 902,1178 928,1171 1037,1171 1053,1181 1248,1181 1267,1173 1318,1173 1341,1175 1409,1175"/>
<TextEquiv><Unicode>ganz gleiches steil aufsteigendes Rückenprofil, dessen Höhenpunkt mit dem</Unicode></TextEquiv>
</TextLine>

<TextLine id="line_20">
<Coords points="117,1184 247,1184 274,1184 327,1184 343,1187 552,1187 576,1190 805,1190 842,1190 892,1190 916,1191 1030,1191 1053,1193 1267,1193 1288,1196 1410,1196 1410,1223 1288,1223 1267,1230 1053,1230 1030,1219 916,1219 892,1217 842,1217 805,1217 576,1217 552,1216 343,1216 327,1213 274,1213 247,1220 117,1220 117,1184"/>
<Baseline points="117,1220 247,1220 274,1213 327,1213 343,1216 552,1216 576,1217 805,1217 842,1217 892,1217 916,1219 1030,1219 1053,1230 1267,1230 1288,1223 1410,1223"/>
<TextEquiv><Unicode>Anfange der Rückenflosse zusammenfiel. Die minder hochrückigen Formen</Unicode></TextEquiv>
</TextLine>

<TextLine id="line_21">
<Coords points="114,1235 200,1235 216,1235 401,1235 419,1237 631,1237 652,1239 800,1239 817,1238 949,1238 967,1240 1018,1240 1034,1240 1093,1240 1108,1251 1165,1251 1180,1244 1348,1244 1364,1245 1408,1245 1408,1272 1364,1272 1348,1272 1180,1272 1165,1270 1108,1270 1093,1269 1034,1269 1018,1268 967,1268 949,1277 817,1277 800,1268 652,1268 631,1276 419,1276 401,1264 216,1264 200,1270 114,1270 114,1235"/>
<Baseline points="114,1270 200,1270 216,1264 401,1264 419,1276 631,1276 652,1268 800,1268 817,1277 949,1277 967,1268 1018,1268 1034,1269 1093,1269 1108,1270 1165,1270 1180,1272 1348,1272 1364,1272 1408,1272"/>
<TextEquiv><Unicode>jener fränkischen Teichkarpfen stimmten dagegen mit den von Bonaparte als</Unicode></TextEquiv>
</TextLine>

<TextLine id="line_22">
<Coords points="118,1285 148,1285 168,1285 270,1285 284,1285 346,1285 361,1286 450,1286 466,1288 676,1288 693,1287 848,1287 870,1289 1002,1289 1028,1299 1059,1299 1081,1290 1151,1290 1168,1291 1213,1291 1230,1293 1281,1293 1296,1294 1408,1294 1408,1321 1296,1321 1281,1319 1230,1319 1213,1319 1168,1319 1151,1318 1081,1318 1059,1317 1028,1317 1002,1325 870,1325 848,1327 693,1327 676,1324 466,1324 450,1315 361,1315 346,1313 284,1313 270,1321 168,1321 148,1312 118,1312 118,1285"/>
<Baseline points="118,1312 148,1312 168,1321 270,1321 284,1313 346,1313 361,1315 450,1315 466,1324 676,1324 693,1327 848,1327 870,1325 1002,1325 1028,1317 1059,1317 1081,1318 1151,1318 1168,1319 1213,1319 1230,1319 1281,1319 1296,1321 1408,1321"/>
<TextEquiv><Unicode>C. Carpio und elatus abgebildeten Karpfen überein, so dass ich mit Heckel</Unicode></TextEquiv>
</TextLine>

<TextLine id="line_23">
<Coords points="118,1332 178,1332 190,1334 269,1334 284,1333 318,1333 329,1344 354,1344 365,1336 399,1336 418,1345 484,1345 495,1336 540,1336 561,1337 757,1337 773,1338 865,1338 880,1339 1107,1339 1124,1340 1184,1340 1204,1340 1262,1340 1271,1342 1410,1342 1410,1379 1271,1379 1262,1369 1204,1369 1184,1376 1124,1376 1107,1368 880,1368 865,1366 773,1366 757,1366 561,1366 540,1373 495,1373 484,1372 418,1372 399,1363 365,1363 354,1361 329,1361 318,1371 284,1371 269,1360 190,1360 178,1361 118,1361 118,1332"/>
<Baseline points="118,1361 178,1361 190,1360 269,1360 284,1371 318,1371 329,1361 354,1361 365,1363 399,1363 418,1372 484,1372 495,1373 540,1373 561,1366 757,1366 773,1366 865,1366 880,1368 1107,1368 1124,1376 1184,1376 1204,1369 1262,1369 1271,1379 1410,1379"/>
<TextEquiv><Unicode>und Kner (a. a. O. pag. 63) vollkommen damit einverstanden bin, den Cyprinus</Unicode></TextEquiv>
</TextLine>

<TextLine id="line_24">
<Coords points="117,1382 207,1382 223,1382 277,1382 293,1384 461,1384 477,1394 533,1394 548,1385 594,1385 608,1387 672,1387 689,1388 818,1388 834,1387 887,1387 904,1389 1058,1389 1074,1389 1201,1389 1216,1398 1251,1398 1266,1390 1377,1390 1377,1419 1266,1419 1251,1417 1216,1417 1201,1425 1074,1425 1058,1424 904,1424 887,1415 834,1415 818,1416 689,1416 672,1413 608,1413 594,1413 548,1413 533,1412 477,1412 461,1412 293,1412 277,1409 223,1409 207,1410 117,1410 117,1382"/>
<Baseline points="117,1410 207,1410 223,1409 277,1409 293,1412 461,1412 477,1412 533,1412 548,1413 594,1413 608,1413 672,1413 689,1416 818,1416 834,1415 887,1415 904,1424 1058,1424 1074,1425 1201,1425 1216,1417 1251,1417 1266,1419 1377,1419"/>
<TextEquiv><Unicode>elatus des Bonaparte nur für eine Varietät des gemeinen Karpfen zu halten.</Unicode></TextEquiv>
</TextLine>

<TextLine id="line_25">
<Coords points="197,1431 237,1431 253,1431 351,1431 369,1433 518,1433 538,1435 698,1435 722,1436 906,1436 932,1437 1001,1437 1019,1438 1066,1438 1083,1438 1315,1438 1331,1441 1410,1441 1410,1469 1331,1469 1315,1468 1083,1468 1066,1467 1019,1467 1001,1466 932,1466 906,1474 722,1474 698,1463 538,1463 518,1461 369,1461 351,1459 253,1459 237,1458 197,1458 197,1431"/>
<Baseline points="197,1458 237,1458 253,1459 351,1459 369,1461 518,1461 538,1463 698,1463 722,1474 906,1474 932,1466 1001,1466 1019,1467 1066,1467 1083,1468 1315,1468 1331,1469 1410,1469"/>
<TextEquiv><Unicode>Es dürfte vielleicht auffallend erscheinen, dass die verschiedenen Kar-</Unicode></TextEquiv>
</TextLine>

<TextLine id="line_26">
<Coords points="118,1480 310,1480 335,1482 391,1482 409,1483 439,1483 457,1484 640,1484 659,1487 774,1487 799,1488 977,1488 998,1488 1059,1488 1079,1489 1168,1489 1190,1489 1264,1489 1284,1499 1410,1499 1410,1519 1284,1519 1264,1517 1190,1517 1168,1517 1079,1517 1059,1516 998,1516 977,1516 799,1516 774,1523 659,1523 640,1521 457,1521 439,1511 409,1511 391,1510 335,1510 310,1517 118,1517 118,1480"/>
<Baseline points="118,1517 310,1517 335,1510 391,1510 409,1511 439,1511 457,1521 640,1521 659,1523 774,1523 799,1516 977,1516 998,1516 1059,1516 1079,1517 1168,1517 1190,1517 1264,1517 1284,1519 1410,1519"/>
<TextEquiv><Unicode>pfenformen, wie C. hungaricus, Regina, acuminatus und elatus auch ausser-</Unicode></TextEquiv>
</TextLine>

<TextLine id="line_27">
<Coords points="118,1530 187,1530 203,1531 320,1531 335,1530 396,1530 412,1531 512,1531 527,1534 707,1534 723,1533 862,1533 889,1546 920,1546 944,1537 1031,1537 1047,1537 1094,1537 1111,1539 1197,1539 1216,1539 1410,1539 1410,1574 1216,1574 1197,1566 1111,1566 1094,1566 1047,1566 1031,1574 944,1574 920,1564 889,1564 862,1567 723,1567 707,1571 527,1571 512,1560 412,1560 396,1558 335,1558 320,1566 203,1566 187,1558 118,1558 118,1530"/>
<Baseline points="118,1558 187,1558 203,1566 320,1566 335,1558 396,1558 412,1560 512,1560 527,1571 707,1571 723,1567 862,1567 889,1564 920,1564 944,1574 1031,1574 1047,1566 1094,1566 1111,1566 1197,1566 1216,1574 1410,1574"/>
<TextEquiv><Unicode>halb Ungarn und Italien angetroffen werden; es hängt die weite Verbreitung</Unicode></TextEquiv>
</TextLine>

<TextLine id="line_28">
<Coords points="117,1580 171,1580 193,1580 510,1580 538,1583 648,1583 672,1582 762,1582 783,1593 962,1593 988,1587 1057,1587 1080,1587 1127,1587 1148,1586 1410,1586 1410,1622 1148,1622 1127,1615 1080,1615 1057,1615 988,1615 962,1622 783,1622 762,1610 672,1610 648,1618 538,1618 510,1617 193,1617 171,1608 117,1608 117,1580"/>
<Baseline points="117,1608 171,1608 193,1617 510,1617 538,1618 648,1618 672,1610 762,1610 783,1622 962,1622 988,1615 1057,1615 1080,1615 1127,1615 1148,1622 1410,1622"/>
<TextEquiv><Unicode>der Karpfen-Varietäten gewiss damit zusammen, dass die Lebenszähigkeit</Unicode></TextEquiv>
</TextLine>

<TextLine id="line_29">
<Coords points="117,1629 171,1629 185,1630 314,1630 330,1640 362,1640 379,1630 496,1630 522,1629 569,1629 592,1632 827,1632 842,1636 1009,1636 1032,1636 1194,1636 1211,1636 1304,1636 1320,1635 1408,1635 1408,1663 1320,1663 1304,1664 1211,1664 1194,1664 1032,1664 1009,1664 842,1664 827,1661 592,1661 569,1657 522,1657 496,1665 379,1665 362,1658 330,1658 314,1667 185,1667 171,1657 117,1657 117,1629"/>
<Baseline points="117,1657 171,1657 185,1667 314,1667 330,1658 362,1658 379,1665 496,1665 522,1657 569,1657 592,1661 827,1661 842,1664 1009,1664 1032,1664 1194,1664 1211,1664 1304,1664 1320,1663 1408,1663"/>
<TextEquiv><Unicode>der Karpfen es zuliess, die verschiedenen Varietäten desselben durch weite</Unicode></TextEquiv>
</TextLine>

<TextLine id="line_30">
<Coords points="119,1679 293,1679 310,1680 384,1680 400,1680 478,1680 494,1679 674,1679 691,1682 831,1682 847,1683 895,1683 911,1684 1059,1684 1075,1694 1109,1694 1126,1684 1322,1684 1342,1694 1410,1694 1410,1713 1342,1713 1322,1720 1126,1720 1109,1712 1075,1712 1059,1712 911,1712 895,1710 847,1710 831,1719 691,1719 674,1716 494,1716 478,1708 400,1708 384,1707 310,1707 293,1716 119,1716 119,1679"/>
<Baseline points="119,1716 293,1716 310,1707 384,1707 400,1708 478,1708 494,1716 674,1716 691,1719 831,1719 847,1710 895,1710 911,1712 1059,1712 1075,1712 1109,1712 1126,1720 1322,1720 1342,1713 1410,1713"/>
<TextEquiv><Unicode>Transporte nach allen Richtungen Europa’s hin künstlich zu verpflanzen, wo-</Unicode></TextEquiv>
</TextLine>

<TextLine id="line_31">
<Coords points="116,1727 165,1727 187,1730 249,1730 270,1730 390,1730 407,1729 498,1729 519,1730 652,1730 673,1732 730,1732 755,1731 865,1731 887,1732 1021,1732 1042,1744 1097,1744 1113,1743 1219,1743 1241,1740 1410,1740 1410,1772 1241,1772 1219,1763 1113,1763 1097,1764 1042,1764 1021,1770 887,1770 865,1760 755,1760 730,1769 673,1769 652,1760 519,1760 498,1759 407,1759 390,1758 270,1758 249,1758 187,1758 165,1757 116,1757 116,1727"/>
<Baseline points="116,1757 165,1757 187,1758 249,1758 270,1758 390,1758 407,1759 498,1759 519,1760 652,1760 673,1769 730,1769 755,1760 865,1760 887,1770 1021,1770 1042,1764 1097,1764 1113,1763 1219,1763 1241,1772 1410,1772"/>
<TextEquiv><Unicode>bei sich manche Abart erhalten hat, andere dagegen von neuem ausgeartet</Unicode></TextEquiv>
</TextLine>

<TextLine id="line_32">
<Coords points="118,1780 182,1780 202,1789 278,1789 316,1782 354,1782 376,1781 513,1781 529,1783 603,1783 625,1783 653,1783 673,1782 730,1782 750,1784 848,1784 869,1782 929,1782 951,1784 1227,1784 1246,1790 1332,1790 1354,1786 1412,1786 1412,1815 1354,1815 1332,1815 1246,1815 1227,1823 951,1823 929,1811 869,1811 848,1812 750,1812 730,1811 673,1811 653,1811 625,1811 603,1811 529,1811 513,1810 376,1810 354,1808 316,1808 278,1818 202,1818 182,1808 118,1808 118,1780"/>
<Baseline points="118,1808 182,1808 202,1818 278,1818 316,1808 354,1808 376,1810 513,1810 529,1811 603,1811 625,1811 653,1811 673,1811 730,1811 750,1812 848,1812 869,1811 929,1811 951,1823 1227,1823 1246,1815 1332,1815 1354,1815 1412,1815"/>
<TextEquiv><Unicode>sein mag. So kommen auch in den Maas- und Mosel-Gegenden unter den</Unicode></TextEquiv>
</TextLine>

<TextLine id="line_33">
<Coords points="118,1827 245,1827 261,1832 427,1832 443,1840 503,1840 527,1832 574,1832 597,1834 658,1834 680,1834 824,1834 846,1834 897,1834 912,1835 959,1835 976,1836 1077,1836 1094,1838 1265,1838 1279,1837 1411,1837 1411,1865 1279,1865 1265,1866 1094,1866 1077,1864 976,1864 959,1864 912,1864 897,1862 846,1862 824,1862 680,1862 658,1861 597,1861 574,1860 527,1860 503,1868 443,1868 427,1859 261,1859 245,1867 118,1867 118,1827"/>
<Baseline points="118,1867 245,1867 261,1859 427,1859 443,1868 503,1868 527,1860 574,1860 597,1861 658,1861 680,1862 824,1862 846,1862 897,1862 912,1864 959,1864 976,1864 1077,1864 1094,1866 1265,1866 1279,1865 1411,1865"/>
<TextEquiv><Unicode>Karpfen Varietäten vor, die sich ebenfalls auf die vorhin erwähnten Abarten</Unicode></TextEquiv>
</TextLine>

</TextRegion>
<TextRegion id="block_1" custom="structure {type:pageNum;}">
<Coords points="1368,128 1368,156 1405,156 1405,128 1368,128"/>
<TextLine id="line_34">
<Coords points="1368,128 1405,128 1405,156 1368,156 1368,128"/>
<Baseline points="1368,156 1405,156"/>
<TextEquiv><Unicode>87</Unicode></TextEquiv>
</TextLine>

</TextRegion>
<TextRegion id="block_2" custom="structure {type:header;}">
<Coords points="622,125 622,155 899,155 899,125 622,125"/>
<TextLine id="line_35">
<Coords points="622,125 745,125 765,127 899,127 899,155 765,155 745,154 622,154 622,125"/>
<Baseline points="622,154 745,154 765,155 899,155"/>
<TextEquiv><Unicode>Gattung: Cyprinus.</Unicode></TextEquiv>
</TextLine>

</TextRegion>
<TextRegion id="block_3" custom="structure {type:note;}">
<Coords points="224,1939 224,1973 224,1968 118,1968 118,2006 118,2007 224,2007 224,2044 224,2039 118,2039 118,2061 118,2075 226,2075 226,2113 226,2109 118,2109 118,2147 118,2145 227,2145 227,2180 227,2180 118,2180 118,2212 705,2212 705,2180 1408,2180 1408,2180 1408,2145 922,2145 922,2147 922,2109 1410,2109 1410,2113 1410,2075 238,2075 238,2061 238,2039 1407,2039 1407,2044 1407,2007 575,2007 575,2006 575,1968 1408,1968 1408,1973 1408,1939 224,1939"/>
<TextLine id="line_36">
<Coords points="224,1939 248,1939 263,1939 368,1939 388,1940 515,1940 530,1941 703,1941 718,1943 742,1943 756,1943 904,1943 923,1951 967,1951 979,1945 1107,1945 1126,1946 1268,1946 1287,1941 1408,1941 1408,1964 1287,1964 1268,1968 1126,1968 1107,1968 979,1968 967,1973 923,1973 904,1971 756,1971 742,1964 718,1964 703,1969 530,1969 515,1963 388,1963 368,1962 263,1962 248,1960 224,1960 224,1939"/>
<Baseline points="224,1960 248,1960 263,1962 368,1962 388,1963 515,1963 530,1969 703,1969 718,1964 742,1964 756,1971 904,1971 923,1973 967,1973 979,1968 1107,1968 1126,1968 1268,1968 1287,1964 1408,1964"/>
<TextEquiv><Unicode>S. dessen: Elenchus vegetabilium et animplium per Austriam inferiorem observa-</Unicode></TextEquiv>
</TextLine>

<TextLine id="line_37">
<Coords points="118,1968 210,1968 233,1974 303,1974 324,1981 380,1981 392,1977 445,1977 467,1975 509,1975 522,1977 575,1977 575,2006 522,2006 509,1997 467,1997 445,1998 392,1998 380,2003 324,2003 303,1996 233,1996 210,1992 118,1992 118,1968"/>
<Baseline points="118,1992 210,1992 233,1996 303,1996 324,2003 380,2003 392,1998 445,1998 467,1997 509,1997 522,2006 575,2006"/>
<TextEquiv><Unicode>torum. 1756. pag. 390. Nr. 4. γ.</Unicode></TextEquiv>
</TextLine>

<TextLine id="line_38">
<Coords points="224,2007 248,2007 263,2008 367,2008 389,2011 471,2011 490,2011 534,2011 553,2011 780,2011 799,2014 936,2014 957,2022 1011,2022 1022,2017 1048,2017 1069,2021 1123,2021 1135,2014 1188,2014 1211,2012 1235,2012 1252,2010 1338,2010 1354,2018 1407,2018 1407,2036 1354,2036 1338,2039 1252,2039 1235,2034 1211,2034 1188,2035 1135,2035 1123,2044 1069,2044 1048,2038 1022,2038 1011,2038 957,2038 936,2041 799,2041 780,2039 553,2039 534,2033 490,2033 471,2033 389,2033 367,2032 263,2032 248,2028 224,2028 224,2007"/>
<Baseline points="224,2028 248,2028 263,2032 367,2032 389,2033 471,2033 490,2033 534,2033 553,2039 780,2039 799,2041 936,2041 957,2038 1011,2038 1022,2038 1048,2038 1069,2044 1123,2044 1135,2035 1188,2035 1211,2034 1235,2034 1252,2039 1338,2039 1354,2036 1407,2036"/>
<TextEquiv><Unicode>S. dessen: Fauna des Erzherzogthums Oestreich, a. a. O. pag. 333. C. Carpio var.</Unicode></TextEquiv>
</TextLine>

<TextLine id="line_39">
<Coords points="118,2039 238,2039 238,2061 118,2061 118,2039"/>
<Baseline points="118,2061 238,2061"/>
<TextEquiv><Unicode>lacustris.</Unicode></TextEquiv>
</TextLine>

<TextLine id="line_40">
<Coords points="226,2075 324,2075 338,2079 406,2079 419,2081 505,2081 517,2082 584,2082 598,2083 770,2083 784,2084 821,2084 830,2085 854,2085 862,2076 992,2076 1005,2083 1056,2083 1069,2081 1191,2081 1204,2081 1228,2081 1245,2082 1328,2082 1337,2092 1341,2092 1354,2085 1410,2085 1410,2107 1354,2107 1341,2106 1337,2106 1328,2105 1245,2105 1228,2103 1204,2103 1191,2104 1069,2104 1056,2105 1005,2105 992,2113 862,2113 854,2107 830,2107 821,2106 784,2106 770,2112 598,2112 584,2105 517,2105 505,2104 419,2104 406,2103 338,2103 324,2099 226,2099 226,2075"/>
<Baseline points="226,2099 324,2099 338,2103 406,2103 419,2104 505,2104 517,2105 584,2105 598,2112 770,2112 784,2106 821,2106 830,2107 854,2107 862,2113 992,2113 1005,2105 1056,2105 1069,2104 1191,2104 1204,2103 1228,2103 1245,2105 1328,2105 1337,2106 1341,2106 1354,2107 1410,2107"/>
<TextEquiv><Unicode>Heckel hatte früher diese Karpfenform als C. angulatus und thermalis in seiner: Dis-</Unicode></TextEquiv>
</TextLine>

<TextLine id="line_41">
<Coords points="118,2109 210,2109 223,2111 327,2111 344,2113 419,2113 435,2117 537,2117 553,2124 575,2124 587,2124 609,2124 620,2119 646,2119 662,2125 716,2125 728,2120 756,2120 773,2118 922,2118 922,2146 773,2146 756,2140 728,2140 716,2147 662,2147 646,2140 620,2140 609,2140 587,2140 575,2140 553,2140 537,2145 435,2145 419,2137 344,2137 327,2138 223,2138 210,2136 118,2136 118,2109"/>
<Baseline points="118,2136 210,2136 223,2138 327,2138 344,2137 419,2137 435,2145 537,2145 553,2140 575,2140 587,2140 609,2140 620,2140 646,2140 662,2147 716,2147 728,2140 756,2140 773,2146 922,2146"/>
<TextEquiv><Unicode>positio system. famil. Cyprin. a. a. O. pag. 23 aufgeführt.</Unicode></TextEquiv>
</TextLine>

<TextLine id="line_42">
<Coords points="227,2145 306,2145 321,2146 424,2146 446,2150 600,2150 619,2155 711,2155 732,2153 782,2153 792,2154 831,2154 852,2152 966,2152 986,2149 1045,2149 1065,2150 1112,2150 1129,2153 1141,2153 1157,2158 1180,2158 1195,2154 1217,2154 1240,2155 1289,2155 1303,2156 1408,2156 1408,2179 1303,2179 1289,2177 1240,2177 1217,2180 1195,2180 1180,2174 1157,2174 1141,2172 1129,2172 1112,2179 1065,2179 1045,2180 986,2180 966,2174 852,2174 831,2175 792,2175 782,2175 732,2175 711,2175 619,2175 600,2178 446,2178 424,2170 321,2170 306,2172 227,2172 227,2145"/>
<Baseline points="227,2172 306,2172 321,2170 424,2170 446,2178 600,2178 619,2175 711,2175 732,2175 782,2175 792,2175 831,2175 852,2174 966,2174 986,2180 1045,2180 1065,2179 1112,2179 1129,2172 1141,2172 1157,2174 1180,2174 1195,2180 1217,2180 1240,2177 1289,2177 1303,2179 1408,2179"/>
<TextEquiv><Unicode>Vergl. dessen: Iconografia a. a. O. Fol. 92. Tav. 108 (24). Fig. 2 u. 3, und dessen:</Unicode></TextEquiv>
</TextLine>

<TextLine id="line_43">
<Coords points="118,2180 235,2180 250,2181 341,2181 358,2188 379,2188 392,2189 412,2189 424,2185 450,2185 466,2191 521,2191 531,2187 570,2187 586,2187 640,2187 653,2188 705,2188 705,2209 653,2209 640,2208 586,2208 570,2207 531,2207 521,2212 466,2212 450,2205 424,2205 412,2204 392,2204 379,2204 358,2204 341,2203 250,2203 235,2209 118,2209 118,2180"/>
<Baseline points="118,2209 235,2209 250,2203 341,2203 358,2204 379,2204 392,2204 412,2204 424,2205 450,2205 466,2212 521,2212 531,2207 570,2207 586,2208 640,2208 653,2209 705,2209"/>
<TextEquiv><Unicode>Catalogo metod. a. a. O. pag. 26. Nr.. 146.</Unicode></TextEquiv>
</TextLine>

</TextRegion>
</Page>
</PcGts>