1600 2360
276 197 1539 235 aufgeführten Fische ihrer ungenügenden Beschreibung wegen bis jetzt nicht
276 245 1548 283 gedeutet werden, weshalb es um so mehr zu bedauern ist, dass Bennet und
276 292 1556 331 Olivier in ihrer Uebersicht der niederländischen Fische die Arbeiten des
275 344 1534 380 Gronovius fast ganz unberücksichtigt gelassen haben. Auch in der erst kürz-
276 391 1556 430 lich bekannt gemachten Beschreibung der Wirbelthiere der Niederlande hat
276 440 1556 483 Schlegel unter den Süsswasserfischen diejenigen Formen, welche von
275 489 1552 530 Gronovius erwähnt worden sind, aber bisher nicht gedeutet werden konnten,
276 539 987 576 keiner näheren Untersuchung unterworfen.
354 589 1552 632 Ueber die Fische des Weser-Gebietes hat die Literatur nicht eine einzige
272 639 1558 681 Arbeit von Bedeutung aufzuweisen. Es sind nur einige wenige Fischverzeich-
274 679 1558 732 nisse bekannt gemacht worden, von denen in dem einen Schreiber die
273 738 1493 781 Werra-Fische aufgezählt hat, während in einem anderen von Schwaab die
272 788 1535 823 Fische Kurhessens ohne Angabe der Volksnamen und der Fundorte zusammen-
273 836 1559 880 gestellt worden sind. In einem dritten von Heineken abgefassten Verzeich-
273 887 1535 920 nisse der Weser-Fische vermisst man sowohl bei den lateinischen wie deut-
273 936 1513 975 schen Bezeichnungen die nothwendige Correctheit. Ein viertes von Seetzen
272 986 1555 1025 angefertigtes lateinisches Verzeichniss der die Wesermündung bewohnenden
273 1033 1559 1076 Fische kann bei Hinweglassung der Provincialnamen dieser Fische nur gerin-
272 1085 663 1122 ges Interesse gewähren.
352 1134 1560 1176 Das Elbe-Gebiet, zu welchem ich auch die über Meklenburg und Holstein
271 1184 1561 1223 sich ausbreitenden Landseen zählen will, hat mit seinen bis in das Herz von
271 1234 1560 1275 Mitteleuropa sich hineinerstreckenden Quellen und Seitenflüssen einen grossen
270 1284 1561 1325 Reichthum an Fischen aufzuweisen, welcher verschiedene wichtige ichthyolo-
270 1332 1558 1369 gische Arbeiten hervorgerufen hat. Von den Fischen der böhmischen Elbe
270 1379 1559 1421 mit ihren Seitenflüssen wurden zu sehr verschiedenen Zeiten durch Balbin,
277 121 314 149 38
833 120 1003 150 Literatur.
453 1480 1546 1515 J. A. Bennet & G. van Olivier: Naamlijst van Nederlandsche Visschen, vergl.
270 1517 1550 1554 Natuurkundige Verhandelingen van de Hollandsche Maatschappij der Wetenschappen te
270 1552 1550 1584 Haarlem. X. Haarlem, 1824. Es werden hier 40 holländische Süsswasserfische beschreiben.
455 1587 1554 1618 H. Schlegel: De Dieren van Nederland. Gewervelde Dieren. Visschen. Haar-
270 1623 1555 1656 lem, 1862. In dieser Schrift, welche einen Theil der Natuurlijke Historie van Nederland
269 1660 1537 1691 ausmacht, hat der Verfasser 37 Süsswasserfische als Bewohner der Niederlande beschrieben
270 1696 759 1724 und zum Theil bildlich dargestellt.
452 1733 1557 1768 C. Schreiber: Physikalisch-medizinische Topographie des Physikats-Bezirks
268 1770 1541 1802 Eschwege, vergl. die Schriften der Gesellschaft zur Beförderung der gesammten Naturwis-
268 1806 984 1838 senschaften zu Marburg. Bd. VII. 1849. pag. 117.
450 1844 1556 1883 W. Schwaab: Geographische Naturkunde von Kurhessen. Cassel, 1851. pag. 78.
266 1880 803 1909 Hier werden 33 Fischarten aufgezählt.
450 1915 1555 1952 Heineken: Die freie Stadt Bremen und ihr Gebiet. Bd. 1. 1830. pag. 148. Das
267 1952 1348 1981 Fischverzeichniss dieser Schrift enthält 34 Süsswasser- und Wander-Fische.
448 1988 1557 2019 Seetzen: Verzeichniss der Fische in den Gewässern der Herrschaft Jever,
267 2024 1545 2056 vergl. Meyer: zoologische Annalen. Bd. I. Weimar, 1794. pag. 309. Von den in diesem
267 2060 1557 2090 lateinischen Verzeichnisse aufgeführten 49 Arten Süsswasser- und Wander-Fische werden
268 2095 1451 2127 sich bei genauerer Prüfung jedenfalls mehrere als unrichtig bestimmt herausstellen.
449 2132 1548 2164 B. Balbin: Miscellanea historica regni Bohemiae, Pragae, 1679. Decas I.
268 2168 992 2203 Liber I. Caput 52—57. De piscibus Bohemiae etc.
