1600 2360
239 171 1528 219 auf Farbe und Zeichnung Artkennzeichen der Fische zu gründen . Schon die
239 227 1529 268 Grundfarbe unserer Süsswasserfische allein ist äusserst wandelbar, welche
239 276 1529 317 bei manchen Fischen vom tiefsten Schwarz in vollständige Farblosigkeit über-
239 325 1528 362 gehen kann. Wegen derselben Veränderlichkeit kann auf die Farbe des Fisch-
239 375 1527 415 rückens als Artkennzeichen gar kein Werth gelegt werden, indem dergleichen
239 424 1528 465 Farbenveränderungen selbst an einem und demselben Individuum wahrge-
238 473 1526 510 nommen werden können. Es steht dieser Farbenwechsel, welcher zum Theil
238 521 1530 560 durch innere Lebenszustände, zum Theil durch äussere Einflüsse veranlasst
238 573 1529 613 werden kann, in einem innigen Zusammenhange mit den höchst merkwürdi-
237 622 1528 661 gen Chromatophoren oder Hohlräumen, welche sowohl in den oberflächlichen
237 671 1529 713 wie in den tieferen Schichten der Cutis unserer Süsswasserfische eingebettet
239 721 1526 760 liegen und ein sehr feinkörniges schwarzes oder rothes Pigment enthalten.
237 770 1529 811 Diese Chromatophoren besitzen ähnlich wie die berühmten Chromatophoren
237 820 1529 856 der Cephalopoden Contractionsfähigkeit. Sie können sich nicht so schnell wie
237 868 1529 905 diese abwechselnd expandiren und contrahiren, indem sie sich zwar ziemlich
237 918 1485 956 rasch contrahiren, aber einen längeren Zeitraum zum expandiren bedürfen.
317 967 1528 1007 Höchst wahrscheinlich befindet sich das feinkörnige Pigment innerhalb
237 1016 1528 1053 einer contractilen Substanz suspendirt, durch deren Contractions- und Ex-
236 1063 1531 1106 pansionsfähigkeit, wie das schon Leydig  von den Chromatophoren der Rep-
237 1114 1531 1156 tilien angenommen hat, die verschiedenen Formen und Ausbreitungen der
237 1163 1530 1206 Chromatophoren der Fische bewirkt werden. Die schwarzkörnigen Chroma-
237 1213 1529 1252 tophoren der Fische besitzen im expandirten Zustande die bekannte stern-
237 1263 1528 1300 förmige Gestalt mit vielen ausgezeichnet langen und vielfach verästelten
236 1312 1528 1347 Strahlen, während die rothkörnigen Chromatophoren sich niemals mit sol-
237 1359 1530 1400 chen zierlichen Formen ausbreiten, immer um vieles kleiner sind, und nur
237 1406 1528 1441 einzelne kürzere kaum verästelte Fortsätze an sich wahrnehmen lassen. Trotz
236 1454 1529 1491 dieser ausserordentlichen Verschiedenheit des äusseren Ansehens ziehen sich
236 1502 1530 1541 beide Chromatophoren-Arten zu winzig kleinen rundlichen schwarzen oder
237 1552 1528 1597 rothen Puncten zusammen, wodurch eine vorher schwarz oder roth gefärbte
236 1599 936 1641 Stelle ganz blass oder farblos erscheint .
317 1648 1529 1694 Es ist sehr auffallend, dass man bisher die eigenthümliche Contrac-
238 1699 1524 1745 tionsfähigkeit der Chromatophoren der Fische ganz unbeachtet gelassen hat,
237 1748 1527 1797 während der oft sehr auffallende von dieser Eigenschaft zunächst ausgehende
241 102 277 129 14
784 103 980 130 Einleitung.
331 1892 1528 1925 Aus diesem Grunde habe ich die für einzelne Arten unserer Süsswasserfische charak-
237 1928 1558 1963 teristischen Färbungen und Zeichnungen immer nur als ein untergeordnetes Merkmal in Pa-
238 1963 776 1994 renthese den Art-Diagnosen beigefügt.
333 2000 1529 2039 Vergl. dessen Lehrbuch der Histologie des Menschen und der Thiere. 1857. pag. 26
239 2038 341 2060 und 99.
333 2073 1527 2103 Von diesen contractilen rothen Pigmentfiguren müssen andere rothe und stets starre
237 2108 1525 2139 Pigmentirungen unserer Fische wohl unterschieden werden, welche von nichts anderem,
236 2145 1277 2176 als von unregelmässigen Ansammlungen röthlicher Fetttropfen herrühren.
