1600 2360
177 190 1378 236 Dass die zur Herbstzeit in das Meer hinausgewanderten Aale wirklich
100 230 1380 284 dort ihr Fortpflanzungsgeschäft vollziehen, darüber kann kein Zweifel mehr
100 277 1382 331 herrschen, indem das Product dieses Geschäfts, die Aalbrut in der darauf
100 327 1380 384 folgenden Frühjahrszeit zu Milliarden aus dem Meere in die Mündungen der
99 382 1379 425 süssen Gewässer eintritt, die Flüsse hinaufwandert und sich in die verschie-
99 425 1380 475 denen vom Meere oft weit entfernten fliessenden und stehenden Gewässer
98 481 1377 531 zertheilt. Es wurden über diese Wanderungen der jungen, bindfadendicken
97 529 1378 576 und nur ein Paar Zoll langen, braungelben Aale aus den verschiedensten Ge-
98 580 1378 629 genden Europa’s Berichte erstattet, die ich hier gesammelt habe, um zu zei-
97 630 1377 675 gen, dass diese beobachteten Wanderungen der Aalbrut als keine vereinzelte
96 677 1377 728 etwa durch besondere Localitätsverhältnisse hervorgerufene Erscheinung in
95 719 1377 772 der Lebensgeschichte der Aale zu betrachten sind, wobei es freilich noch im-
96 776 1377 824 mer unausgemacht bleibt, ob die jungen Aale von oviparen oder viviparen
96 816 1377 875 Eltern zur Welt gekommen sind. Schon Franciscus Redi erzählte, dass von
96 864 1378 915 Ende Januar bis Ende April alljährlich die Aalbrut den Arno hinaufwandert
95 920 1378 971 und dass im Jahre 1667 bei Pisa an einer Stelle des genannten Flusses inner-
95 962 1377 1022 halb fünf Stunden über drei Millionen Pfund dieser Aale gefangen worden
94 1018 1376 1064 seien. Redi  bildete zugleich diese jungen Aale in der natürlichen Grösse
94 1069 1376 1111 von 1 ½ bis 5 Zoll Länge ab und fügt hinzu, dass die drei kleinsten Sorten die
95 1118 1377 1166 grösste Zahl dieser bergaufwandernden Aale ausmachten. Zur Bevölkerung
94 1159 1377 1209 der in Teiche abgetheilten Lagunen von Comacchio werden nach den Mitthei-
95 1205 1376 1263 lungen Spallanzani’s  und Coste’s (a. a. O. pag. 20) vom Februar bis April ge-
94 1261 1375 1307 wisse Schleussen geöffnet, um den jungen haardünnen Aalen den Eintritt aus
94 1305 1376 1355 dem Meere in diese Teiche zu gestatten. Dieser Eintritt der Aalbrut wird
94 1352 1375 1407 die Montata genannt; die auf diese Weise in die Lagunen von Comacchio ein-
93 1408 1371 1457 getretenen Aale verweilen nun hier fünf bis sechs Jahre und suchen alsdann,
91 1447 1376 1508 je nach der in geringerer oder grösserer Menge dargebotenen Nahrung bis zu
94 1497 1375 1554 drei, acht, zehn Pfund und darüber herangewachsen, vom October bis De-
76 1554 1375 1601 cember durch die Calata wieder in’s Meer zu gelangen, bei welcher Aus-
93 1601 1376 1651 wanderung durch eigenthümliche labyrinthartige Vorrichtungen der Fang der
93 1650 1371 1701 ausgewachsenen Aale von Statten geht . Spallanzani berichtet ferner ,
94 1690 1374 1751 dass die Aale des Orbitello-See so fein wie ein Haar in den Monaten März, April
93 1745 1374 1792 und Mai besonders bei trübem und stürmischem Wetter millionenweise aus
1322 126 1379 154 353
601 119 865 148 Gattung: Anguilla.
139 2185 1173 2220 v. Siebold, Fische. 23
196 1867 1372 1906 S. dessen: Opusculorum Pars III. sive de animalculis vivis, quae in corporibus ani-
92 1893 1370 1946 malium vivorum reperiuntur, observationes. Edit. Lugdun. Batav. 1729. pag. 100. Tab. 14.
108 1934 233 1959 Fig. 1—7.
195 1973 1289 2011 Vergl. dessen: Opuscoli due sopra le anguille. Op. I. Cap. 1. pag. 503 u. 507.
194 2007 1373 2043 Die Aale erhalten in den verschiedenen, bis zu 1, 3, 4 oder 5 Pfund und darüber
92 2035 1372 2080 ausgewachsenen Alterszuständen die bestimmten Namen: priscetti, anguillaci, roche, mig-
91 2064 1370 2110 liorumenti, nach denen der Werth dieses sehr gesuchten Handelsartikels abgeschätzt wird.
111 2108 495 2139 Vergl. Coste a. a. O. pag. 49.
193 2146 967 2178 S. Spallanzani: Viagg. alle due Sicili a. a. O. pag. 144.
