1600 2360
349 199 1568 240 Durch einen Ungenannten sind 35 Fische als Bewohner des Rheins
268 250 1561 288 und dessen Nebenflüsse bei Basel mit ihren Volksnamen aufgezählt und zu-
269 300 1565 339 gleich über die Fangmethoden einiger Rheinfische Mittheilungen gemacht
269 349 401 378 worden.
349 397 1563 436 Von Wartmann, einem Arzte zu St. Gallen, wurde die Naturgeschichte
269 444 1559 486 einiger Salmoneer des Bodensees in verschiedenen Aufsätzen besprochen.
267 493 1564 535 In der von Hartmann herausgegebenen Beschreibung des Bodensees ist ein
267 546 1554 584 Abschnitt den Thieren gewidmet, die sich in dem See und an seinen Ufern
268 596 1543 633 aufhalten. Es werden hier 26 Bodensee-Fische aufgeführt und beschrieben,
268 644 1562 684 während in der helvetischen Ichthyologie desselben Verfassers sowohl die
268 689 1562 730 Fische des Bodensees wie auch die Fische der übrigen Schweizer-Seen und
268 744 1561 781 der Flüsse des schweizerischen Rheingebiets eine genaue Berücksichtigung
269 794 545 830 gefunden haben.
348 841 1560 881 Eine Beschreibung der Bodensee-Fische ist durch Nenning, Professor
268 890 1567 930 zu Constanz bekannt gemacht worden. Schinz hat seiner Uebersetzung
270 125 308 154 32
829 125 999 148 Literatur.
451 984 1568 1016 Vergl. Bruckner’s Merkwürdigkeiten der Landschaft Basel. Stück V, Ba-
268 1021 1559 1053 sel, 1750, pag. 554: Von dem Nasenfange an der Birsbrücke, Stück VI, 1751, pag. 632:
267 1054 1568 1088 Von dem Lachsfange, und pag. 648: Die Fische, so bei Basel im Rheinflusse gefangen
268 1095 381 1118 werden.
461 1125 1565 1159 Wartmann: a. Beschreibung und Naturgeschichte des Blaufelchen, vergl. die
267 1160 1564 1197 Beschäftigungen der Berlinischen Gesellschaft naturforschender Freunde. Bd. III. 1777.
286 1207 395 1233 pag. 184.
332 1235 1565 1269 b. Von den Rheinanken oder Illanken, vergl. die Schriften der Berlinischen Gesellschaft
268 1273 987 1301 naturforschender Freunde. Bd. IV. 1783. pag. 55.
332 1308 724 1336 c. Von dem Fischbrod, und
331 1340 1563 1371 d. Fernere Nachricht vom Fischbrod, vergleich. den Naturforscher, Stück 21, 1785,
268 1377 834 1411 pag. 113 und Stück 22, 1787, pag. 113.
451 1412 1558 1441 G. L. Hartmann: a. Versuch einer Beschreibung des Bodensees, St. Gallen, 1808.
333 1450 1564 1482 b. Helvetische Ichthyologie oder ausführliche Naturgeschichte der in der Schweiz sich
267 1488 770 1517 vorfindenden Fische, Zürich, 1827.
450 1522 1557 1548 St. Nenning: Die Fische des Bodensees nach ihrer äusseren Erscheinung.
267 1562 490 1589 Constanz, 1834.
332 1594 1548 1624 Für diese Schrift waren wahrscheinlich jene sechs grossen Blätter mit 26 lithographir-
267 1629 1563 1662 ten und colorirten Abbildungen bestimmt gewesen, welche in Constanz angefertigt aber
267 1666 1563 1697 nicht in den Buchhandel gekommen sind. Rapp (vergl. dessen Fische des Bodensees,
268 1699 1553 1739 pag. 2) hat sich über diese Abbildungen in folgender Weise ausgesprochen. »Die zum Theil
268 1716 1563 1775 unrichtige Nomenclatur von Nenning ist beibehalten, einige Bilder scheinen unvollendet
267 1769 1563 1811 geblieben zu sein, so findet man bei dem Barsch, bei der Schleihe, beim Gangfisch und
267 1813 1560 1847 einigen anderen die Schuppen gar nicht angedeutet, auf einige wichtige Merkmale ist nicht
268 1848 1534 1881 Rücksicht genommen, so vermisst man bei der Barbe die Angabe des knöchernen Strahls
267 1884 1550 1918 in der Rückenflosse. Das Colorit lässt vieles zu wünschen übrig«. Trotz dieser Mängel war
266 1920 1535 1954 es mir sehr erwünscht gewesen, noch ein Exemplar dieser Abbildungen in Constanz er-
267 1956 1556 1991 halten zu haben, da ich nur mit Hülfe dieser Iconographie mehrere von Nenning unrichtig
266 1992 1008 2023 bestimmte Fische zu deuten im Stande gewesen bin.
450 2016 1552 2059 H. R. Schinz: a. Das Thierreich von Cuvier übersetzt und mit vielen Zusätzen
267 2063 938 2100 versehen. Stuttgart u. Tübingen, 1822. Bd. II.
332 2075 1550 2130 b. Fauna helvetica oder Verzeichniss der in der Schweiz vorkommenden Wirbel-
268 2134 1539 2169 thiere, vergl. die neuen Denkschriften der allgemeinen Schweizerischen Gesellschaft für
266 2171 1360 2207 die gesammten Naturwissenschaften. Bd. I. Neuchatel und Solothurn, 1837.
