1600 2360
141 188 1424 235 nischen Fische den Spierling mit Stillschweigen. Nach Leske, Bujack und
142 234 1423 284 Gloger existirt weder in Sachsen, Preussen noch in Schlesien ein karpfen-
141 287 1424 331 artiger Fisch mit dem Provincialnamen »Spierling«. Dagegen kömmt für den
142 332 1424 379 Salmoneer Osmerus eperlanus statt des bekannten Trivialnamens »Stint« in
141 386 1425 430 gewissen Gegenden von Norddeutschland die Bezeichnung »Spiering« oder
140 432 1424 479 »Spierling« vor, welche Namen in dieser Bedeutung schon von Gesner er-
140 485 1424 528 wähnt werden; es wäre daher möglich, dass Bloch durch irgend eine Ver-
141 535 1424 578 wechslung verleitet den Namen »Spierling« von einem Salmoneer auf einen
143 580 1420 628 Cyprinoiden übertragen habe. Ich hoffte übrigens über die Verwirrung,
142 633 1424 677 welche durch Bloch’s Cyprinus aphya veranlasst wurde, mir dadurch einige
142 679 1424 727 Klarheit zu verschaffen, dass ich die in dem zoologischen Cabinete zu Ber-
142 727 1424 774 lin aufbewahrten Original-Exemplare der Fischsammlung Bloch’s einer ge-
141 784 1423 823 naueren Musterung unterwarf. Ich benutzte den Spätsommer von 1860 zu
143 824 1421 872 dieser Musterung, welche mir von Seiten des Directors jenes Cabinets,
143 874 1427 922 des Herrn Professor Peters auf eine sehr zuvorkommende Weise gestattet
143 930 1427 973 worden war, und erkannte bald, dass diese Verwirrung von Bloch selbst
142 982 1426 1019 ausgegangen war, indem er verschiedene aus Süddeutschland an ihn ein-
143 1030 1425 1071 gesendete Exemplare von zwei bis drei unter einander verwandten Cypri-
142 1077 1426 1117 nus-Arten nicht gehörig auseinander gehalten hatte. In dem erwähnten Cabi-
143 1129 1426 1165 nete befinden sich nämlich drei Gläser, welche nach der Aufschrift der Eti-
144 1179 1427 1209 quetten und nach dem verbleichten Ansehen des Inhalts von der Bloch’schen
145 1220 1425 1266 Sammlung herrühren und welche mir über die fraglichen Fische folgenden
143 1269 1426 1316 Aufschluss gaben. Das eine Glas enthielt unter der Bezeichnung (Cyprinus
144 1323 1424 1364 aphya L. Deutschland) ein Exemplar von Phoxinus laevis, auf der Etiquette
144 1374 1425 1413 war bereits von Agassiz eigenhändig die richtige Bestimmung dieses Fisches
144 1421 1426 1463 vorgenommen worden. Ein zweites Glas enthielt einen Tel. Agassizii und
145 1464 1424 1513 einen Phoxinus laevis zugleich und war mit dem Namen (Cyprinus Leuciscus L.
144 1509 1427 1563 Deutschland) etiquettirt. In einem dritten Glase war ein Squalius Leuciscus
144 1566 1426 1609 und zwei Individuen des Tel. Agassizii enthalten mit der Aufschrift (Cy-
141 1615 1425 1658 prinus Leuciscus L. Deutschland). Es wird hierdurch wahrscheinlich, dass
145 1656 1427 1709 Bloch und sein Maler jene drei verschiedenen Cyprinoiden bei Anfertigung
144 1705 1427 1757 ihrer Beschreibungen und Abbildungen durcheinander gemengt haben, und
145 1761 1428 1807 zwar durch eine Fischsendung veranlasst, welche Schrank aus Burghausen
145 1810 1426 1858 an der Salzach nach Berlin gemacht hatte. Letzterer wollte Bloch mit dem
145 1859 1427 1909 nur in Süddeutschland einheimischen Tel. Agassizii bekannt machen und
145 1908 1426 1958 sendete ihm mehrere Exemplare dieses Salzach-Fisches unter dem Volks-
1365 120 1422 148 221
651 119 912 147 Gattung: Telestes.
241 2091 1013 2128 Vergl. dessen Ichthyologiae Lipsiensis specimen. 1774.
242 2128 690 2155 S. dessen Fauna Prussica. 1837.
242 2163 897 2189 S. dessen Wirbelthier-Fauna Schlesiens. 1833.
