1600 2360
247 213 1534 251 Ray, welcher nach Willughby’s Tode dessen Schriften herausgab, erwähnte
248 262 1535 300 Baldner’s Manuscript in folgender Weise: »Jam ut opus hoc iconibus tum ele-
249 310 1534 349 gantissimis, tum vivarum avium simillimis illustraremus, plurimas coloribus
251 359 1533 398 depictas imagines conquisivimus: et primo avium omnium Rhenum fluvium
250 408 1536 447 frequentantium figuras praestantissimi artificis manu eleganter et accurate de-
252 459 1566 497 lineatas, et in unum volumen compactas, a Leonardo Baltner Aucupe et pi-
251 507 1536 547 scatore Argentinensi, qui aves ipsas occiderat, depingi fecerat et patria lingua
251 557 1539 598 descripserat, redemimus«. Ferner führt Ray an: »Ingeniosissimus D. Frede-
252 606 1536 647 ricus Slare M. D. Leonardi Baltneri Piscatoris Argentinensis Manuscriptum
251 657 1538 696 de piscibus Rhenanis, aliisque prope urbem eam captis, e Germanico Idiomate
253 707 1539 745 in Anglicum sermonem transtulit, quo nos, eo intellecto, et de Iconibus dubiis
253 756 1536 794 certiores redderemur, et inde excerpere possemus quae in rem nostram essent«.
333 799 1540 843 Von der Existenz eines dritten Exemplars des Baldner’schen Manuscripts
255 855 1541 885 in der Landesbibliothek zu Cassel erhielt ich die erste Notiz aus Nau’s Vorrede
253 904 1541 945 zu seinen Beiträgen zur Naturgeschichte des Mainzer Landes. Ich habe es
255 954 1542 994 dem liberalen Directorium der Casseler Landesbibliothek unter der gefälligen
256 1004 1542 1042 Vermittlung der hiesigen Staatsbibliotheks-Behörde zu verdanken, dass ich
256 1053 1544 1090 dieses kostbare Manuscript hier mit Musse benutzen konnte. Es ist dasselbe
257 1102 1540 1141 weit sorgfältiger und sauberer ausgestattet als das Strassburger Exemplar,
257 1152 1545 1192 trägt aber ganz dieselben Titel und dieselbe Jahreszahl (1666). In der Ab-
258 1201 1549 1240 theilung, welche den Fischen gewidmet ist, sind 49 Tafeln enthalten, auf
259 1252 1547 1288 welchen 6 Krebse und 46 Fischarten, Fischvarietäten und Fischmonstrositä-
258 1300 1546 1339 ten sehr sorgfältig und richtig colorirt dargestellt sind, nur drei Fische habe
260 1348 1548 1388 ich auch unter diesen Abbildungen nicht entziffern können. Einer jeden Ta-
260 1396 1549 1436 fel, welche zugleich über jedem dargestellten Fisch den in Strassburg ge-
260 1444 1549 1484 bräuchlichen deutschen Volksnamen als Aufschrift trägt, ist ein Blatt mit
261 1492 1548 1532 sorgfältig geschriebenem deutschen Texte beigefügt, welcher sich auf von
263 1542 1546 1585 Baldner selbst gemachte Beobachtungen über Lebensweise, Aufenthaltsort,
262 1571 1550 1639 Laichzeit des abgebildeten Fisches und auf dessen Bedeutung als Nahrungs-
263 1633 1551 1686 mittel bezieht. Dieser Text muss auch dem Londoner Manuscripte beigege-
262 1689 1551 1730 ben sein, da ich die in Willughby’s Historia piscium aus dem Londoner Ma-
251 137 289 166 34
807 135 976 158 Literatur.
265 1778 1551 1817 Argentinensis. Descripsit et depinxit Pisces et Aves, quae in Rheno et circa Argentoratum
265 1816 1563 1855 reperiuntur. Manuscriptum coëmit Eques Willoughby, et passim inseruit Ornithologiae et
266 1855 511 1888 Ichthyographiae«.
329 1890 1568 1924 Warum in Willughby’s Historia piscium der Name Baldner stets als Baltner citirt
266 1926 1566 1964 wird, worin auch Scheuchzer und Hermann gefolgt sind, ist mir unverständlich geblieben;
268 1963 1552 1998 sowohl in dem Manuscripte von Strassburg wie in dem von Cassel ist ganz deutlich »Bald-
268 2008 1560 2030 ner« zu lesen.
375 2037 1551 2071 Vergl. F. Willughbeii Ornithologiae libri tres. Totum opus recognovit etc. Joh.
271 2074 732 2105 Rajus. Londini, 1676. Praefatio.
379 2108 1554 2157 Vergl. F. Willughbeii de Historia piscium libri quatuor. Totum opus recognovit etc.
272 2145 788 2176 Joh. Rajus. Oxonii, 1686. Praefatio.
367 2166 693 2216 Vergl. Nr. 45 a: pag. 4.
