1600 2360
611 130 940 157 Gattung: Gasterosteus.
132 201 1421 243 betrachtet . Fries und Ekström erklärten die beiden Formen durch den Einfluss
132 250 1421 294 der Jahreszeiten entstanden , indem der Gasterost. aculeatus im Sommer als
132 300 1417 346 G. leiurus und im Winter als G. trachurus auftrete. Günther (Nr. 47: pag. 34)
131 347 1422 391 behauptet dagegen, dass die gepanzerte Form des Stichlings mehr dem Nor-
132 396 1424 441 den und die nackte Form mehr dem Süden angehöre. Mir scheint dies nicht
131 452 1422 490 ganz unwahrscheinlich, wenigstens habe ich aus Würzburg, Mainz, Strass-
131 495 1422 539 burg, Freiburg und Stuttgart nur G. leiurus erhalten, während mir von
130 545 1422 589 Berlin und Bremen sowohl die nackte wie die gepanzerte Form eingesendet
130 597 1422 638 wurde, und ich bei meiner letzten Anwesenheit in Ost- und Westpreussen
130 647 1419 684 nur den G. trachurus aus den dortigen Flüssen und Seen einsammeln konnte.
130 693 1421 736 Nach den Abbildungen zu schliessen, die sich als Originaldarstellungen des
129 740 1422 781 dreistacheligen Stichlings in den verschiedenen nordischen Fischfaunen vor-
130 790 1420 832 finden, scheint die gepanzerte Form als G. trachurus im nördlichen Europa
129 841 1421 881 am häufigsten vorzukommen. So hat Donovan den G. aculeatus nur gepan-
129 889 1422 932 zert und zugleich im rothgefärbten Brautkleide dargestellt . Ebenso beziehen
130 936 1419 981 sich die Abbildungen von Bloch  und Krøyer  auf den gepanzerten G.
130 988 1422 1029 aculeatus. Dagegen ersieht man aus den Abbildungen, welche Coste gelie-
129 1033 1421 1073 fert , dass derselbe in Paris seine weiter unten zu erwähnenden Beobach-
128 1085 1422 1125 tungen an G. leiurus angestellt hat. Es scheinen übrigens die verschiedenen
129 1130 1422 1175 Entwicklungszustände der knöchernen Hautbedeckung bei diesem Stichling
128 1184 1422 1224 von etwas anderem als von der Jahreszeit abhängig zu sein, denn aus einer
128 1228 1421 1270 Mittheilung Yarrell’s erfahren wir, dass derselbe im Monat August den
130 1276 1420 1317 G. trachurus, semiarmatus und leiurus an einem und demselben Ort
129 1327 1420 1368 gefangen habe, unter denen jedoch die erste Form stets die häufigste gewe-
128 1376 278 1414 sen sei .
207 1425 1418 1466 Der dreistachelige Stichling, der merkwürdiger Weise im Flussgebiete
129 1468 1419 1515 der Donau gänzlich fehlt, sonst aber in allen übrigen Stromgebieten Mittel-
128 1524 1419 1565 europa’s angetroffen wird, wählt sich im Rhein-Flussgebiet als Lieblingsauf-
128 1571 1416 1612 enthalt die kleineren Seitenbäche des Rheins, des Mains und des Neckars aus,
127 1614 1420 1660 im Rhein selbst sucht er die sogenannten todten Arme desselben auf, wo er
127 1665 1416 1706 sich bei länger anhaltendem Hochwasser zuweilen ausserordentlich vermehrt.
205 1718 1419 1758 Die Fähigkeit einer zeitweise ungeheuren Vermehrung tritt jedoch an
127 1760 1418 1808 diesem Fische im nördlichen Europa häufiger und auffallender hervor als an
1383 133 1420 161 67
1175 2199 1217 2226 5*
233 1915 813 1950 Vergl. Heckel und Kner Nr. 13: pag. 38.
233 1952 1412 1987 S. deren Skandinaviens Fiskar. Stockholm, 1836. 1. Hft. pag. 9 des latein. Textes.
127 1977 947 2019 Pl. 4. Fig. 1 a (im Winterkleid), Fig. 1 b (im Sommerkleid).
231 2020 1257 2053 S. dessen Natural history of british fishes. Vol. I. London, 1802. Pl. XI.
232 2053 566 2086 A. a. O. Taf. 53. Fig. 3.
229 2088 1115 2121 S. dessen Danmarks Fiske. I. Bd. Kjøbenhavn, 1838. pag. 169.
230 2121 1411 2155 Vergl. Mémoires de l’academie des sciences. Savants Etrangers. Tom. X. Paris, 1848.
230 2154 1136 2190 Vergl. The Magazine of natural history. Vol. III. 1830. pag. 524.
