1600 2360
135 193 1422 252 früh ein; ich sah unter denselben 5 Zoll lange Milchner und Rogener, deren
134 243 1421 294 Geschlechtsthätigkeit in vollem Gange war. Männchen und Weibchen erhalten
134 295 1420 348 während der Laichzeit durch Anhäufung von schwarzkörnigem Pigment ein
134 340 1420 394 dunkleres Ansehen auf dem Rücken, die schwarze Pigmentirung zieht sich
133 393 1421 439 an den Seiten des Leibes bis fast zur Bauchkante herab und macht so den
134 438 1421 488 Silberglanz matter. Zugleich tritt auch an den Flossen eine intensivere Fär-
132 486 1418 543 bung auf; die Brust- und Bauchflossen erscheinen auf der ganzen Fläche
133 540 1419 593 und die Afterflosse an der Basis tief orangenroth gefärbt, sogar an der Rük-
132 585 1418 643 ken- und Schwanz-Flosse schimmert durch die schwärzliche Pigmentirung
131 635 1417 684 der Grund röthlich hindurch. Bei den männlichen Individuen sind ausserdem
132 689 1419 740 noch die Rückenschuppen an ihrem Hinterrande mit äusserst kleinen, sehr
132 735 1416 782 schwer erkennbaren Hautkörnern besetzt, dieselben lassen sich mit Mühe
131 786 1417 830 auch auf dem Kiemendeckel-Apparat und auf der inneren Seite der vorderen
132 830 915 872 Strahlen des Brustflossen-Paares wahrnehmen.
140 887 1413 938 Eine Vergleichung des Abramis micropteryx und Abramis erythropterus,
130 932 1417 986 welche mir durch Coulon’s gefällige Zusendung von Originalexemplaren die-
130 984 1416 1035 ser durch Agassiz als neu aufgestellten Abramis-Arten gestattet war, hat
131 1029 1416 1074 mich zu der Ueberzeugung gebracht, dass diese Abramiden nur Varietäten der
129 1073 1415 1133 Blicca Björkna sind, deren Schlundknochen und Zahnsysteme (2.5—5.2) voll-
130 1120 1414 1175 kommen mit denen der genannten Blicca übereinstimmten. Auch die von
129 1171 1413 1230 Güldenstaedt  zuerst als Cyprinus Laskyr beschriebene und später von
129 1219 1413 1276 Heckel und Kner als Blicca Laskyr festgehaltene Fischspecies glaube ich ein-
129 1273 1413 1324 gehen lassen zu müssen, nachdem Nordmann  diesen Fisch in grosser An-
128 1321 1412 1373 zahl aus den dem Schwarzen Meere zufliessenden Flüssen zu vergleichen Ge-
129 1363 1412 1422 legenheit hatte, und darin nichts als eine Varietät der Blicca Björkna mit
128 1416 1411 1475 sehr entwickelten Flossen hat erkennen können. Eine mit den beiden von
128 1459 1411 1523 Nordmann an das Wiener Naturalien-Cabinet übersendeten Exemplaren des
127 1510 1408 1572 Laskyr vorgenommene Prüfung hat mich zu demselben Resultate geführt.
127 1557 1409 1620 Dass ich dem von Artedi und Linné zuerst eingeführten systematischen
128 1607 1408 1666 Species-Namen Björkna den übrigen Artbezeichnungen des Halbbrachsen
126 1655 1409 1709 den Vorzug gegeben habe, hierin glaubte ich den neueren schwedischen Ich-
126 1703 1408 1765 thyologen  folgen zu müssen, welche sämmtlich eingestehen, dass Artedi
125 1759 1408 1819 unter Björkna nichts anderes als den Cyprinus Blicca verstanden habe, bei
125 1801 1408 1867 dessen Beschreibung Bloch (a. a. O. pag. 68) selbst die Frage aufgeworfen
125 1849 1406 1909 hat: »sollte wohl der Björkna des Artedi und Linné unsere Güster sein?«
123 1897 1405 1965 Da Bloch ausdrücklich die Entscheidung dieser Frage den schwedischen
1365 138 1420 165 141
655 128 887 158 Gattung: Blicca.
227 1995 1018 2038 Vergl. Pallas: Zoographia rosso-asiatica. III. pag. 326.
226 2031 1401 2073 S. dessen: Observations sur la Faune pontique a. a. O. pag. 504. Tab. 22. Fig. 1.
121 2054 338 2095 Abramis Laskyr.
226 2099 1387 2140 Vergl. Ekström: Die Fische in den Scheeren von Mörkö. 1835. pag. 44, Nilsson:
123 2121 1400 2174 Prodromus Ichthyologiae skandinavicae, 1832. pag. 31 u. dessen: Skandinavisk Fauna IV.
123 2157 1276 2212 1855. pag. 328, ferner: Skandinaviens Fiskar a. a. O. Tab. 12. latein. Text pag. 36.
