1600 2360
132 213 1418 265 schon vor mehreren Jahren angestellte und im Jahre 1844 bekannt gemachte
131 260 1421 313 Beobachtungen , wogegen Coste erwiderte, dass er Lecoq’s ganze Notiz in
131 310 1420 365 seine Abhandlung mit aufgenommen und so gegen denselben seine Schuldig-
130 356 1420 406 keit gethan habe . Es muss aber auffallen, dass sowohl in den von Coste
131 405 1421 456 der Pariser Akademie mitgetheilten vorläufigen Notizen, wie in dessen aus-
130 454 1434 507 führlicherer Abhandlung über den Nestbau des Stichlings der Name Lecoq
131 506 1421 557 mit keiner Sylbe erwähnt wird , und dass man bei Lesung von Coste’s Ab-
129 553 1421 608 handlung nur aus dem einen Passus: »les Épinoches ne sont point monoga-
129 610 1421 656 mes, comme on l’a avancé« errathen kann , dass vor Coste schon jemand
128 653 1420 707 über diesen Gegenstand, wenn auch nicht ganz richtige und nicht erschöpfende
127 700 1417 755 Angaben, bekannt gemacht habe. Leider wurde weder von Lecoq  selbst,
126 753 1420 798 noch von Flourens, Valenciennes und Duméril, welche über Coste’s Beob-
126 801 1419 843 achtungen und über Lecoq’s Reclamation der Akademie Bericht abzustatten
126 848 1420 900 hatten , der Titel des Werkes oder der Zeitschrift angeführt, in welchen
126 898 1419 944 Lecoq seine Beobachtungen niedergelegt, so dass ich nicht im Stande bin zu
125 945 1419 1000 beurtheilen, wie viel oder wie wenig Lecoq über die Fortpflanzungsgeschichte
125 996 1420 1048 des Stichlings beobachtet und bekannt gemacht hat. Da aber schon lange vor
124 1045 1419 1097 Lecoq und Coste das Benehmen der nestbauenden Stichlinge von Engländern
124 1096 1419 1145 und Deutschen gekannt war, halte ich es um so mehr für angemessen, den
123 1143 1414 1193 älteren Beobachtern durch Mittheilung ihrer Erfahrungen gerecht zu werden,
124 1195 1418 1242 weil das von Coste allerdings in sehr anziehender Weise mitgetheilte Beneh-
123 1244 1416 1290 men des nestbauenden und die Brut bewachenden Stichlings in Deutschland
122 1292 1417 1337 als etwas ganz Neues so grosses Interesse erregte, dass die von Coste dar-
122 1340 1416 1387 über niedergeschriebene Abhandlung sammt den dazu gelieferten bildlichen
121 1387 1417 1435 Darstellungen theils in deutschen Schriften über Fischzucht, theils in deut-
122 1438 1264 1484 schen periodischen Unterhaltungs-Blättern übersetzt, erschienen ist.
273 1491 1416 1535 Die erste Nachricht über den Nestbau der Stichlinge haben wir John
121 1533 1417 1581 Hall zu verdanken, dessen Beobachtung im Jahre 1739 von Bradley nebst
122 1583 1416 1633 einer Abbildung des Nestes des dreistacheligen Stichlings bekannt gemacht
122 1634 1414 1681 wurde . Hall hatte das Bauen des aus Wurzelfasern angefertigten Nestes
120 1683 1414 1725 von Anfang bis zu Ende mitangesehen und Bradley vermuthete nach dem
613 142 939 170 Gattung: Gasterosteus.
1383 153 1420 181 69
227 1834 790 1870 Vergl. ebenda Tom. 23. 1846. pag. 1084.
225 1871 1413 1907 S. ebenda Tom. 23. pag. 1117, wo Coste unter anderen sagt: »Quant à moi, je crois
119 1902 1412 1946 avoir complétement rempli mon devoir d’historien impartial, en reproduisant dans mon
118 1932 729 1974 Mémoire la Note tout entière de M. Lecoq«.
224 1976 1408 2012 Vergl. die Mémoires présentés par divers savants à l’Académie des scrences. Tom. X.
120 2004 1180 2051 1848. pag. 575. Nidification des Epinoches et des Epinochettes; par Coste.
224 2045 459 2077 Ebenda pag. 588.
181 2078 571 2110 S. Compt. Rend. a. a. O.
225 2113 748 2150 Ebenda Tom. 23. pag. 333 und 1085.
224 2149 1407 2194 Vergl. a philosophical account of the works of nature by Richard Bradley. London,
120 2179 525 2217 1739. pag. 88. Pl. VIII. Fig. 2.
