1600 2360
263 196 1478 236 Der erste gegliederte aber ungetheilte Strahl der Bauchflossen, auf des-
183 244 1474 286 sen Stärke bei den Schleihen Ekström bereits aufmerksam gemacht hat,
183 293 1478 334 ist nur bei den männlichen Schleihen auffallend verbreitert gebogen und ver-
182 342 1474 385 dickt und giebt, wie es auch Günther schon erwähnt und abgebildet hat,
183 391 1478 429 einen sicheren Anhaltspunct zur äusseren Unterscheidung der Geschlechter
181 440 1476 482 ab; mit dieser Verdickung des ersten Bauchflossen-Strahls steht zugleich
181 490 1476 529 eine von aussen nicht wahrnehmbare Erhebung und Verdickung der oberen
181 539 1477 578 Ecke jenes Fortsatzes in Verbindung, der von den beiden Beckenknochen hin-
181 588 1476 627 ter ihrer Symphysis abgeht. Ich vermuthe, dass dieser an den Skelettheilen
180 638 1477 677 ausgesprochene Geschlechtsunterschied sich nicht gleichzeitig mit den inneren
180 688 1477 729 Fortpflanzungsorganen der Schleihen entwickelt, sondern erst später, wahr-
180 736 1475 776 scheinlich bei der erstmaligen Geschlechtsreife zum Vorschein kömmt, denn
181 785 1475 825 ich habe junge Schleihen von 2¼ bis 2½ Zoll Länge zergliedert, und in ihnen
180 833 1476 870 bereits die ersten Anlagen der Eierstöcke und Hoden deutlich unterscheiden
179 882 1476 918 können, während ich an dem Becken und den Bauchflossen derselben noch
178 931 1264 967 keine Spur einer Verschiedenheit wahrzunehmen im Stande war.
260 980 1475 1021 Die Laichzeit der Schleihe wird sehr verschieden angegeben, sie soll in
182 1029 1475 1068 die Monate Mai und Juni fallen, aber auch noch im August stattfinden kön-
179 1078 1472 1120 nen; in gewissen bayrischen Fischer-Verordnungen wird sogar angenommen,
180 1126 1478 1170 dass die Schleihen zweimal im Jahre, im März und im Juni laichten, worauf
178 1176 1151 1217 sich diese Annahme gründet, weiss ich nicht anzugeben.
258 1227 1475 1267 Folgende merkwürdige Erscheinung, welche ich vor einigen Jahren an
178 1276 1475 1316 verschiedenen, in einem Teiche aufbewahrten Schleihen betrachtete, kann ich
178 1326 1475 1365 nicht unerwähnt lassen. Diese Schleihen steckten am hellen Tage auf dem
186 117 241 146 108
636 121 986 149 Familie: Cyprinoidei.
284 1485 1475 1515 Vergl. dessen: Fische in den Scheeren von Mörkö. 1835. pag. 69. Auch Sander
178 1520 1474 1556 (Nr. 44: pag. 177) war diese Eigenthümlichkeit nicht entgangen, da derselbe sagt: »an den
176 1556 1475 1587 Bauchflossen sitzt ein starker Knorpel, fast wie ein Bein«. Abgebildet findet sich dieser
176 1590 1475 1627 verdickte Bauchflossenstrahl bei Meidinger (Nr. 30. Dec. II. Tab. 13), Ekström (Skandina-
177 1627 1475 1657 viens Fiskar. a. a. O. des latein. Textes pag. 123: »In mare radius secundus crassissimus et
176 1662 1474 1697 latus«. Pl 52) und bei Cuvier (Règne animal, nouv. 3e édit. Les poissons, Atlas, Pl. 94.
177 1700 275 1728 Fig 1).
282 1732 1475 1767 S. dessen: Fische des Neckars. pag. 51 und dessen Aufsatz: On sexual differences
176 1769 1475 1804 found in bones of some recent and fossil species of Frogs and Fishes, in den Annals of na-
176 1806 1475 1841 tural history. 3. Ser. Vol. III. 1859. pag. 385. Pl. 16. A. B. Uebrigens war es der brave
174 1843 1475 1883 Baldner, welcher diesen Geschlechtsunterschied der Schleihen zuerst erkannt hatte, indem
174 1880 1474 1921 er in seinem Manuscripte pag. 176 sagt: »Die gemilchten (Schleihen) haben im Leych ein
174 1917 1454 1957 gebogene Schwummfedern«. Man vergleiche ferner: Willughby: Historia piscium pag. 251:
173 1956 1473 1991 »In hoc pisce sexus facile distinguuntur: mares enim pinnas ventris multo majores habent,
174 1992 1474 2024 quarum radius primus magnus, crassus, deorsum reflexus, et transversim striatus. Ossa
174 2028 1472 2060 etiam quibus innascuntur hae pinnae magna sunt, crassa, et ad branchias fere extensa:
175 2068 479 2090 secus ac in faeminis«.
281 2098 1472 2134 Auch Sander (a. a. O. pag. 171) behauptet: die Schleie laicht zweimal, im März und
173 2134 1474 2167 im Juni. Nach den Angaben hiesiger Fischer soll die Laichzeit der Schleihen nur einmal
174 2168 688 2198 im Jahre eintreten, nämlich im Juli.
