1600 2360
59 186 1334 225 nuscripte öfters angeführten Beobachtungen Baldner’s mit denen im Casseler
60 226 1334 274 Manuscripte niedergelegten Beobachtungen vollkommen übereinstimmend
60 275 1335 324 fand. Die Abbildungen, welche in Willughby’s Historia piscium aus dem
60 324 1336 372 Manuscripte Baldner’s copirt sind, stehen den Originalen an Deutlichkeit
59 371 1336 421 bei weitem nach. Bei dem Citiren der Fischabbildungen Baldner’s habe ich
63 428 1338 472 stets das Casseler Manuscript benutzt, während Valenciennes das Strassbur-
63 479 532 522 ger Exemplar verglichen hat.
64 528 1332 576 Ausser Baldner haben auch noch Hermann in Strassburg, Sander
63 579 1339 623 in Carlsruh und Nau in Mainz über die Fische des Mittelrheins und seiner
63 621 1339 672 Nebenflüsse recht beachtenswerthe Mittheilungen geliefert. Ein von Span-
63 680 1340 722 nagel in Dürkheim zusammengestelltes Verzeichniss der Fische der bay-
62 724 1339 771 rischen Rheinpfalz gewährt dadurch Interesse, dass in demselben nicht bloss die
61 770 1340 819 Rhein-Fische, sondern auch die Fische der verschiedenen vom Haardtgebirge
62 827 1338 869 entspringenden kleinen Seitenbäche des Rheins und der Nahe aufgeführt sind.
134 878 1342 920 Die ungleich bedeutenderen Seitenflüsse des rechten Ufers des Mittel-
63 919 1342 969 rheins enthalten eine Fischfauna, welche zu verschiedenen Zeiten die Auf-
63 975 1342 1022 merksamkeit der Zoologen und Faunisten angeregt hat. Nachdem G. v. Martens
64 1024 1342 1069 in seiner oben (Nr. 14 b) erwähnten Fauna Würtembergs die Fische des
64 1064 1343 1117 Neckar-Gebiets nicht unbeachtet gelassen, wurden von Günther in einer
64 1118 1340 1167 sehr ausführlichen Abhandlung die Fische des Neckars vortrefflich beschrieben.
136 1175 1343 1214 Ueber die Fische des Main-Gebiets liegen Verzeichnisse von sehr verschie-
64 1212 1342 1262 denem Werthe vor. Die Fische der Pegnitz wurden von Meyer in einem
64 1269 1343 1318 grösseren farbigen Bilderwerke unter Beifügung ihrer in Nürnberg gebräuch-
64 1308 1343 1365 lichen Volksnamen recht kenntlich dargestellt und mit naturhistorischen No-
1294 107 1331 135 35
608 110 775 132 Literatur.
1106 2192 1147 2220 3*
236 1461 1341 1500 Joh. Hermann: Observationes zoologicae (Opus posthumum edidit F. L. Hammer).
96 1498 502 1538 Argentorati Parisiis XII. (1804).
238 1539 1344 1574 Sander: Beiträge zur Naturgeschichte der Fische im Rhein, vergl. den Natur-
112 1568 553 1611 forscher, Stück 15. 1781. pag. 163.
237 1611 1343 1644 B. S. Nau: a. Oekonomische Naturgeschichte der Fische in der Gegend um
101 1643 1246 1682 Mainz, vergl. Beiträge zur Naturgeschichte des Mainzer Landes, Heft I. Mainz, 1787.
122 1676 1344 1718 b. Nachtrag zur Naturgeschichte der Fische nebst den Amphibien und Vögeln des
110 1717 477 1757 Mainzer Landes. Mainz, 1788.
67 1754 1344 1806 c. Bemerkungen zu des Herrn Sander’s Beiträgen zur Naturgeschichte der Fische im
121 1792 871 1830 Rhein, vergl. den Naturforscher, Stück 25. 1791. pag. 24.
238 1830 1343 1877 Spannagel: Verzeichniss der Fische der bayrischen Rheinpfalz, vergl. den
86 1865 1342 1916 sechszehnten und siebenzehnten Jahresbericht der Pollichia, eines naturwissenschaftlichen
124 1902 826 1943 Vereins der Rheinpfalz. Neustadt a/H., 1859. pag. 26.
241 1942 1343 1977 A. Günther: Die Fische des Neckar, aus den Würtembergischen naturwissen-
134 1971 1163 2012 schaftlichen Jahresheften, Jahrgang IX. Stuttgart, 1853 besonders abgedruckt.
240 2010 1343 2045 Angenehmer und nützlicher Zeitvertreib mit Betrachtung curioser Vorstellung
142 2044 1343 2082 allerhand kriechender, fliegender und schwimmender auf dem Land und im Wasser sich
130 2074 1342 2113 befindender und nährender Thiere sowohl nach ihrer Gestalt und äusserlichen Be-
124 2108 1342 2151 schaffenheit als auch etc. nach der Natur gezeichnet, gemahlet und in Kupfer gestochen
123 2143 667 2192 von J. D. Meyer. 3 Thle. Nürnberg, 1748.
