1600 2360
138 181 1352 222 In der von Reider und Hahn herausgegebenen vaterländischen Natur-
64 231 1353 268 geschichte enthält die vierte Abtheilung derselben die Beschreibung von
64 276 1352 318 50 Fischen, welche nicht bloss den Donau-Gewässern, sondern auch den
64 325 1354 367 Main-Gewässern angehören. Die Beschreibungen dieser Fische sind höchst
65 373 1354 417 kümmerlich ausgefallen und werden durch die beigefügten colorirten Ab-
65 421 1355 468 bildungen keineswegs ergänzt, da die meisten dieser bildlichen Dar-
66 475 1356 516 stellungen sowohl in den Umrissen wie in den Farben als gänzlich verfehlt
66 526 1352 566 und unkenntlich bezeichnet werden müssen, was um so mehr auffallen muss,
67 572 1357 615 da die Verfasser dieser Fauna, wie aus dem Texte derselben hervorgeht, zur
68 621 1356 664 Einsicht in das durch Agassiz in München vorbereitete grosse Fischwerk Ge-
68 670 1357 715 legenheit gehabt haben müssen. In letzterer Beziehung gewährt diese Fauna
68 718 1358 761 boica von Reider und Hahn noch das Interesse, dass in derselben von einigen
69 768 1258 814 durch Agassiz in Bayern entdeckten Fischen die erste Notiz gegeben ist.
147 820 1358 863 Sehr wichtige Notizen über die Verbreitungsverhältnisse der Fische in
70 866 1360 914 den beiden grossen Stromgebieten Bayerns wurden von A. Wagner mit-
72 921 198 952 getheilt.
148 968 1362 1012 Von dem Künstler J. C. Weber wurden colorirte Abbildungen der
71 1015 1361 1061 Fische Bayerns im Selbstverlage herausgegeben, denen zugleich eine kurze
72 1063 1362 1108 Beschreibung hinzugefügt wurde nebst einer Uebersicht der Fische nach ihrer
73 1112 1361 1157 Verbreitung in den wichtigsten Flüssen und Seen von Bayern. Es werden in
73 1161 1362 1206 diesem ganz hübsch ausgestatteten Werkchen 54 in Bayern (mit Einschluss
75 1210 1364 1257 der Bodensee- und Main-Fische) einheimische Fische, obwohl nicht immer
76 1261 1362 1306 sehr kenntlich dargestellt, dennoch gewährt dies Werkchen ein gewisses
76 1309 1363 1355 wissenschaftliches Interesse, als sich in demselben auch einige von Agassiz
76 1360 1363 1402 auf dem Münchner Fischmarkte entdeckte neue Species befinden. Da Weber
77 1408 1364 1452 an den Arbeiten in dem Atelier, welches Agassiz zur bildlichen Darstellung
77 1452 1365 1496 der Münchner Fische während seines Hierseins errichtet hatte, Theil genom-
78 1508 1366 1553 men und vielfach Gelegenheit gehabt hat, die oben (pag. 22) erwähnten zur
78 1551 1366 1601 Veröffentlichung bestimmten Fisch-Abbildungen einzusehen, so ist es ge-
79 1599 1367 1650 kommen, dass Weber, wie er mir selbst mitgetheilt hat, bei der Wahl der
80 1647 1367 1700 lateinischen Species-Namen für seine Fisch-Abbildungen sehr oft der von
78 1696 1368 1749 Agassiz angewendeten Nomenclatur gefolgt ist. Es lässt sich auf diese Weise
80 1751 1369 1800 mit Hülfe von Weber’s Abbildungen mancher von Agassiz bloss mit Namen
80 1801 703 1852 aufgeführte Fisch ganz richtig deuten.
1311 102 1350 130 29
621 108 792 130 Literatur.
259 1934 1370 1979 J. E. v. Reider und C. W. Hahn: Fauna boica oder gemeinnützige Naturge-
95 1972 817 2010 schichte der Thiere Bayerns. Nürnberg, 1830—34.
260 2007 1370 2054 Andr. Wagner: Beiträge zur Kenntniss der bayerischen Fauna, vergl. die ge-
100 2043 1369 2098 lehrten Anzeigen der königl. bayerisch. Akademie der Wissenschaften. Jahrgang 1846.
115 2080 357 2108 nr. 81 — 84 und 87.
261 2114 1372 2149 J. C. Weber: Abbildungen der Fische, welche in den Flüssen und Seen von
102 2147 618 2184 Bayern vorkommen. München, 1851.
