1600 2360
186 207 1475 245 zurückführen lassen. In seiner belgischen Fauna beschreibt Selys-Long-
187 256 1475 295 champs einen Cyprinus Regina aus der Maas, welchen Bonaparte mit seinem in
187 305 1474 344 Italien einheimischen C. Regina für identisch erklärte, während Heckel den-
187 353 1474 392 selben als seinen C. hungaricus erkannte. Auch von Holandre wurde mit-
187 403 1474 442 getheilt, dass er aus der Umgegend von Metz die verschiedensten Varietäten
186 453 1474 494 des C. Carpio erhalten habe, von denen die eine Form einen fast cylindri-
185 500 1474 541 schen Leib besessen. Es deutet diese Aeusserung doch wohl auf ein Vor-
186 548 1474 595 handensein des C. hungaricus hin. Durch Nordmann wurde der C. Carpio
184 601 1472 640 wie auch seine Varietäten C. macrolepidotus, nudus und hungaricus auf dem
185 650 1474 693 Fischmarkte zu Odessa angetroffen, woraus hervorgeht, dass der Karpf mit
184 700 1472 743 seinen verschiedenen Varietäten sowohl im Westen wie im Osten von Europa
184 751 355 780 ausdauert.
265 796 1472 839 Die kurze hochrückige seitlich zusammengedrückte Varietät des gemei-
183 846 1472 890 nen Karpfen fehlt dem niederrheinischen Wassergebiete ebenfalls nicht, da
183 895 1472 935 Selys-Longchamps (a. a. O. pag. 198) den C. elatus aus der Schelde und aus bel-
183 944 1472 990 gischen Weihern aufführt, und Schaefer in seiner Mosel-Fauna aussagt, dass
183 994 1471 1031 er den C. elatus, welcher aus den Teichen der Umgegend von Saarbrücken
182 1044 1472 1087 und Wittlich gekommen war, auf dem Markte zu Trier von Zeit zu Zeit ge-
182 1092 1474 1133 sehen habe. Ich verdanke der Güte des Herrn Oberlehrer Schnur zu Trier
182 1141 1473 1182 einige Exemplare dieser Karpfenform, und kann sie für nichts anderes als für
182 1191 1346 1231 eine den C. elatus darstellende Varietät des gemeinen Karpfen halten.
261 1239 1473 1280 Die Grundfarbe des gemeinen Karpfen und seiner Abarten kann sehr
182 1289 1471 1336 variiren und vom goldgelben in’s blaugrüne übergehen. Die wulstigen Lippen
180 1338 1473 1378 und der Bauch sind meistens gelblich gefärbt, Rücken und Flossen erscheinen
181 1387 1471 1429 blaugrau, die letzteren mit Ausnahme der Rückenflosse haben zuweilen einen
181 1435 1471 1477 röthlichen Anflug. Die Schuppen besitzen in ihrer Mitte oft einen schwärz-
182 1485 1470 1526 lichen Pigmentfleck, und sind nicht selten an ihrem Hinterrande schwärzlich
180 1535 1471 1579 eingefasst. Die Schlundknochen nebst den daran befestigten Zähnen lassen
179 1585 1473 1630 recht erkennen, dass die oben erwähnten verschiedenen Karpfenformen nur
178 1635 1468 1680 als Varietäten und nicht als besondere Arten betrachtet zu werden verdienen,
179 1685 1469 1725 denn es lässt sich an jenen Skelettheilen durchaus kein specifisches Merkmal
179 1734 1467 1784 ausfindig machen, durch welches ein Unterschied zwischen Cyprinus Carpio,
178 1786 1467 1833 elatus, acuminatus, Regina und hungaricus festgestellt werden könnte, während,
188 128 225 157 88
678 129 983 159 Familie: Cyprinoidei.
288 1867 1472 1899 Vergl. Selys-Longchamps Nr. 58: pag. 196. Hier heisst es wörtlich: »Il se trouve
176 1903 1471 1940 dans la Meuse, car un individu que j’avais envoyé au prince Ch. Bonaparte qui a décou-
177 1940 1468 1979 vert cette espèce en Italie, a été reconnu par lui à sa surprise pour être de la même espèce.
177 1977 1471 2013 Cependant M. Heckel qui a reconnu notre Regina pour le même que son hungaricus doute
177 2013 1470 2048 que ce soit le Regina de Bonaparte, qui aurait la tête moins longue et la dorsale commen-
177 2056 458 2083 cant plus en avant«.
283 2085 1111 2119 Vergl. Holandre Nr. 56 a: pag. 326 u. Nr. 56 b: pag. 240.
283 2122 1470 2156 Vergl. in Demidoff’s Voyage dans la Russie méridionale, T. III. Paris, 1840. Nord-
179 2160 1052 2190 mann’s Observations sur la Faune pontique, pag. 476 und 477.
288 2197 914 2227 Vergl. M. Schaefer: Mosel-Fauna. pag. 297.
