1600 2360
233 188 1525 239 Anglers berührten oder gedrückten Hautstellen einer Forelle durch Contrac-
235 235 1526 283 tion ihrer schwarzen Chromatophoren sich schnell verfärben und oft sehr
236 291 1119 337 lange in diesem ausgebleichten Zustande verharren.
315 332 1522 380 Die von Agassiz mitgetheilten Beobachtungen, dass Aspro Zingel,
237 386 1526 433 Salmo Fario, Lota fluviatilis und Silurus Glanis nach lebhaften Bewegun-
237 431 1528 487 gen, um sich Menschenhänden zu entwinden, eine intensivere Färbung
237 480 1528 534 annehmen, gleich darauf bis zum gänzlichen Verluste der Farben ausbleichen
237 530 1530 579 und diese letzteren nur sehr langsam wieder erhalten, alle diese Beobach-
239 581 1531 634 tungen lassen sich aus den eben angedeuteten, durch mechanische Einwir-
239 630 1531 681 kungen hervorgerufenen Formveränderungen der contractilen Chromatopho-
241 678 1530 728 ren erklären, und ist die Annahme des Agassiz jedenfalls unrichtig, dass
241 725 1532 773 dieser Farbenwechsel durch eine reichlichere Pigment-Absonderung und
242 775 1530 828 eine gleich darauf folgende plötzliche Resorption desselben vor sich gehe .
242 824 1534 873 An Hautstellen, welche bei gewissen Fischen ganz farblos erscheinen, aber
243 872 1534 922 contrahirte Chromatophoren verborgen enthalten, lassen sich diese durch
244 923 1535 969 Kratzen und Reiben mittelst eines harten Gegenstandes zur Expansion zwin-
244 973 1536 1027 gen und als schwarze oder rothe Hautflecke sichtbar machen . Hieraus geht
246 1024 1536 1072 hervor, dass die Farbenveränderungen, welche an kämpfenden Stichlingen
246 1071 1565 1121 wahrgenommen werden, nicht von psychischen Einflüssen, wie es sich ein
246 1121 1535 1172 Anonymus , Wiegmann , Couch  und Coste  vorgestellt haben, herrühren,
248 1166 1539 1217 sondern nur die Folgen der während des Kampfs mechanisch gereizten und
248 1220 1540 1274 expandirten Chromatophoren sind. Die Farbenveränderungen, welche New-
249 1268 1541 1324 man  an Cottus Gobio bei verschiedenen Körperbewegungen desselben ein-
248 1318 1542 1368 treten sah, wurden gewiss von einer Reizung hervorgerufen, welche die ver-
251 1367 1543 1415 schiedene Spannung der Haut bei diesen Bewegungen auf die Chromato-
250 1414 1543 1467 phoren ausgeübt hat. Wie ausserordentlich empfindlich diese contractilen
252 1460 1543 1513 Chromatophoren gegen äussere Einwirkungen reagiren, beweisen die durch
253 1513 1545 1564 Stark  und Shaw  an lebenden Individuen von Phoxinus laevis, Gaste-
234 127 272 155 16
764 119 961 145 Einleitung.
352 1649 1445 1692 Vergl. Agassiz: Recherches sur les poissons fossiles. Tom. I. 1833. pag. 66.
352 1682 1547 1722 Am leichtesten ist es mir bei weissbäuchigen Individuen des Phoxinus laevis gelun-
256 1717 1548 1766 gen, durch Kratzen und Schaben mit dem Rücken eines Messers deren Bauch roth zu
256 1774 352 1799 färben.
348 1783 1548 1835 Vergl. Some account of Gasterosteus aculeatus, in Loudon’s Magazine of natural
257 1829 1360 1877 history. Vol. III. 1830. pag. 329, oder in Froriep’s Notizen. Bd. 28. pag. 193.
354 1865 1367 1905 S. dessen Archiv für Naturgeschichte. Jahrg. I. Bd. 2. 1835. pag. 262.
354 1903 1305 1947 Vergl. Yarrell: a history of british fishes. Vol. I. 1841. pag. 103.
355 1933 1556 1985 Vergl. dessen Abhandlung: Nidification des Epinoches, in den Mémoires présentés
259 1977 1211 2023 par divers savants à l’Académie de sciences. Tom. 1848. pag. 585.
356 2012 1026 2056 Vergl. the Zoologist. Vol. 14. 1856. pag. 5124.
357 2037 1548 2089 Vergl. the Edinburgh new philosophical Journal. July-October. 1830. pag. 327.
261 2081 1318 2121 übersetzt in der Isis 1832. pag. 923: über den Farbenwechsel bei Fischen.
359 2107 1548 2154 Ebenda. Vol. 24. 1838. pag. 173, übersetzt in Froriep’s neuen Notizen. Bd. VI.
264 2168 451 2198 1838. pag. 6.
