1600 2360
190 201 1455 237 Entwicklung und Anzahl besitzen, bildet den Hauptstamm unserer Fischfauna;
189 250 1474 290 Linné (Nr. 2: pag. 525) fasste alle hiehergehörigen Fische unter dem einen
189 299 1474 338 Gattungs-Namen Cyprinus zusammen; der Reichthum an Arten erwies sich
188 347 1475 385 aber bei dieser Gattung als so gross, dass man sich nur schwer zurecht fin-
189 395 1471 433 den konnte. Es wurde diese Schwierigkeit von Cuvier dadurch beseitigt,
188 447 1474 482 dass derselbe die Gattung in mehrere Untergattungen zerspaltete; aber auch
188 494 1476 533 Cuvier’s Eintheilung der Cyprinen reichte noch nicht aus und liess die Auf-
188 544 1474 584 stellung noch mancher guten Gattung zu, wie wir sie von Bonaparte und
188 592 1477 634 Agassiz erhielten, bis endlich von Heckel die Familie der Cyprinen unter
190 642 1479 682 Berücksichtigung der Form, Zahl und Anordnung der Schlundzähne, auf
190 692 1476 731 welche bereits Agassiz hingewiesen hatte, in erschöpfender Weise nach natür-
190 740 997 780 lichen Gruppen und Gattungen abgetheilt wurde.
272 788 1477 829 Die Schlundzähne der Cyprinoiden bieten für die Erforschung der Ent-
189 837 1477 878 wicklungsgeschichte der Zähne ein höchst interessantes Material, indem die-
189 887 1473 926 selben alljährlich gewechselt und durch neuen Nachwuchs ersetzt werden.
189 935 1478 973 Dieser Nachwuchs von Ersatzzähnen geht in der den Boden der Rachenhöhle
189 985 1479 1019 auskleidenden Schleimhaut dicht vor den alten Zähnen vor sich. Die hier
189 1034 1478 1072 verborgenen Zahnsäckchen erzeugen aber, wie es scheint, nur die aus Zahn-
189 1083 1478 1122 bein und Zahnschmelz bestehende Krone; die Knochensubstanz, welche als
191 1130 1480 1169 Zahnwurzel mit den Schlundknochen, den Trägern der Schlundzähne unmit-
191 1182 1475 1224 telbar verwachsen ist, bildet sich aus den letzteren ebenfalls neu hervor,
191 1231 1478 1266 nachdem der alte Zahn sammt seiner knöchernen Wurzel durch Abfallen Platz
191 1280 1479 1322 gemacht hat. Dieser Zahnwechsel findet immer zur Laichzeit statt, um welche
192 1328 1479 1371 Zeit die Fische, nachdem sie sich vorher gut gemästet, nicht zu fressen pfle-
191 1375 1479 1420 gen. Untersucht man die Schlundknochen der Cyprinoiden vor Beendigung
192 1425 1480 1466 ihres Fortpflanzungsgeschäftes, so kann man, mögen ihre Zahnkronen Kau-
192 1473 1480 1511 flächen besitzen oder nicht, die Zahnkronen-Scherben der Ersatzzähne inner-
193 1521 1482 1570 halb der Zahnsäckchen auf den verschiedensten Stufen der Entwicklung an-
192 1571 1480 1617 treffen. Bei einem solchen steten Nachwachsen von Ersatzzähnen wird man
193 1622 1481 1667 nicht von in hohem Alter abgeschliffenen Druckzähnen (Dentes contusorii) ge-
193 1671 1482 1718 wisser Cyprinoiden reden können, wie dies Heckel (Nr. 11 c: pag. 1006) gethan
194 1719 1289 1763 hat, da sich solche Druckzähne alljährlich vollständig abschleifen.
189 122 227 151 82
684 122 986 152 Familie: Cyprinoidei.
304 1850 1238 1886 Vergl. dessen: Règne animal. Paris, 1829. Tom. II. pag. 270 etc.
303 1887 1151 1919 S. dessen: Iconografia della fauna italica. Roma, 1832—41.
301 1924 954 1956 S. Agassiz Nr. 7: pag. 33 und Nr. 8: pag. 73.
304 1960 1483 1996 Vergl. dessen: Abbildungen und Beschreibungen der Fische Syriens nebst einer
196 1996 1480 2031 neuen Classifikation und Karakteristik sämmtlicher Gattungen der Cyprinen. Stuttgart,
198 2032 1483 2064 1843. Es ist diese Abhandlung aus dem I. Bande und 2. Theile von Russegger’s Reisen be-
197 2068 1483 2104 sonders abgedruckt. In dem beigegebenen Atlas hat Heckel auf Tafel I die Schlundzähne
197 2102 1481 2139 der meisten unserer Karpfen-Gattungen nach Form, Zahl und Stellung sehr schön abgebildet.
305 2139 1483 2175 Vergl. Jurine: Sur les dents et la mastication des poissons appellés Cyprins, in den
198 2177 1199 2211 Mém. de la soc. de phys. et d’hist. nat. de Genève. T. I. 1821. pag. 19.
