1600 2360
210 180 1500 227 es das Männchen sei, welches die Eier so sorgfältig bewache. Es wird diese
211 228 1500 282 Erzählung von Bloch , Nau , Hartmann , Eckström , Günther  und auch
211 277 1500 333 von Cuvier et Valenciennes bezweifelt , aber gewiss mit Unrecht. Die Kop-
209 326 1499 373 pen gehören zu den wenigen Fischen, welche vermöge ihres Aufenthalts in
209 373 1500 421 kleinen oft ganz wasserarmen Bächen unter Steinen versteckt unserer Beob-
209 422 1499 472 achtung leicht zugänglich sind, so dass jene Mittheilungen wohl nicht ersonnen
208 472 1499 520 sein können, sondern auf wirklicher Beobachtung beruhen werden. Zur Be-
208 522 1494 579 stätigung jener älteren Mittheilungen führe ich aus Heckel’s und Kner’s Schrift
207 572 1500 619 an, was erfahrene Fischer an der Traun darüber beobachtet haben. »Zur
207 621 1498 673 Laichzeit begibt sich ein Männchen in ein Loch zwischen Steinen, will ein
206 668 1495 724 andres davon Besitz nehmen, so wird gekämpft und man fängt öfters Koppen,
207 716 1498 770 die den Kopf ihres Gegners im Munde halten, ohne ihn verschlingen zu kön-
205 768 1498 813 nen. Kommt aber ein Weibchen, das aufgenommen wird, so setzt dieses da-
206 815 1498 861 selbst den Rogen ab und zieht dann wieder weiter; das Männchen vertritt
205 865 1496 918 aber nun Mutterstelle und beschützt 4 bis 5 Wochen lang denselben, ohne
206 914 1497 965 sich zu entfernen, ausser um Nahrung zu suchen. Während dieser ganzen
206 963 1496 1017 Zeit erweist es sich eben so ausdauernd als muthig und beisst in die Stange
205 1011 1496 1056 oder Ruthe, mit der man es verjagen will, weicht nur im höchsten Nothfalle
205 1060 1498 1105 und wird sogar dabei öfters erschlagen«. Ich zweifle an der Wahrheit dieser
206 1109 1496 1155 Erzählung um so weniger, als mir selbst von den Männchen anderer Fischarten
204 1158 1343 1202 eine ähnliche Sorge und Aufopferung bei der Brutpflege bekannt ist.
202 1287 725 1325 2. Art. C. poecilopus Heck.
267 1367 472 1398 Syn. u. Citate.
203 1422 1102 1458 Heckel Nr. 11 b: pag. 145. Tab. 8. Fig. 1 & 2. Cottus poecilopus.
202 1459 1048 1492 Heckel und Kner Nr. 13: pag. 31. Fig. 11. Cottus poecilopus.
200 1539 1493 1590 Artcharakter: Mundspalte sehr breit, bis unter die Augen rei-
282 1589 1489 1639 chend; die Brustflossen sehr breit und lang entwickelt,
281 1637 1490 1685 die Bauchflossen schmal und lang, bis zum After reichend;
282 1686 1489 1734 die erste Rückenflosse an die zweite dicht anstossend;
281 1735 1004 1775 Bauch- und Afterflosse gebändert.
429 1798 1253 1837 1. D. 8—9, 2. D. 16—18, P. 14, V. 1/4, A. 13—14, C. 13.
706 109 1003 140 Familie: Scleroparei.
211 102 248 130 64
325 1925 1184 1959 S. dessen Naturgesch. d. Fische Deutschlands. Th. II. pag. 14.
307 1961 1055 1992 S. dessen Naturgesch. d. Fische um Mainz. pag. 107.
323 1997 919 2028 S. dessen Helvetische Ichthyologie. pag. 59.
324 2033 1167 2065 S. dessen Fische in den Scheeren von Mörkö. 1835. pag. 170.
325 2068 845 2097 S. dessen Fische des Neckars. pag. 28.
324 2103 956 2135 S. deren Hist. d. poissons. Tom. IV. pag. 151.
325 2138 1117 2174 S. deren Süsswasserfische d. östreich. Monarch. pag. 30.
