1600 2360
243 178 1526 221 ausdehnenden System von Landseen stimmt in Bezug auf seine Wasserbewohner
244 226 1525 270 mit dem Elbe-Gebiet fast gänzlich überein, wie dies aus den verschiedenen
243 276 1551 322 älteren und neueren faunistischen Mittheilungen hervorgeht. Eine der älte-
243 325 1525 367 sten Bearbeitungen der Fische des oberen Oder-Gebiets rührt von Schwenck-
242 370 1525 421 feld her, welcher in dem fünften Buche seines Theriotropheum zur schle-
241 423 1524 475 sischen Fischkunde einen für die damalige Zeit sehr schätzbaren Beitrag
241 473 1523 519 lieferte. Hierauf wurde von Börner eine sorgfältige und mit nützlichen
240 525 1524 567 Bemerkungen ausgestattete Zusammenstellung der schlesischen Fische ver-
238 574 1522 616 fasst, welcher sich ein einfaches Namensverzeichniss derselben Fische von
238 620 1522 665 Weigel anschloss. Ein späteres Verzeichniss der schlesischen Fische wurde
238 669 1475 718 von Kaluza mit kurzen Beschreibungen ausgestattet, welchem Gloger
236 721 1521 772 eine mit genauer Kritik angefertigte Uebersicht der Fische Schlesiens folgen
238 770 1522 820 liess. Für die Fische, welche die den Quellen der Oder nahe gelegenen Sei-
237 820 1520 867 tengewässer bewohnen, hat Heinrich in seiner Beschreibung der mährischen
235 869 1520 918 und schlesischen Fische sehr brauchbare Anhaltspuncte geliefert, während
234 918 1521 970 die Fischfauna des mittleren Theiles des Oder-Gebietes aus den bereits (un-
234 968 1520 1010 ter Nr. 77 und Nr. 78) citirten Schriften von Birkholz und Schulz entnom-
234 1018 1520 1067 men werden kann. Diejenigen Fische, welche in den der Ausmündung der
233 1066 1519 1109 Oder zufliessenden Gewässern sowie in den verschiedenen Wasser-Gebieten
232 1115 1518 1167 der pommerschen Seen angetroffen werden, sind von Creplin näher in
231 1167 1517 1216 Betracht gezogen, theilweise aber auch von Siemssen und Boll (vergl. Nr. 79
232 1217 802 1257 und 80) namhaft gemacht worden.
311 1268 1518 1315 Das gegen Osten sich ausbreitende und zugleich Mitteleuropa dort ab-
229 1318 1516 1356 grenzende Weichsel- und Pregel-Gebiet, welche beide ihre Gewässer in das
229 1362 1516 1410 unter dem Namen »frisches Haff« bekannte Binnenwasser ergiessen, haben
229 1412 1515 1454 eine untereinander zusammenhängende Gruppe grösserer und kleiner Seen
228 1461 1516 1508 zwischen sich, deren Ausflüsse sich theils mit dem Pregel, theils mit der
229 1511 1515 1553 Weichsel vereinigen. Beide auf diese Weise mehrfach unter sich verbundene
227 1562 1517 1607 Wassergebiete enthalten eine fast ganz gleiche Fischfauna, über welche wir
227 1612 1513 1651 mehrere ausführliche und gediegene Arbeiten besitzen. Die Fische der oberen
245 101 283 128 40
799 106 971 128 Literatur.
408 1725 1514 1761 C. Schwenckfeld: Theriotropheum Silesiae. Lignicii, 1603. pag. 377. Pisces
225 1759 335 1783 Silesiae.
409 1797 1511 1840 J. C. H. Börner: Zoologiae Silesiacae Prodromus. Pisces. Vergl. der patrio-
225 1833 1510 1870 tischen Gesellschaft in Schlesien neue ökonomische Nachrichten auf das Jahr 1781. Bd. II.
224 1870 482 1899 Breslau. pag. 187.
406 1905 1412 1947 J. A. V. Weigel: Faunae Silesiacae Prodromus. Berlin, 1806. pag. 41.
407 1942 1509 1982 A. Kaluza: Systematische Beschreibung der schlesischen Amphibien und
224 1977 542 2006 Fische. Breslau, 1815.
406 2011 1182 2045 C. L. Gloger: Schlesiens Wirbelthier-Fauna. pag. 70.
404 2048 1507 2088 A. Heinrich: Mährens und k. k. Schlesiens Fische, Reptilien und Vögel.
223 2084 405 2110 Brünn, 1856.
405 2120 1505 2161 Vergl. Barthold’s Geschichte von Rügen und Pommern. Hamburg. Thl. I.
227 2155 424 2183 1839. pag. 81.
