1600 2600
58 247 1313 306 dünner Faden des apostolisch beglaubigten Urevangeliums
57 307 1314 366 hindurchziehe, welcher selbst im Matthäusevangelium von
57 365 1314 426 einer Masse unapostolischer Zusätze umgeben sei, wuſste
58 423 1312 483 Eichhorn viele ihm anstössige Erzählungen aus allen Thei-
56 482 1316 541 len des Lebens Jesu als unhistorische Sagen aus dem We-
37 541 1314 613 ge zu räumen, wie ausser dem evangelium infantiae z. B.
58 601 1319 664 das Nähere der Versuchungsgeschichte, mehrere von Jesu
60 664 1320 723 verrichtete Wunder, die Auferstehung der Heiligen bei sei-
58 725 1195 787 nem Tode, die Wache an seinem Grabe u. s. f. . Be-
59 782 1317 844 sonders aber seit sich die Ansicht von dem Ursprung der
60 848 1319 907 drei ersten Evangelien aus mündlicher Tradition festge-
43 906 1317 965 stellt hat , sind in denselben immer mehr theils mythi-
60 969 1320 1027 sche Ausschmückungen, theils ganze Mythen gefunden wor-
59 1029 1320 1092 den . Dagegen halten jezt die Meisten das Johanneische
59 1089 1321 1152 Evangelium als authentisch und damit auch als historisch
59 1155 1320 1214 zuverlässig fest; nur wer mit Bretschneider  seine apo-
62 1212 1324 1273 stolische Abfassung bezweifelt, kann auch in diesem Evan-
63 1270 1323 1335 gelium dem mythischen Elemente eine bedeutende Stelle
62 1349 291 1383 einräumen.
620 1419 757 1461 §. 10.
65 1465 1325 1521 Der Begriff des Mythus in seiner Anwendung auf die heilige Ge-
253 1525 1149 1567 schichte von den Theologen nicht rein gefasst.
155 1581 1325 1641 Der hiemit auch für die Erklärung der biblischen Ge-
63 1641 1324 1709 schichte gewonnene Begriff des Mythus wurde indessen
63 1713 1325 1769 noch geraume Zeit weder selbst rein gefaſst, noch in ge-
61 1776 684 1830 hörigem Umfang angewendet.
156 1833 1326 1888 Nicht rein gefaſst. Mit der Unterscheidung historischer
63 1894 1329 1951 Mythen nämlich von den philosophischen hatte der Begriff
1266 150 1309 184 41
456 154 938 200 Einleitung. §. 10.
158 2025 991 2068 Einleitung in das N. T. I, S. 422 ff. 453 ff.
160 2077 1325 2122 Besonders durch Gieseler, über die Entstehung und die
160 2132 1095 2184 frühsten Schicksale der schriftlichen Evangelien.
162 2185 1324 2225 S. den Anhang der Schulz'schen Schrift über das Abendmahl,
159 2232 1325 2277 und die Schriften von Sieffert und Schneckenburger über
161 2291 1138 2335 den Ursprung des ersten kanonischen Evangeliums.
157 2344 526 2385 In den Probabilien.
