1600 2578
197 273 1568 326 heilt habe: so augenscheinlich ist es doch (wenn man nicht mit
208 335 1485 385 Venturini  und Kaiser  annehmen will, Kranke die-
208 395 1484 449 ser Art haben sich nicht selten geheilt geglaubt, wenn nur
208 455 1482 507 durch Jesu Einwirkung die Krisis gebrochen war, und die
208 511 1482 563 Referenten haben sie dafür ausgegeben, weil sie nichts
206 575 1483 630 Weiteres von ihnen erfuhren und also von der wahrschein-
200 632 1481 688 lich wiedergekehrten Krankheit nichts wuſsten), daſs die
202 695 1480 751 Sage auch in diesem Felde nicht gefeiert, sondern die
203 758 1480 806 leichteren Fälle, welche allein auf jene Weise kurirt wer-
203 816 1479 867 den konnten, mit den schwersten und complicirtesten ver-
202 876 1480 932 tauscht hat, auf welche eine psychologische Heilart gar
205 939 1479 992 keine Anwendung finden konnte . Ob sich hiemit die
203 999 1481 1055 obige Verweigerung jedes Zeichens von Seiten Jesu verei-
195 1062 1477 1117 nigen lasse, oder ob, um diese begreiflich zu finden, auch
198 1119 1477 1177 solche psychologisch erklärbare Heilungen, welche aber
199 1179 1476 1238 doch nur als Wunder erscheinen konnten, Jesu abgespro-
199 1233 1474 1285 chen werden müssen, und ob hinwiederum nach Entzie-
198 1289 1475 1353 hung auch dieser Grundlage die Ausbildung so vieler Wun-
200 1352 1476 1411 dererzählungen von Jesu sich erklären lasse? soll hier nur
198 1413 850 1472 als Frage aufgestellt werden.
242 1474 1475 1537 Werfen wir schlieſslich noch einen Blick auf das jo-
198 1541 1472 1592 hanneische Evangelium, welches von Dämonischen und de-
198 1599 1472 1658 ren Heilung durch Jesum nichts hat, so ist dieſs dem Apo-
196 1653 1469 1713 stel Johannes, dem voraussezlichen Verfasser, nicht selten
195 1715 1556 1783 als ein Zeichen geläuterter Ansichten zum Vortheil ange-
196 1779 1470 1840 rechnet worden . Allein, wenn der genannte Apostel
198 182 250 216 50
606 174 1138 221 Zweiter Abschnitt.
294 1916 1069 1973 Natürliche Geschichte u. s. f. 2, S. 429.
290 1995 979 2043 Bibl. Theologie, 1, S. 196.
293 2040 1556 2108 Zu den vorübergehenden Verstimmungen, auf welche Jesus
290 2103 1469 2157 psychologisch eingewirkt haben kann, lässt sich vielleicht
293 2151 1482 2216 auch der Fieberanfall der Schwiegermutter Petri zählen, wel-
291 2209 1339 2258 chen Jesus nach Matth. 8, 14 ff. parall. gehoben hat.
293 2271 1466 2324 So mehr oder minder von Eichhorn, in der allg. Bibliothek,
289 2334 1465 2378 4, S. 435; Herder, von Gottes Sohn u. s. f., S. 20; Weg-
