1600 2578
286 245 1445 298 Hat daher die neuere Kritik mit Recht hier eine Ab-
165 309 1444 363 weichung der Relationen zugegeben, so findet sie die ge-
165 369 1444 421 nauere Darstellung des Hergangs einstimmig auf Seiten der
168 430 1442 483 mittleren Evangelisten, sei es, daſs man mit Schonung des
166 484 1442 544 Matthäus in seiner Darstellung eine Abkürzung findet, wie
165 550 1442 601 sie auch von einem Augenzeugen veranstaltet sein könn-
166 605 1440 660 te , oder daſs man diese mindere Genauigkeit als Zeichen
164 670 1440 726 eines nichtapostolischen Ursprungs des ersten Evangeliums
165 730 1440 780 ansieht . Daſs nun Markus und Lukas den von Matthäus
163 792 1437 844 verschwiegenen Namen des Bittstellers angeben, und auch
165 852 1440 904 seinen Stand genauer als jener bestimmen, kann ebenso-
161 911 1438 965 wohl zu Ungunsten, als, wie gewöhnlich, zu Gunsten je-
162 972 1438 1026 ner beiden ausgelegt werden, da die namentliche Bezeich-
161 1033 1438 1085 nung der Personen, wie schon früher bemerkt, nicht sel-
160 1093 1436 1155 ten Zuthat der späteren Sage ist, wie die blutflüssige Frau
161 1144 1438 1202 erst in der Tradition eines Joh. Malala Veronika , das
158 1211 1435 1262 kananäische Weib erst in den Klementinen Justa heiſst ,
158 1274 1436 1347 und die beiden Mitgekreuzigten Jesu erst im Evangelium
161 1336 1437 1391 Nicodemi Gestas und Demas . Das μονογενὴς des Lu-
157 1390 1433 1447 kas ohnehin dient nur, die Scene rührender zu machen,
156 1456 1434 1499 und das ἐτῶν δώδεκα konnte er und nach ihm Markus aus
159 1512 1438 1571 der Geschichte der Blutflüssigen heraufnehmen. Die Dif-
155 1573 1435 1628 ferenz, daſs nach Matthäus das Mädchen schon Anfangs
156 1634 1434 1688 als gestorben, nach den beiden andern erst als sterbend
156 1698 1435 1751 angekündigt wird, müſste man sehr oberflächlich angese-
155 1752 1432 1810 hen haben, wenn man dieselbe nach unserem eigenen Ka-
155 1820 1435 1877 non zu Ungunsten des Matthäus unter dem Vorwand ge-
1381 152 1448 185 135
496 142 1143 200 Neuntes Kapitel. §. 96.
251 1945 1430 1992 macher, über den Lukas, S. 132. und Fritzsche, in Matth.
249 2008 413 2042 p. 347 f.
251 2059 657 2100 Olshausen, 1, S. 323.
192 2107 1422 2153 Schleiermacher, a. a. O. S. 131 ff.; Schulz, über das Abendm.
249 2160 410 2196 S. 316 f.
251 2216 1114 2261 s. Fabricius, Cod. apocr. N. T. 2, S. 449 ff.
249 2268 496 2313 Homil. 2, 19.
244 2324 399 2364 Cap. 10.
