1600 2600
118 246 1389 302 von Paulus Recht gegeben , und Clemen  und Fritz-
222 304 1391 361 sche  suchen vergebens die Unmöglichkeit dieser Ausle-
116 364 1388 422 gung darzuthun; denn wenn es 2. Mos. 13, 2. heiſst:
116 508 1387 567 so war doch keineswegs allein ein solches Erstgeborene,
117 567 1387 628 auf welches noch andere, später Geborene folgten, Jehova
115 628 1386 689 heilig, sondern jede Leibesfrucht, vor welcher keine andre
115 687 1383 747 von derselben Mutter geboren war, was also der Ausdruck:
114 749 1384 807 πρωτότοκος nothwendig auch muſs bezeichnen können. Frei-
114 814 1383 866 lich muſs man andererseits mit Winer  sagen, daſs, wenn
113 874 1383 927 der Erzähler, vor welchem die Geschichte abgeschlossen
112 938 1384 991 daliegt, jenen Ausdruck gebraucht, man denselben in sei-
111 994 1384 1052 nem ursprünglichen Sinne zu nehmen versucht ist, da der
111 1056 1381 1110 Schriftsteller, wenn er weitere Kinder ausschlieſsen wollte,
110 1118 1389 1172 wohl eher den Ausdruck μονογενὴς gebraucht, oder mit
110 1176 1387 1230 πρωτότοκος verbunden haben würde. Doch, wenn auch die-
109 1238 1380 1297 ses nichts entscheiden mag, so ist um so schlagender die
106 1300 1378 1360 Ausführung Fritzsche's in Bezug auf das ἕως οὖ κ. τ. λ.,
106 1362 1379 1415 in welcher er die angeblichen Belegstellen der kirchenvä-
106 1420 1376 1474 terlichen Auslegung jener Formel widerlegt und zeigt, daſs
105 1481 1380 1532 sie, ihrem nächsten Sinne nach nur bis zu einer angege-
106 1542 1375 1595 benen Grenze hin etwas aussagend, und von dieser an das
105 1604 1377 1658 Eintreten des logischen Gegentheils voraussetzend, nur in
105 1663 1378 1715 dem Falle dieses Letztere nicht thue, wenn aus dem Zu-
103 1729 1376 1781 sammenhang das Eintreten dieses Gegentheils als unmöglich
104 1790 1375 1840 von selbst erhelle . Dann z. B., wenn es hieſse: οὺκ
105 1844 1374 1900 ἐγινωσκεν ἀυτὴν, ἕως οὖ ἀπέϑανεν, verstände es sich von
102 1908 1373 1967 selbst, daſs das von der Zeit bis zum Tode Geleugnete auch
1323 157 1391 189 183
438 151 1054 202 Drittes Kapitel. §. 26.
194 2068 513 2104 a. a. O. S. 168.
191 2120 1369 2162 Die Brüder Jesu. In Winer's Zeitschrift für wissenschaftli-
194 2175 755 2217 che Theologie 1, 3, S. 364 f.
194 2227 711 2268 Comm. in Matth. z. d. St.
190 2282 1365 2332 Biblisches Realwörterbuch, 2te Auflage, 1. Bd. S. 664, Anm.
198 2333 1141 2384 Comment. in Matth. S. 53 ff., vgl. auch S. 835.
