1600 2578
190 238 1465 301 den verschieden beschrieben, indem Matthäus namentlich
191 308 1470 362 davon nichts weiſs, daſs Jesus nach den beiden andern
192 377 1470 428 Referenten nur den engsten Ausschuſs seiner Jünger, den
193 437 1470 489 Petrus und die Zebedaiden, als Zeugen mitgenommen ha-
193 497 1474 548 ben soll. Diese Abweichungen hat z. B. Storr so bedeu-
192 558 1467 608 tend gefunden, daſs er zwei verschiedene Fälle annahm,
192 618 1562 672 in welchen unter ähnlichen Umständen die Tochter das ei-
193 681 1472 734 nemal eines weltlichen ἄρχων (Matthäus), das andremal
193 741 1563 794 eines Synagogarchen Jairus (Markus und Lukas) vom To-
195 802 1563 857 de erweckt worden sei . Daſs nun aber, was Storr
196 861 1478 913 noch dazu annimmt, und was auf diesem Standpunkt an-
195 923 1476 975 genommen werden muſs, Jesus nicht blos zweimal ein Mäd-
196 985 1479 1035 chen vom Tode erweckt, sondern auch beidemale unmittel-
198 1046 1478 1099 bar vorher eine Frau vom Blutfluſs geheilt haben soll, ist
197 1107 1481 1156 ein Zusammentreffen, welches sich durch die vage Bemer-
199 1165 1480 1216 kung Storr's, es können sich zu verschiedenen Zeiten gar
199 1224 1481 1273 wohl sehr ähnliche Dinge zutragen, um nichts wahrschein-
201 1284 1481 1331 licher wird. Muſs man somit einräumen, daſs die Evan-
202 1344 1481 1398 gelisten nur Eine Begebenheit erzählen, so sollte man doch
202 1380 1486 1458 des weichlichen Bestrebens sich entschlagen, eine völlige
202 1456 1570 1520 Übereinstimmung ihrer Erzählungen herauszubringen. Denn
204 1513 1570 1579 weder kann das ἄρτι ἐτελεύτησε bei Matthäus, wie Kuinöl
205 1588 1486 1663 will , est morti proxima heiſsen, noch läſst sich das
203 1648 1487 1708 ἐσχάτως ἔχει und ἀπέϑνησκε bei Markus und Lukas von
206 1679 1488 1762 bereits erfolgtem Tode verstehen, zumal bei beiden die
205 1769 1486 1825 Todesnachricht den Vater später als etwas Neues hinter-
210 1838 464 1878 bracht wird.
186 165 254 199 134
586 154 1118 194 Zweiter Abschnitt.
312 1952 1000 1992 Über den Zweck des Joh. S. 351 ff.
310 2006 1485 2053 Comm. in Matth. p. 263. Welche Argumentation: verba [NB.
310 2062 1491 2110 Matthaei]: ἄρτι ἐτελεύτησεν non possunt latine reddi: jam
306 2115 1482 2159 mortua est; nam, auctore [NB.] Luca, patri adhuc cum
313 2167 1489 2213 Christo colloquenti nuntiabat servus, filiam jam exspirasse,
311 2219 1489 2268 ergo [auetore Matthaeo?] nondum mortua erat, cum pater
316 2273 699 2311 ad Jesum accederet.
313 2326 1492 2374 Vergl. über diese falschen Ausgleichungsversuche Schleier-
