1600 2516
276 236 1533 282 marſch in Belgien hätten mindeſtens die geſinnungstüchtigen Liberalen der
276 286 1533 330 Kleinſtaaten kurzerhand als einen Rückfall in die alte Troppauer Inter-
278 332 1532 378 ventionspolitik verdammt. Die Feſtungen, auf deren Schutz der Vierbund
278 381 1533 426 einſt gerechnet, waren mit wenigen Ausnahmen ſchon in den Händen der
276 429 1532 474 belgiſchen Aufſtändiſchen. Von England ſtand keine, von Oeſterreich nur
276 477 1531 522 ſpäte und geringe Hilfe zu erwarten. Frankreich hingegen war entſchloſſen,
261 522 1532 570 falls Preußen in das öſtliche Belgien einrückte, ſogleich den weſtlichen
276 572 1531 618 Theil des Landes zu beſetzen. Dieſe Abſicht kündigte Graf Molé ſchon
277 621 1532 665 am 31. Auguſt dem preußiſchen Geſandten Werther vertraulich an. Er
275 669 1532 713 ſprach durchaus verſöhnlich, entſchuldigte ſich wie gewöhnlich mit der
275 716 1532 761 kritiſchen Lage ſeiner Regierung, verſicherte heilig, Frankreich beabſichtige
275 765 1531 809 keine Feindſeligkeiten; nur müßten die beiden Nachbarmächte Belgiens in
275 813 1531 857 vollkommen gleicher Stellung bleiben bis ein europäiſcher Congreß die
273 860 1532 904 Frage friedlich löſe. An der Aufrichtigkeit ſeiner Betheuerungen war
273 907 1531 952 nicht zu zweifeln. Aber wie nun, wenn das zuchtloſe, durch die Re-
275 954 1532 1001 volution mächtig aufgeregte franzöſiſche Heer ſo nahe dem Schlachtfelde
275 1003 1507 1050 von Belle-Alliance den verhaßten preußiſchen Siegern dicht gegenübertrat?
276 1052 1529 1099 Ein Zufall konnte dann leicht das Signal geben zu jenem Weltkriege,
274 1100 1529 1147 welchen die Anerkennung des Julikönigthums ſoeben erſt glücklich abge-
272 1150 495 1192 wendet hatte.
357 1198 1531 1244 Die Entſcheidung dieſer ernſten Fragen behielt ſich Friedrich Wilhelm
273 1248 1530 1290 ſelber vor; nur Witzleben und Bernſtorff, der trotz der Schmerzen einer
273 1296 1529 1339 ſchweren Krankheit immer klar und ruhig blieb, genoſſen ſein Vertrauen.
274 1345 1530 1388 Und es war dringend nöthig, daß der Monarch die Leitung der aus-
274 1392 1531 1439 wärtigen Politik in ſeine Hand nahm; denn die Kriegspartei am Hofe
274 1444 1531 1486 gewann an Feldmarſchall Diebitſch einen kräftigen Bundesgenoſſen. Der
274 1488 1531 1534 König hatte ſoeben nach Petersburg die Weiſung geſchickt: „Dieſer Sen-
275 1537 1530 1584 dung iſt nach Möglichkeit entgegenzuarbeiten,“ und war peinlich über-
270 1585 1529 1633 raſcht, als der Ruſſe am 9. September nun doch eintraf; er wußte, daß
274 1634 1529 1681 der Feldmarſchall und ſein Stellvertreter Czernitſchew die beiden einzigen
274 1682 1529 1730 namhaften Männer des ruſſiſchen Hofes waren, welche die Kriegsluſt des
273 1729 1529 1777 Czaren theilten. Glänzende Feſte und Paraden wurden zu Ehren des
274 1779 1529 1827 Türkenbeſiegers veranſtaltet. Zur Zeit des orientaliſchen Krieges hatten
272 1827 1529 1875 Bernſtorff und die freieren Köpfe unter den preußiſchen Staatsmännern
274 1874 1530 1925 auf Rußlands Seite geſtanden; jetzt verſchob ſich die Parteiſtellung, alle
273 1923 1529 1974 ſtrengen Legitimiſten prieſen den Czaren als den Hort des göttlichen
273 1973 1529 2023 Königsrechts und erwieſen ſeinem Abgeſandten ihre befliſſene Verehrung.
272 2020 1530 2072 Der dicke kleine rothhaarige Herr, der übrigens von ſeinen Kriegsthaten
558 153 1258 190 IV. 1. Die Juli-Revolution und der Weltfriede.
277 141 318 183 46
402 2152 1531 2196 Die gegen d’Hauſſonville gerichteten Bemerkungen K. Hillebrand’s (Geſch. Frank-
271 2193 1530 2235 reichs I. 144) über Zeit und Inhalt dieſes Geſprächs ſind durchaus richtig, wie ſich aus
271 2233 900 2271 der nachfolgenden Darſtellung ergeben wird.
401 2274 1369 2316 Randbemerkung des Königs zu Galen’s Bericht v. 26. Aug. 1830.
