1600 2444
592 162 1022 198 I. 5. Ende der Kriegszeit.
242 226 1455 281 klärung, wie viel polniſches Land Rußland für ſich verlange. Erſt als
241 280 1456 325 Alexander abermals jede beſtimmte Antwort vor dem Friedensſchluſſe ver-
241 324 1456 375 weigerte, ging Preußen auf eigene Fauſt vor. Der Staatskanzler ent-
242 372 1456 421 warf eine genaue Berechnung der für Preußen nothwendigen Enſchädi-
243 421 1456 467 gungen und übergab dieſe Denkſchrift, während des Aufenthalts zu
243 466 1457 515 Baſel im Januar 1814, dem öſterreichiſchen Hofe. Sie forderte ganz
245 507 1457 560 Sachſen, Vorpommern, die Rheinlande von Mainz bis zur niederländi-
245 557 1458 609 ſchen Grenze, ſowie Polen bis zur Wartha; die Einwohnerzahl der Mo-
246 606 1459 654 narchie war auf 10—11 Millionen berechnet. Als einzige Antwort er-
245 653 1366 702 hielt Hardenberg ein franzöſiſches Billet des Grafen Stadion. Im
245 697 1458 747 Tone vertraulicher Freundſchaft, mit der wohlbekannten k. k. Gemüthlich-
245 745 1458 794 keit bemerkt der Oeſterreicher, die preußiſchen Zahlen ſeien doch gar zu
245 791 1458 842 hoch, über zehn Millionen dürfe man nicht hinausgehen. Dann wagt er
246 837 1460 889 eine ſchüchterne „Bemerkung zu Gunſten des unglücklichen ſächſiſchen Kur-
246 884 1459 935 hauſes, deſſen gänzliche Vertreibung aus Deutſchland mir allzuſehr das
247 930 1459 980 Gefühl der politiſchen Moral zu verletzen ſcheint“. Er deutet an, Preu-
246 979 1458 1029 ßen könne ſich wohl mit der Lauſitz und dem rechten Elbufer begnügen
247 1028 1459 1078 und ſchließt harmlos: „Ew. Excellenz werden mir dieſe Betrachtungen
247 1073 1460 1120 eines Biedermannes verzeihen; ich erlaube mir dergleichen zuweilen in
246 1115 1459 1167 der Politik.“ Hardenberg antwortete ſogleich: „Von Allem was Sach-
248 1162 1460 1219 ſen widerfahren könnte wäre die Theilung des Landes ohne Zweifel das
249 1209 1460 1262 Schlimmſte.“ Er hielt ſeine Forderungen entſchieden aufrecht, verwies
249 1256 1460 1308 zum Schluß auf die ſoeben eingetroffene Meldung von der Erſtürmung
249 1302 1460 1354 Wittenbergs und auf alle die anderen Rechtstitel, welche ſich Preußen
248 1349 1460 1401 durch ſeine kriegeriſchen Leiſtungen erworben habe. Damit hatte der
250 1395 1460 1445 Schriftwechſel ein Ende; Metternich weigerte ſich, vor dem Frieden irgend
249 1443 649 1486 welche Zuſage zu geben.
331 1491 1462 1542 Bei einiger Wachſamkeit konnte der Staatskanzler ſich über die Be-
249 1540 1461 1590 weggründe der Stadion’ſchen „Biedermanns-Bemerkungen“ nicht täuſchen.
250 1584 1461 1637 Eben in jenen Tagen erhielt er die ſichere Nachricht, daß derſelbe Mann,
250 1631 1462 1684 der das Vertrauen des Kaiſers Franz beſaß und die Operationspläne
250 1676 1462 1730 des großen Hauptquartiers entwarf, der Sachſe Langenau, mit den ſäch-
251 1722 1462 1775 ſiſchen Royaliſten insgeheim in Verbindung ſtand. Metternich, wegen
250 1768 1461 1822 dieſer Umtriebe zur Rede geſtellt, gab ſogleich eine beſchwichtigende Zuſage.
250 1815 1462 1863 Trotz aller ſolcher Anzeichen wollte Hardenberg ſeinen Glauben an Oeſter-
250 1861 918 1905 reichs treue Freundſchaft nicht aufgeben.
334 1906 1462 1956 Auch eine andere theuere Hoffnung des Vertrauensvollen erwies ſich als
251 1953 1463 2006 ſehr unſicher. Bernadotte hatte ſeinen däniſchen Krieg beendigt und im Kieler
251 2000 1463 2051 Frieden den Beſiegten die Abtretung von Norwegen abgezwungen (14. Ja-
252 2043 1463 2097 nuar 1814); zur Entſchädigung wurde daſſelbe Schwediſch-Pommern, das
240 158 301 188 532
379 2155 1076 2191 Stadion an Hardenberg, Baſel 21. Januar 1814.
376 2191 989 2227 Hardenberg an Stadion, 21. Januar 1814.
