1600 2472
268 206 1518 250 Das Protokoll ſagte in ſeiner dehnbaren Faſſung ſehr wenig; denn führte
268 253 1514 296 der Londoner Vertrag zu einem europäiſchen Kriege, ſo konnte Preußen ſich
268 301 1516 343 dem Streite unmöglich entziehen. Unvergeßlich aber blieb die traurige Er-
268 348 1515 390 fahrung, daß der Staat, der die verwegenſten Rathſchläge gab, ſich im
266 395 1125 437 Handeln unter allen am kleinmüthigſten zeigte. —
352 535 1514 579 Durch den Julivertrag wurde der ägyptiſche Streit zu einer euro-
266 583 1514 626 päiſchen Frage, und mit einem male ſah ſich Preußen, dem dieſe orien-
267 631 1514 674 taliſchen Händel ſo fern lagen, in die vorderſte Reihe der Streitenden
269 679 1515 723 geſchoben. Mit der einzigen Ausnahme Rußlands beabſichtigte keine der
270 728 1514 771 vier Mächte den franzöſiſchen Stolz irgend zu kränken. Sie alle meinten,
267 775 1514 820 ihr eigenmächtiges Verfahren ſei durch die beſtändig ausweichende, zuwar-
268 824 1515 868 tende Haltung der franzöſiſchen Diplomatie vollauf gerechtfertigt; hatte
268 872 1515 916 doch Guizot in den letzten Tagen, als Palmerſton ihn fragte, ob Frank-
267 922 1513 965 reich nicht mindeſtens die gänzliche Losreißung Aegyptens verhindern wolle,
269 970 1513 1014 nur achſelzuckend geantwortet: alors comme alors! Sie alle glaubten,
268 1017 1514 1058 wie Bülow ſagte, Thiers würde gute Miene zum böſen Spiele machen mit An-
269 1064 1514 1107 ſtand zurückweichen und ſich wohl hüten, im Bunde mit dem ägyptiſchen
267 1111 1512 1157 Rebellen der offenbaren Uebermacht zu trotzen. An dem nämlichen Tage,
266 1160 1515 1205 da der Vertrag unterzeichnet wurde, ſchrieb Palmerſton mit ungewohnter
266 1209 1513 1254 Höflichkeit an Guizot: die vier Mächte hätten ſich nur mit tiefem Bedauern,
267 1260 1514 1303 nur um doch etwas zu Stande zu bringen, von Frankreich getrennt; ſie hoff-
266 1310 1513 1351 ten, dieſe Trennung würde nur von kurzer Dauer ſein und den Gefühlen
266 1358 1514 1400 aufrichtiger Freundſchaft keinen Eintrag thun; ſie hofften ſogar, Frank-
264 1406 1513 1448 reich würde ſeinen großen Einfluß in Alexandria benutzen um ihnen ſeinen
265 1452 1513 1495 moraliſchen Beiſtand zu leihen und Mehemed Ali zur Nachgiebigkeit zu
265 1498 1512 1542 bewegen. Noch friedfertiger redete Preußen. Bülow ſchrieb nach Paris:
267 1546 1513 1592 „wir mußten uns der Form nach von Frankreich trennen, hoffen aber
266 1594 1514 1642 in der Sache ſelbſt auf deſſen hilfreiche Mitwirkung;“ und Miniſter Werther
267 1642 1513 1689 ſchlug vor, man möge den Tuilerienhof noch vor der Ratification des
267 1691 1512 1739 Vertrags zum Beitritt einladen, damit jeder Schein eines Zerwürfniſſes
266 1739 1513 1787 vermieden würde. Der öſterreichiſche Staatskanzler hegte allerdings
268 1788 1512 1834 einen tiefen Haß gegen Thiers, „die wahre Verkörperung der Revolution
266 1837 1513 1885 von 1830.“ In ſeinen vertrauten Briefen ſchalt er maßlos auf „dieſe
264 1886 1512 1934 in jeder Hinſicht elende Perſönlichkeit“, die alle ſchlechten Leidenſchaften
265 1935 1512 1979 der Franzoſen wachrufe und wie ein Trinker ſich nur durch Branntwein
266 1984 1511 2031 ſtärken könne. Er ſagte mit boshaftem Wortſpiele: dieſer Nichtswürdige
266 2033 1512 2078 wolle der Napoleon der Julirevolution werden und ſie wie ein Tertian-
269 120 309 150 80
712 122 1076 158 V. 2. Die Kriegsgefahr.
396 2120 1511 2157 Palmerſton, Memorandum über ſeine Geſpräche mit Guizot, 18—20. Juli 1840.
392 2163 890 2197 Bülow an Maltzan, 9. Juli 1840.
393 2201 1357 2239 Palmerſton an Guizot, 15. Juli; Bülow’s Bericht 31. Juli 1840.
392 2241 1330 2277 Bülow an Arnim, 21. Juli; Werther an Bülow, 4. Aug. 1840.
