1600 2444
196 240 1337 284 Alsbald nach Steins Abgang gerieth ſein Reformwerk ins Stocken.
118 285 1337 331 Alle die bedeutenden Talente, die unter ihm gearbeitet, vermochten nichts
117 334 1337 379 mehr ſeit ſein belebender mächtiger Wille fehlte. Der Staat bedurfte, ſo
117 378 1338 425 lange die neue Organiſation nicht vollendet war, eines leitenden Staats-
117 430 1338 471 mannes, dem die Miniſter ſich unterordneten. Da indeß Hardenberg
118 471 1339 518 durch Napoleons Mißgunſt den Geſchäften noch immer fern gehalten
116 522 1341 565 wurde und Niemand ſonſt den Ausſcheidenden erſetzen konnte, ſo behalf
117 570 1340 612 man ſich mit einer collegialiſchen Miniſterregierung. Der neue Miniſter
116 611 1340 660 des Innern, Graf Alexander Dohna war ein feingebildeter ehrenhafter
119 659 1339 707 Patriot — wie alle Söhne jenes alten proteſtantiſchen Heldengeſchlechts,
117 710 1338 753 von dem das oſtpreußiſche Sprichwort ſagte: gut wie ein Dohna — doch
117 756 1340 799 weder ein ideenreicher Kopf noch ein Mann des durchgreifenden Entſchluſſes.
116 799 1339 846 Der König verhehlte ſich nicht, daß die neue Organiſation nicht mehr auf
116 845 1340 894 halbem Wege ſtehen bleiben durfte; er überwand jetzt ſogar ſeine Abnei-
117 899 1339 941 gung gegen das Repräſentativſyſtem, befahl dem Miniſter des Innern,
116 940 1341 989 die Neugeſtaltung der ſtändiſchen Verfaſſung ſowie der ländlichen Polizei-
117 990 1341 1034 verwaltung ſchleunig in Angriff zu nehmen. Sein geſunder Verſtand
117 1034 1341 1080 erkannte, daß die Polizeigewalt der Gutsherrſchaften das feſte Bollwerk
117 1081 754 1124 der alten ſtändiſchen Vorrechte bildete.
197 1126 1340 1168 Kaum wurden dieſe Abſichten des Monarchen ruchbar, ſo erhob ſich
116 1173 1337 1216 wieder die Oppoſition der Landtage, und ſie trat jetzt dreiſter auf als
117 1222 1341 1265 unter Steins kraftvollem Regimente. Die Stände der Kurmark verlang-
117 1271 1341 1315 ten trotzig, daß man ſie zu der Berathung des Verfaſſungsentwurfes zu-
117 1317 1342 1361 ziehe. Die pommerſche Ritterſchaft proteſtirte auf ihrem Stargarder
117 1361 1340 1408 Landtage feierlich gegen jede Abänderung der alten Landſchafts-Verfaſſung,
117 1409 1342 1454 desgleichen gegen den Plan einer allgemeinen Einkommenſteuer, während
118 1455 1342 1500 die Städte des Landes umgekehrt den König beſchworen, bei ſeinen Plänen
119 1503 1343 1551 auszuharren, denn nur die Aufhebung der Privilegien könne die heute
118 1549 1342 1598 durch Mißmuth niedergeſchlagene thätige Vaterlandsliebe wieder erwecken.
118 1598 1342 1646 Die geſammte feudale Welt gerieth in Unruhe. Der neue brandenbur-
120 1648 1343 1693 giſche Oberpräſident Sack und die Mitglieder der Potsdamer Regierung,
120 1694 1345 1740 Vincke, Maaſſen, Beuth, Baſſewitz, durchweg eifrige Anhänger der Re-
118 1738 1343 1786 formpartei, lebten in beſtändiger Fehde mit den Ständen der Kurmark.
120 1785 1344 1832 Alle dieſe trefflichen Männer, die ſich nachher ſämmtlich einen ehrenvollen
120 1830 1344 1875 Platz in Preußens Annalen erworben haben, bezichtigte Marwitz der
119 1880 1345 1924 revolutionären Geſinnung. Vornehmlich Sack galt bei den Landſtänden
122 1924 1344 1970 als der Ausbund bureaukratiſchen Jacobinerthums. Und in der That
121 1969 1344 2017 ſtand die altväteriſche Schulden- und Steuerverwaltung, welche den Land-
120 2016 1345 2064 tagen noch verblieben war, ſchlechterdings nicht mehr im Einklang mit
1276 163 1333 194 331
515 166 940 200 Miniſterium Altenſtein-Dohna.
264 2133 970 2165 Cabinets-Ordres v. 10. Jan. und 4. März 1809.
262 2165 1142 2202 Bericht des Oberpräſidenten Sack an Dohna, 19. Sept. 1809.
262 2201 1344 2241 Eingabe der hinterpommerſchen Städte an den König, Stargard 28. Sept. 1809.
