<?xml version="1.0" encoding="UTF-8"?>
<PcGts xmlns="http://schema.primaresearch.org/PAGE/gts/pagecontent/2019-07-15" xmlns:xsi="http://www.w3.org/2001/XMLSchema-instance" xsi:schemaLocation="http://schema.primaresearch.org/PAGE/gts/pagecontent/2019-07-15 http://schema.primaresearch.org/PAGE/gts/pagecontent/2019-07-15/pagecontent.xsd">
<Metadata>
<Creator>regJS2PAGE.py</Creator>
<Created>2021-02-16T11:05:47.991682</Created>
<LastChange>2021-02-16T11:05:47.991682</LastChange>
</Metadata>
<Page imageFilename="tmp/treitschke_geschichte05_1894_0096.png" imageWidth="1600" imageHeight="2472">
<TextRegion id="block_0" custom="structure {type:header;}">
<Coords points="701,158 701,192 1061,192 1061,158 701,158"/>
<TextLine id="line_0">
<Coords points="701,160 737,160 763,162 787,162 817,159 867,159 883,158 1061,158 1061,192 883,192 867,187 817,187 787,187 763,187 737,188 701,188 701,160"/>
<Baseline points="701,188 737,188 763,187 787,187 817,187 867,187 883,192 1061,192"/>
<TextEquiv><Unicode>V. 2. Die Kriegsgefahr.</Unicode></TextEquiv>
</TextLine>

</TextRegion>
<TextRegion id="block_1" custom="structure {type:body;}">
<Coords points="258,237 258,289 260,286 260,340 259,332 259,386 260,380 260,429 260,425 346,425 346,477 346,473 261,473 261,525 260,520 260,573 262,566 262,619 261,614 261,671 263,662 263,719 263,710 263,761 263,761 263,813 263,806 263,860 264,855 264,906 266,902 266,959 266,950 266,1005 266,997 266,1052 267,1046 267,1097 267,1094 267,1140 268,1143 268,1188 268,1190 268,1245 269,1238 269,1290 270,1288 270,1342 269,1338 269,1392 268,1384 268,1437 269,1434 269,1484 270,1488 270,1529 270,1527 354,1527 354,1573 354,1575 270,1575 270,1628 273,1623 273,1674 273,1672 273,1722 275,1721 275,1771 274,1770 274,1815 274,1819 274,1870 274,1866 274,1916 273,1915 273,1963 273,1964 360,1964 360,2011 360,2012 275,2012 275,2065 274,2060 274,2113 1519,2113 1519,2060 1519,2065 1519,2012 1519,2011 1519,1964 1112,1964 1112,1963 1112,1915 1518,1915 1518,1916 1518,1866 1516,1870 1516,1819 1517,1815 1517,1770 1516,1771 1516,1721 1517,1722 1517,1672 1516,1674 1516,1623 1515,1628 1515,1575 1515,1573 1515,1527 888,1527 888,1529 888,1488 1514,1488 1514,1484 1514,1434 1513,1437 1513,1384 1513,1392 1513,1338 1511,1342 1511,1288 1511,1290 1511,1238 1511,1245 1511,1190 1510,1188 1510,1143 1509,1140 1509,1094 1508,1097 1508,1046 1507,1052 1507,997 1507,1005 1507,950 1508,959 1508,902 1508,906 1508,855 1506,860 1506,806 1506,813 1506,761 1505,761 1505,710 1505,719 1505,662 1505,671 1505,614 1503,619 1503,566 1504,573 1504,520 1503,525 1503,473 1503,477 1503,425 1365,425 1365,429 1365,380 1501,380 1501,386 1501,332 1501,340 1501,286 1500,289 1500,237 258,237"/>
<TextLine id="line_1">
<Coords points="258,253 308,253 330,249 414,249 435,250 485,250 506,247 704,247 726,252 782,252 805,244 918,244 946,242 1098,242 1143,239 1244,239 1267,245 1314,245 1338,239 1367,239 1389,237 1500,237 1500,276 1389,276 1367,268 1338,268 1314,269 1267,269 1244,277 1143,277 1098,281 946,281 918,276 805,276 782,276 726,276 704,286 506,286 485,282 435,282 414,289 330,289 308,284 258,284 258,253"/>
<Baseline points="258,284 308,284 330,289 414,289 435,282 485,282 506,286 704,286 726,276 782,276 805,276 918,276 946,281 1098,281 1143,277 1244,277 1267,269 1314,269 1338,268 1367,268 1389,276 1500,276"/>
<TextEquiv><Unicode>der Krieg der Propaganda von Neuem beginnen. Schon am 5. Auguſt</Unicode></TextEquiv>
</TextLine>

<TextLine id="line_2">
<Coords points="260,300 309,300 331,299 381,299 404,297 513,297 535,294 686,294 709,293 793,293 817,290 962,290 985,290 1169,290 1192,287 1274,287 1297,286 1501,286 1501,322 1297,322 1274,318 1192,318 1169,326 985,326 962,329 817,329 793,329 709,329 686,334 535,334 513,337 404,337 381,339 331,339 309,340 260,340 260,300"/>
<Baseline points="260,340 309,340 331,339 381,339 404,337 513,337 535,334 686,334 709,329 793,329 817,329 962,329 985,326 1169,326 1192,318 1274,318 1297,322 1501,322"/>
<TextEquiv><Unicode>ſah ſich Thiers genöthigt, durch königliche Ordonnanz einen außerordent-</Unicode></TextEquiv>
</TextLine>

<TextLine id="line_3">
<Coords points="259,348 347,348 369,345 468,345 495,350 552,350 575,344 615,344 631,341 715,341 733,340 770,340 800,346 834,346 864,338 1037,338 1063,335 1129,335 1158,333 1265,333 1292,332 1400,332 1428,339 1501,339 1501,362 1428,362 1400,372 1292,372 1265,373 1158,373 1129,368 1063,368 1037,377 864,377 834,377 800,377 770,379 733,379 715,374 631,374 615,373 575,373 552,375 495,375 468,378 369,378 347,386 259,386 259,348"/>
<Baseline points="259,386 347,386 369,378 468,378 495,375 552,375 575,373 615,373 631,374 715,374 733,379 770,379 800,377 834,377 864,377 1037,377 1063,368 1129,368 1158,373 1265,373 1292,372 1400,372 1428,362 1501,362"/>
<TextEquiv><Unicode>lichen Credit von 56 Mill. fr. zu verlangen; bald darauf folgten neue</Unicode></TextEquiv>
</TextLine>

<TextLine id="line_4">
<Coords points="260,393 402,393 424,393 486,393 508,387 873,387 895,385 976,385 998,384 1069,384 1091,385 1155,385 1177,380 1297,380 1320,388 1365,388 1365,419 1320,419 1297,420 1177,420 1155,414 1091,414 1069,416 998,416 976,416 895,416 873,429 508,429 486,423 424,423 402,429 260,429 260,393"/>
<Baseline points="260,429 402,429 424,423 486,423 508,429 873,429 895,416 976,416 998,416 1069,416 1091,414 1155,414 1177,420 1297,420 1320,419 1365,419"/>
<TextEquiv><Unicode>Anleihen und Truppenaushebungen, Alles trieb dem Kampfe zu.</Unicode></TextEquiv>
</TextLine>

<TextLine id="line_5">
<Coords points="346,440 412,440 446,438 598,438 630,435 720,435 753,433 917,433 945,431 1060,431 1088,429 1206,429 1240,428 1301,428 1334,425 1503,425 1503,464 1334,464 1301,459 1240,459 1206,468 1088,468 1060,468 945,468 917,470 753,470 720,473 630,473 598,477 446,477 412,472 346,472 346,440"/>
<Baseline points="346,472 412,472 446,477 598,477 630,473 720,473 753,470 917,470 945,468 1060,468 1088,468 1206,468 1240,459 1301,459 1334,464 1503,464"/>
<TextEquiv><Unicode>Mit ſteigender Angſt betrachtete Ludwig Philipp dies kriegeriſche</Unicode></TextEquiv>
</TextLine>

<TextLine id="line_6">
<Coords points="261,487 387,487 410,485 501,485 529,482 683,482 705,480 873,480 916,479 993,479 1023,486 1052,486 1080,477 1158,477 1180,473 1377,473 1405,475 1443,475 1472,480 1503,480 1503,503 1472,503 1443,503 1405,503 1377,512 1180,512 1158,516 1080,516 1052,509 1023,509 993,515 916,515 873,518 705,518 683,522 529,522 501,525 410,525 387,520 261,520 261,487"/>
<Baseline points="261,520 387,520 410,525 501,525 529,522 683,522 705,518 873,518 916,515 993,515 1023,509 1052,509 1080,516 1158,516 1180,512 1377,512 1405,503 1443,503 1472,503 1503,503"/>
<TextEquiv><Unicode>Treiben ſeines verhaßten Miniſters. Auch er hatte Augenblicke, da er</Unicode></TextEquiv>
</TextLine>

<TextLine id="line_7">
<Coords points="260,535 304,535 324,533 518,533 541,530 685,530 709,527 799,527 821,526 933,526 954,525 1038,525 1060,523 1196,523 1218,523 1279,523 1301,520 1398,520 1421,520 1504,520 1504,558 1421,558 1398,559 1301,559 1279,553 1218,553 1196,563 1060,563 1038,557 954,557 933,558 821,558 799,565 709,565 685,566 541,566 518,573 324,573 304,568 260,568 260,535"/>
<Baseline points="260,568 304,568 324,573 518,573 541,566 685,566 709,565 799,565 821,558 933,558 954,557 1038,557 1060,563 1196,563 1218,553 1279,553 1301,559 1398,559 1421,558 1504,558"/>
<TextEquiv><Unicode>die beſchämende Stellung ſeines Landes bitter empfand und zornig ſagte,</Unicode></TextEquiv>
</TextLine>

<TextLine id="line_8">
<Coords points="262,591 293,591 315,582 412,582 433,579 509,579 530,577 574,577 589,575 668,575 684,573 781,573 796,574 932,574 947,572 1068,572 1112,569 1209,569 1226,568 1309,568 1324,566 1503,566 1503,605 1324,605 1309,607 1226,607 1209,607 1112,607 1068,613 947,613 932,613 796,613 781,613 684,613 668,615 589,615 574,609 530,609 509,619 433,619 412,614 315,614 293,615 262,615 262,591"/>
<Baseline points="262,615 293,615 315,614 412,614 433,619 509,619 530,609 574,609 589,615 668,615 684,613 781,613 796,613 932,613 947,613 1068,613 1112,607 1209,607 1226,607 1309,607 1324,605 1503,605"/>
<TextEquiv><Unicode>er würde wohl die rothe Mütze aufſetzen müſſen. Indeß ſolche Wallungen</Unicode></TextEquiv>
</TextLine>

<TextLine id="line_9">
<Coords points="261,630 367,630 389,628 465,628 488,625 635,625 678,622 744,622 766,622 843,622 858,621 1030,621 1053,619 1145,619 1167,616 1251,616 1273,615 1328,615 1350,615 1422,615 1444,614 1505,614 1505,645 1444,645 1422,654 1350,654 1328,653 1273,653 1251,656 1167,656 1145,658 1053,658 1030,661 858,661 843,662 766,662 744,655 678,655 635,658 488,658 465,668 389,668 367,671 261,671 261,630"/>
<Baseline points="261,671 367,671 389,668 465,668 488,658 635,658 678,655 744,655 766,662 843,662 858,661 1030,661 1053,658 1145,658 1167,656 1251,656 1273,653 1328,653 1350,654 1422,654 1444,645 1505,645"/>
<TextEquiv><Unicode>gingen raſch vorrüber. Der kluge Kaufmann wußte wohl, daß ſeine ille-</Unicode></TextEquiv>
</TextLine>

<TextLine id="line_10">
<Coords points="263,678 360,678 370,673 514,673 530,672 612,672 624,671 786,671 797,670 956,670 972,668 1070,668 1085,666 1176,666 1192,668 1323,668 1339,664 1438,664 1454,662 1505,662 1505,693 1454,693 1438,695 1339,695 1323,703 1192,703 1176,704 1085,704 1070,707 972,707 956,709 797,709 786,712 624,712 612,704 530,704 514,716 370,716 360,719 263,719 263,678"/>
<Baseline points="263,719 360,719 370,716 514,716 530,704 612,704 624,712 786,712 797,709 956,709 972,707 1070,707 1085,704 1176,704 1192,703 1323,703 1339,695 1438,695 1454,693 1505,693"/>
<TextEquiv><Unicode>gitime Dynaſtie einen ſiegreichen Feldherrn ebenſo wenig ertragen konnte wie</Unicode></TextEquiv>
</TextLine>

<TextLine id="line_11">
<Coords points="263,727 326,727 340,722 519,722 562,720 628,720 642,719 707,719 722,720 790,720 808,720 857,720 871,717 1070,717 1085,714 1140,714 1161,713 1213,713 1229,712 1292,712 1316,713 1377,713 1393,711 1443,711 1459,710 1505,710 1505,742 1459,742 1443,743 1393,743 1377,744 1316,744 1292,752 1229,752 1213,752 1161,752 1140,752 1085,752 1070,758 871,758 857,751 808,751 790,758 722,758 707,758 642,758 628,752 562,752 519,761 340,761 326,758 263,758 263,727"/>
<Baseline points="263,758 326,758 340,761 519,761 562,752 628,752 642,758 707,758 722,758 790,758 808,751 857,751 871,758 1070,758 1085,752 1140,752 1161,752 1213,752 1229,752 1292,752 1316,744 1377,744 1393,743 1443,743 1459,742 1505,742"/>
<TextEquiv><Unicode>eine Niederlage. Der Ruf nach der Rheingrenze ließ ihn kalt, und wie ein</Unicode></TextEquiv>
</TextLine>

<TextLine id="line_12">
<Coords points="263,773 367,773 389,769 566,769 581,777 611,777 625,770 680,770 696,768 784,768 807,773 864,773 878,767 933,767 948,763 1136,763 1152,761 1235,761 1251,761 1382,761 1406,762 1506,762 1506,790 1406,790 1382,800 1251,800 1235,799 1152,799 1136,803 948,803 933,796 878,796 864,798 807,798 784,806 696,806 680,799 625,799 611,800 581,800 566,809 389,809 367,813 263,813 263,773"/>
<Baseline points="263,813 367,813 389,809 566,809 581,800 611,800 625,799 680,799 696,806 784,806 807,798 864,798 878,796 933,796 948,803 1136,803 1152,799 1235,799 1251,800 1382,800 1406,790 1506,790"/>
<TextEquiv><Unicode>Axiom wiederholte er den Satz: wer den allgemeinen Krieg anfängt, unter-</Unicode></TextEquiv>
</TextLine>

<TextLine id="line_13">
<Coords points="263,821 332,821 354,818 518,818 562,816 604,816 625,816 761,816 783,816 837,816 851,812 973,812 993,819 1045,819 1061,811 1140,811 1155,810 1244,810 1260,810 1322,810 1337,808 1412,808 1427,806 1506,806 1506,845 1427,845 1412,847 1337,847 1322,840 1260,840 1244,848 1155,848 1140,849 1061,849 1045,843 993,843 973,851 851,851 837,846 783,846 761,855 625,855 604,849 562,849 518,859 354,859 332,860 263,860 263,821"/>
<Baseline points="263,860 332,860 354,859 518,859 562,849 604,849 625,855 761,855 783,846 837,846 851,851 973,851 993,843 1045,843 1061,849 1140,849 1155,848 1244,848 1260,840 1322,840 1337,847 1412,847 1427,845 1506,845"/>
<TextEquiv><Unicode>liegt unfehlbar. Er wünſchte den Frieden um jeden Preis und ſagte ſchon</Unicode></TextEquiv>
</TextLine>

<TextLine id="line_14">
<Coords points="264,869 296,869 318,870 374,870 396,868 485,868 507,866 610,866 633,872 667,872 689,864 753,864 782,860 1009,860 1032,858 1211,858 1218,868 1225,868 1255,856 1342,856 1369,855 1448,855 1478,861 1508,861 1508,885 1478,885 1448,886 1369,886 1342,888 1255,888 1225,889 1218,889 1211,898 1032,898 1009,901 782,901 753,895 689,895 667,904 633,904 610,905 507,905 485,906 396,906 374,901 318,901 296,902 264,902 264,869"/>
<Baseline points="264,902 296,902 318,901 374,901 396,906 485,906 507,905 610,905 633,904 667,904 689,895 753,895 782,901 1009,901 1032,898 1211,898 1218,889 1225,889 1255,888 1342,888 1369,886 1448,886 1478,885 1508,885"/>
<TextEquiv><Unicode>in den erſten Tagen zu dem öſterreichiſchen Botſchafter: lieber wolle er</Unicode></TextEquiv>
</TextLine>

<TextLine id="line_15">
<Coords points="266,917 324,917 351,914 556,914 585,913 792,913 821,910 869,910 903,908 976,908 1008,906 1168,906 1196,905 1325,905 1357,902 1508,902 1508,942 1357,942 1325,945 1196,945 1168,946 1008,946 976,948 903,948 869,941 821,941 792,953 585,953 556,955 351,955 324,959 266,959 266,917"/>
<Baseline points="266,959 324,959 351,955 556,955 585,953 792,953 821,941 869,941 903,948 976,948 1008,946 1168,946 1196,945 1325,945 1357,942 1508,942"/>
<TextEquiv><Unicode>ſein Miniſterium zerſchmettern als ſeine friedlichen Bahnen verlaſſen.</Unicode></TextEquiv>
</TextLine>

<TextLine id="line_16">
<Coords points="266,965 342,965 357,966 459,966 474,969 526,969 539,963 603,963 619,958 852,958 872,958 922,958 939,954 1166,954 1181,953 1266,953 1282,954 1336,954 1350,950 1435,950 1450,959 1507,959 1507,982 1450,982 1435,988 1350,988 1336,982 1282,982 1266,987 1181,987 1166,990 939,990 922,987 872,987 852,996 619,996 603,993 539,993 526,994 474,994 459,1003 357,1003 342,1005 266,1005 266,965"/>
<Baseline points="266,1005 342,1005 357,1003 459,1003 474,994 526,994 539,993 603,993 619,996 852,996 872,987 922,987 939,990 1166,990 1181,987 1266,987 1282,982 1336,982 1350,988 1435,988 1450,982 1507,982"/>
<TextEquiv><Unicode>Ihm graute vor dem Radikalismus, der unausbleiblich durch den Krieg em-</Unicode></TextEquiv>
</TextLine>

<TextLine id="line_17">
<Coords points="266,1012 448,1012 462,1008 567,1008 589,1015 619,1015 633,1006 726,1006 744,1012 797,1012 812,1003 886,1003 906,1001 1058,1001 1081,1000 1132,1000 1154,1007 1225,1007 1249,998 1321,998 1343,997 1507,997 1507,1038 1343,1038 1321,1037 1249,1037 1225,1030 1154,1030 1132,1030 1081,1030 1058,1040 906,1040 886,1041 812,1041 797,1043 744,1043 726,1038 633,1038 619,1038 589,1038 567,1048 462,1048 448,1052 266,1052 266,1012"/>
<Baseline points="266,1052 448,1052 462,1048 567,1048 589,1038 619,1038 633,1038 726,1038 744,1043 797,1043 812,1041 886,1041 906,1040 1058,1040 1081,1030 1132,1030 1154,1030 1225,1030 1249,1037 1321,1037 1343,1038 1507,1038"/>
<TextEquiv><Unicode>porkommen müſſe; er wollte gar nicht begreifen, wie man ſeine harmloſen</Unicode></TextEquiv>
</TextLine>

<TextLine id="line_18">
<Coords points="267,1058 411,1058 430,1057 458,1057 473,1056 535,1056 549,1054 715,1054 737,1051 788,1051 810,1058 881,1058 903,1049 955,1049 976,1049 1026,1049 1042,1046 1156,1046 1178,1046 1319,1046 1342,1047 1429,1047 1452,1054 1508,1054 1508,1078 1452,1078 1429,1078 1342,1078 1319,1085 1178,1085 1156,1085 1042,1085 1026,1079 976,1079 955,1088 903,1088 881,1081 810,1081 788,1082 737,1082 715,1090 549,1090 535,1095 473,1095 458,1096 430,1096 411,1097 267,1097 267,1058"/>
<Baseline points="267,1097 411,1097 430,1096 458,1096 473,1095 535,1095 549,1090 715,1090 737,1082 788,1082 810,1081 881,1081 903,1088 955,1088 976,1079 1026,1079 1042,1085 1156,1085 1178,1085 1319,1085 1342,1078 1429,1078 1452,1078 1508,1078"/>
<TextEquiv><Unicode>Abſichten ſo ſehr verkennen, wie man ihn der Gefahr ausſetzen könne von</Unicode></TextEquiv>
</TextLine>

<TextLine id="line_19">
<Coords points="267,1109 317,1109 331,1103 510,1103 524,1100 699,1100 712,1107 747,1107 768,1098 890,1098 912,1096 974,1096 996,1094 1131,1094 1144,1095 1198,1095 1214,1095 1351,1095 1366,1095 1509,1095 1509,1135 1366,1135 1351,1135 1214,1135 1198,1126 1144,1126 1131,1134 996,1134 974,1127 912,1127 890,1136 768,1136 747,1138 712,1138 699,1140 524,1140 510,1138 331,1138 317,1140 267,1140 267,1109"/>
<Baseline points="267,1140 317,1140 331,1138 510,1138 524,1140 699,1140 712,1138 747,1138 768,1136 890,1136 912,1127 974,1127 996,1134 1131,1134 1144,1126 1198,1126 1214,1135 1351,1135 1366,1135 1509,1135"/>
<TextEquiv><Unicode>der Revolution überfluthet zu werden, und beſchwor den jüngeren Werther,</Unicode></TextEquiv>
</TextLine>

<TextLine id="line_20">
<Coords points="268,1155 317,1155 338,1156 393,1156 416,1152 563,1152 584,1150 633,1150 662,1146 877,1146 899,1144 1089,1144 1118,1143 1167,1143 1194,1143 1255,1143 1277,1143 1510,1143 1510,1182 1277,1182 1255,1174 1194,1174 1167,1178 1118,1178 1089,1184 899,1184 877,1188 662,1188 633,1181 584,1181 563,1185 416,1185 393,1186 338,1186 317,1188 268,1188 268,1155"/>
<Baseline points="268,1188 317,1188 338,1186 393,1186 416,1185 563,1185 584,1181 633,1181 662,1188 877,1188 899,1184 1089,1184 1118,1178 1167,1178 1194,1174 1255,1174 1277,1182 1510,1182"/>
<TextEquiv><Unicode>als den Vertreter der friedfertigſten Großmacht, für eine Verſtändigung</Unicode></TextEquiv>
</TextLine>

<TextLine id="line_21">
<Coords points="268,1212 302,1212 325,1201 442,1201 471,1199 590,1199 612,1197 667,1197 689,1195 741,1195 771,1194 861,1194 884,1192 1064,1192 1093,1192 1121,1192 1149,1190 1234,1190 1256,1190 1420,1190 1449,1198 1511,1198 1511,1223 1449,1223 1420,1228 1256,1228 1234,1229 1149,1229 1121,1232 1093,1232 1064,1233 884,1233 861,1227 771,1227 741,1236 689,1236 667,1238 612,1238 590,1238 471,1238 442,1235 325,1235 302,1245 268,1245 268,1212"/>
<Baseline points="268,1245 302,1245 325,1235 442,1235 471,1238 590,1238 612,1238 667,1238 689,1236 741,1236 771,1227 861,1227 884,1233 1064,1233 1093,1232 1121,1232 1149,1229 1234,1229 1256,1228 1420,1228 1449,1223 1511,1223"/>
<TextEquiv><Unicode>zu wirken: Europa ſitzt auf einem Pulverfaſſe ſo lange Frankreich ver-</Unicode></TextEquiv>
</TextLine>

<TextLine id="line_22">
<Coords points="269,1252 391,1252 411,1248 518,1248 526,1246 568,1246 611,1246 690,1246 713,1245 744,1245 767,1245 859,1245 876,1243 1010,1243 1026,1242 1147,1242 1164,1241 1276,1241 1291,1239 1380,1239 1397,1238 1511,1238 1511,1279 1397,1279 1380,1280 1291,1280 1276,1274 1164,1274 1147,1280 1026,1280 1010,1285 876,1285 859,1285 767,1285 744,1278 713,1278 690,1279 611,1279 568,1284 526,1284 518,1289 411,1289 391,1290 269,1290 269,1252"/>
<Baseline points="269,1290 391,1290 411,1289 518,1289 526,1284 568,1284 611,1279 690,1279 713,1278 744,1278 767,1285 859,1285 876,1285 1010,1285 1026,1280 1147,1280 1164,1274 1276,1274 1291,1280 1380,1280 1397,1279 1511,1279"/>
<TextEquiv><Unicode>einſamt daſteht! Eben in dieſen ſchwülen Wochen landete Prinz Ludwig</Unicode></TextEquiv>
</TextLine>

<TextLine id="line_23">
<Coords points="270,1300 422,1300 449,1297 503,1297 531,1297 609,1297 631,1295 778,1295 800,1294 944,1294 971,1292 1014,1292 1036,1291 1194,1291 1222,1291 1283,1291 1311,1293 1401,1293 1429,1288 1511,1288 1511,1321 1429,1321 1401,1328 1311,1328 1283,1323 1222,1323 1194,1331 1036,1331 1014,1326 971,1326 944,1328 800,1328 778,1339 631,1339 609,1330 531,1330 503,1332 449,1332 422,1342 270,1342 270,1300"/>
<Baseline points="270,1342 422,1342 449,1332 503,1332 531,1330 609,1330 631,1339 778,1339 800,1328 944,1328 971,1326 1014,1326 1036,1331 1194,1331 1222,1323 1283,1323 1311,1328 1401,1328 1429,1321 1511,1321"/>
<TextEquiv><Unicode>Napoleon mit einer Handvoll Getreuer bei Boulogne und wagte einen</Unicode></TextEquiv>
</TextLine>

<TextLine id="line_24">
<Coords points="269,1351 383,1351 405,1346 689,1346 733,1344 805,1344 828,1342 1043,1342 1067,1341 1202,1341 1224,1339 1326,1339 1353,1340 1403,1340 1425,1338 1513,1338 1513,1376 1425,1376 1403,1370 1353,1370 1326,1379 1224,1379 1202,1380 1067,1380 1043,1382 828,1382 805,1377 733,1377 689,1388 405,1388 383,1392 269,1392 269,1351"/>
<Baseline points="269,1392 383,1392 405,1388 689,1388 733,1377 805,1377 828,1382 1043,1382 1067,1380 1202,1380 1224,1379 1326,1379 1353,1370 1403,1370 1425,1376 1513,1376"/>
<TextEquiv><Unicode>zweiten Aufſtandsverſuch. Das Unternehmen ſcheiterte ſofort, der kühne</Unicode></TextEquiv>
</TextLine>

<TextLine id="line_25">
<Coords points="268,1400 447,1400 469,1396 555,1396 577,1397 641,1397 655,1394 758,1394 779,1394 829,1394 843,1389 1042,1389 1064,1398 1098,1398 1120,1388 1269,1388 1312,1386 1391,1386 1406,1384 1513,1384 1513,1425 1406,1425 1391,1419 1312,1419 1269,1427 1120,1427 1098,1428 1064,1428 1042,1430 843,1430 829,1425 779,1425 758,1433 655,1433 641,1428 577,1428 555,1437 469,1437 447,1433 268,1433 268,1400"/>
<Baseline points="268,1433 447,1433 469,1437 555,1437 577,1428 641,1428 655,1433 758,1433 779,1425 829,1425 843,1430 1042,1430 1064,1428 1098,1428 1120,1427 1269,1427 1312,1419 1391,1419 1406,1425 1513,1425"/>
<TextEquiv><Unicode>Abenteurer ſchien dem Fluche der Lächerlichkeit zu verfallen. Dem Könige</Unicode></TextEquiv>
</TextLine>

<TextLine id="line_26">
<Coords points="269,1448 337,1448 358,1454 421,1454 443,1445 509,1445 529,1452 565,1452 580,1442 706,1442 728,1449 758,1449 780,1441 874,1441 897,1438 949,1438 964,1437 1042,1437 1057,1436 1114,1436 1129,1436 1281,1436 1295,1435 1399,1435 1422,1434 1514,1434 1514,1465 1422,1465 1399,1473 1295,1473 1281,1474 1129,1474 1114,1475 1057,1475 1042,1473 964,1473 949,1469 897,1469 874,1479 780,1479 758,1473 728,1473 706,1482 580,1482 565,1484 529,1484 509,1478 443,1478 421,1479 358,1479 337,1481 269,1481 269,1448"/>
<Baseline points="269,1481 337,1481 358,1479 421,1479 443,1478 509,1478 529,1484 565,1484 580,1482 706,1482 728,1473 758,1473 780,1479 874,1479 897,1469 949,1469 964,1473 1042,1473 1057,1475 1114,1475 1129,1474 1281,1474 1295,1473 1399,1473 1422,1465 1514,1465"/>
<TextEquiv><Unicode>aber war übel zu Muthe; er ahnte, wie leicht ſein geraubter Thron einem</Unicode></TextEquiv>
</TextLine>

<TextLine id="line_27">
<Coords points="270,1497 382,1497 404,1493 526,1493 549,1489 755,1489 778,1488 888,1488 888,1518 778,1518 755,1529 549,1529 526,1526 404,1526 382,1528 270,1528 270,1497"/>
<Baseline points="270,1528 382,1528 404,1526 526,1526 549,1529 755,1529 778,1518 888,1518"/>
<TextEquiv><Unicode>andern Räuber anheimfallen konnte.</Unicode></TextEquiv>
</TextLine>

<TextLine id="line_28">
<Coords points="354,1540 415,1540 435,1539 535,1539 556,1536 700,1536 724,1533 914,1533 937,1531 1118,1531 1141,1527 1223,1527 1246,1529 1299,1529 1317,1527 1515,1527 1515,1569 1317,1569 1299,1559 1246,1559 1223,1567 1141,1567 1118,1568 937,1568 914,1571 724,1571 700,1573 556,1573 535,1571 435,1571 415,1573 354,1573 354,1540"/>
<Baseline points="354,1573 415,1573 435,1571 535,1571 556,1573 700,1573 724,1571 914,1571 937,1568 1118,1568 1141,1567 1223,1567 1246,1559 1299,1559 1317,1569 1515,1569"/>
<TextEquiv><Unicode>Die beiden deutſchen Großmächte verſäumten nicht, den Bürgerkönig</Unicode></TextEquiv>
</TextLine>

<TextLine id="line_29">
<Coords points="270,1590 304,1590 332,1588 427,1588 454,1584 590,1584 618,1582 767,1582 796,1588 829,1588 859,1578 1008,1578 1058,1575 1197,1575 1226,1575 1364,1575 1392,1578 1446,1578 1474,1595 1515,1595 1515,1599 1474,1599 1446,1616 1392,1616 1364,1617 1226,1617 1197,1613 1058,1613 1008,1617 859,1617 829,1618 796,1618 767,1620 618,1620 590,1621 454,1621 427,1628 332,1628 304,1622 270,1622 270,1590"/>
<Baseline points="270,1622 304,1622 332,1628 427,1628 454,1621 590,1621 618,1620 767,1620 796,1618 829,1618 859,1617 1008,1617 1058,1613 1197,1613 1226,1617 1364,1617 1392,1616 1446,1616 1474,1599 1515,1599"/>
<TextEquiv><Unicode>in ſeinen löblichen Anſichten zu beſtärken. Friedrich Wilhelm ließ —</Unicode></TextEquiv>
</TextLine>

<TextLine id="line_30">
<Coords points="273,1636 347,1636 369,1634 442,1634 462,1631 506,1631 527,1630 596,1630 618,1627 789,1627 812,1624 1069,1624 1091,1623 1272,1623 1286,1627 1516,1627 1516,1667 1286,1667 1272,1664 1091,1664 1069,1666 812,1666 789,1666 618,1666 596,1670 527,1670 506,1664 462,1664 442,1674 369,1674 347,1673 273,1673 273,1636"/>
<Baseline points="273,1673 347,1673 369,1674 442,1674 462,1664 506,1664 527,1670 596,1670 618,1666 789,1666 812,1666 1069,1666 1091,1664 1272,1664 1286,1667 1516,1667"/>
<TextEquiv><Unicode>nicht ohne die halb unbewußte Selbſttäuſchung rhetoriſcher Ueberſchwäng-</Unicode></TextEquiv>
</TextLine>

<TextLine id="line_31">
<Coords points="273,1682 376,1682 404,1699 445,1699 472,1677 634,1677 665,1676 831,1676 861,1674 933,1674 960,1672 1149,1672 1177,1672 1300,1672 1328,1675 1377,1675 1402,1674 1517,1674 1517,1713 1402,1713 1377,1715 1328,1715 1300,1714 1177,1714 1149,1712 960,1712 933,1713 861,1713 831,1716 665,1716 634,1717 472,1717 445,1703 404,1703 376,1722 273,1722 273,1682"/>
<Baseline points="273,1722 376,1722 404,1703 445,1703 472,1717 634,1717 665,1716 831,1716 861,1713 933,1713 960,1712 1149,1712 1177,1714 1300,1714 1328,1715 1377,1715 1402,1713 1517,1713"/>
<TextEquiv><Unicode>lichkeit — inbrünſtig verſichern, ſeine perſönlichen Gefühle für Ludwig</Unicode></TextEquiv>
</TextLine>

<TextLine id="line_32">
<Coords points="275,1730 395,1730 417,1727 490,1727 513,1726 612,1726 633,1723 845,1723 866,1721 918,1721 947,1721 1019,1721 1041,1721 1245,1721 1272,1723 1321,1723 1342,1723 1516,1723 1516,1761 1342,1761 1321,1763 1272,1763 1245,1762 1041,1762 1019,1762 947,1762 918,1754 866,1754 845,1756 633,1756 612,1765 513,1765 490,1768 417,1768 395,1771 275,1771 275,1730"/>
<Baseline points="275,1771 395,1771 417,1768 490,1768 513,1765 612,1765 633,1756 845,1756 866,1754 918,1754 947,1762 1019,1762 1041,1762 1245,1762 1272,1763 1321,1763 1342,1761 1516,1761"/>
<TextEquiv><Unicode>Philipp ſeien ebenſo unwandelbar wie ſeine Freundſchaft für Frankreich.</Unicode></TextEquiv>
</TextLine>

<TextLine id="line_33">
<Coords points="274,1776 448,1776 465,1776 533,1776 547,1774 616,1774 631,1773 679,1773 701,1772 846,1772 868,1772 932,1772 948,1770 1116,1770 1132,1771 1267,1771 1282,1775 1338,1775 1354,1772 1517,1772 1517,1811 1354,1811 1338,1804 1282,1804 1267,1804 1132,1804 1116,1811 948,1811 932,1802 868,1802 846,1813 701,1813 679,1813 631,1813 616,1815 547,1815 533,1807 465,1807 448,1814 274,1814 274,1776"/>
<Baseline points="274,1814 448,1814 465,1807 533,1807 547,1815 616,1815 631,1813 679,1813 701,1813 846,1813 868,1802 932,1802 948,1811 1116,1811 1132,1804 1267,1804 1282,1804 1338,1804 1354,1811 1517,1811"/>
<TextEquiv><Unicode>Metternich aber hielt für gerathen, dem ängſtlichen Orleans das Schreckge-</Unicode></TextEquiv>
</TextLine>

<TextLine id="line_34">
<Coords points="274,1828 363,1828 377,1828 427,1828 442,1822 620,1822 637,1820 840,1820 863,1819 944,1819 958,1819 1067,1819 1081,1822 1135,1822 1150,1819 1244,1819 1268,1821 1296,1821 1312,1820 1399,1820 1422,1829 1451,1829 1473,1819 1516,1819 1516,1852 1473,1852 1451,1852 1422,1852 1399,1860 1312,1860 1296,1861 1268,1861 1244,1859 1150,1859 1135,1852 1081,1852 1067,1859 958,1859 944,1851 863,1851 840,1861 637,1861 620,1857 442,1857 427,1859 377,1859 363,1870 274,1870 274,1828"/>
<Baseline points="274,1870 363,1870 377,1859 427,1859 442,1857 620,1857 637,1861 840,1861 863,1851 944,1851 958,1859 1067,1859 1081,1852 1135,1852 1150,1859 1244,1859 1268,1861 1296,1861 1312,1860 1399,1860 1422,1852 1451,1852 1473,1852 1516,1852"/>
<TextEquiv><Unicode>ſpenſt der Revolution vorzuhalten: wolle Thiers den Krieg, ſo müſſe er die</Unicode></TextEquiv>
</TextLine>

<TextLine id="line_35">
<Coords points="274,1875 379,1875 392,1876 444,1876 459,1871 592,1871 592,1869 741,1869 758,1868 853,1868 869,1866 984,1866 996,1866 1088,1866 1103,1869 1274,1869 1291,1871 1351,1871 1363,1869 1518,1869 1518,1909 1363,1909 1351,1900 1291,1900 1274,1907 1103,1907 1088,1907 996,1907 984,1905 869,1905 853,1907 758,1907 741,1908 592,1908 592,1905 459,1905 444,1907 392,1907 379,1916 274,1916 274,1875"/>
<Baseline points="274,1916 379,1916 392,1907 444,1907 459,1905 592,1905 592,1908 741,1908 758,1907 853,1907 869,1905 984,1905 996,1907 1088,1907 1103,1907 1274,1907 1291,1900 1351,1900 1363,1909 1518,1909"/>
<TextEquiv><Unicode>Politik des Convents treiben, ſeinen eigenen König entthronen und Mehemed</Unicode></TextEquiv>
</TextLine>

<TextLine id="line_36">
<Coords points="273,1925 323,1925 346,1923 398,1923 419,1924 474,1924 497,1919 688,1919 710,1919 759,1919 783,1915 919,1915 940,1915 1112,1915 1112,1956 940,1956 919,1948 783,1948 759,1950 710,1950 688,1963 497,1963 474,1955 419,1955 398,1961 346,1961 323,1959 273,1959 273,1925"/>
<Baseline points="273,1959 323,1959 346,1961 398,1961 419,1955 474,1955 497,1963 688,1963 710,1950 759,1950 783,1948 919,1948 940,1956 1112,1956"/>
<TextEquiv><Unicode>Ali auf den Herrſcherſitz der Sultane erheben.</Unicode></TextEquiv>
</TextLine>

<TextLine id="line_37">
<Coords points="360,1972 426,1972 452,1970 545,1970 573,1965 904,1965 932,1965 982,1965 1009,1965 1153,1965 1181,1964 1298,1964 1326,1964 1448,1964 1475,1965 1519,1965 1519,1997 1475,1997 1448,2003 1326,2003 1298,2002 1181,2002 1153,2005 1009,2005 982,1996 932,1996 904,2008 573,2008 545,2011 452,2011 426,2007 360,2007 360,1972"/>
<Baseline points="360,2007 426,2007 452,2011 545,2011 573,2008 904,2008 932,1996 982,1996 1009,2005 1153,2005 1181,2002 1298,2002 1326,2003 1448,2003 1475,1997 1519,1997"/>
<TextEquiv><Unicode>Mit dieſen Friedensmahnungen der deutſchen Mächte ſtimmte die</Unicode></TextEquiv>
</TextLine>

<TextLine id="line_38">
<Coords points="275,2022 410,2022 438,2020 601,2020 630,2018 692,2018 720,2014 876,2014 902,2013 993,2013 1020,2014 1147,2014 1199,2012 1274,2012 1302,2013 1444,2013 1474,2014 1519,2014 1519,2046 1474,2046 1444,2046 1302,2046 1274,2052 1199,2052 1147,2046 1020,2046 993,2052 902,2052 876,2055 720,2055 692,2050 630,2050 601,2059 438,2059 410,2065 275,2065 275,2022"/>
<Baseline points="275,2065 410,2065 438,2059 601,2059 630,2050 692,2050 720,2055 876,2055 902,2052 993,2052 1020,2046 1147,2046 1199,2052 1274,2052 1302,2046 1444,2046 1474,2046 1519,2046"/>
<TextEquiv><Unicode>Haltung Rußlands und Englands wenig überein. Czar Nikolaus be-</Unicode></TextEquiv>
</TextLine>

<TextLine id="line_39">
<Coords points="274,2072 408,2072 434,2069 466,2069 497,2066 660,2066 693,2064 745,2064 772,2063 842,2063 871,2060 944,2060 973,2060 1166,2060 1195,2061 1227,2061 1255,2060 1427,2060 1458,2062 1519,2062 1519,2094 1458,2094 1427,2101 1255,2101 1227,2092 1195,2092 1166,2100 973,2100 944,2102 871,2102 842,2102 772,2102 745,2097 693,2097 660,2106 497,2106 466,2101 434,2101 408,2113 274,2113 274,2072"/>
<Baseline points="274,2113 408,2113 434,2101 466,2101 497,2106 660,2106 693,2097 745,2097 772,2102 842,2102 871,2102 944,2102 973,2100 1166,2100 1195,2092 1227,2092 1255,2101 1427,2101 1458,2094 1519,2094"/>
<TextEquiv><Unicode>hauptete in Stambul, wie einſt ſeine Großmutter in Warſchau, eine</Unicode></TextEquiv>
</TextLine>

</TextRegion>
<TextRegion id="block_2" custom="structure {type:pageNum;}">
<Coords points="258,167 258,196 299,196 299,167 258,167"/>
<TextLine id="line_40">
<Coords points="258,167 299,167 299,196 258,196 258,167"/>
<Baseline points="258,196 299,196"/>
<TextEquiv><Unicode>82</Unicode></TextEquiv>
</TextLine>

</TextRegion>
<TextRegion id="block_3" custom="structure {type:note;}">
<Coords points="406,2173 406,2216 403,2213 403,2256 403,2258 275,2258 275,2296 982,2296 982,2258 1519,2258 1519,2256 1519,2213 1300,2213 1300,2216 1300,2173 406,2173"/>
<TextLine id="line_41">
<Coords points="406,2182 518,2182 535,2183 559,2183 577,2183 616,2183 634,2180 742,2180 759,2181 809,2181 828,2176 915,2176 935,2176 977,2176 995,2173 1061,2173 1081,2175 1122,2175 1140,2175 1205,2175 1228,2177 1300,2177 1300,2201 1228,2201 1205,2207 1140,2207 1122,2200 1081,2200 1061,2203 995,2203 977,2201 935,2201 915,2211 828,2211 809,2207 759,2207 742,2213 634,2213 616,2213 577,2213 559,2210 535,2210 518,2216 406,2216 406,2182"/>
<Baseline points="406,2216 518,2216 535,2210 559,2210 577,2213 616,2213 634,2213 742,2213 759,2207 809,2207 828,2211 915,2211 935,2201 977,2201 995,2203 1061,2203 1081,2200 1122,2200 1140,2207 1205,2207 1228,2201 1300,2201"/>
<TextEquiv><Unicode>Werther d. J., Berichte aus Paris, 26. Juli, 26. Aug. 1840.</Unicode></TextEquiv>
</TextLine>

<TextLine id="line_42">
<Coords points="403,2222 518,2222 535,2221 654,2221 672,2219 828,2219 840,2216 956,2216 974,2220 1009,2220 1021,2213 1133,2213 1149,2214 1173,2214 1185,2214 1224,2214 1244,2216 1268,2216 1281,2215 1346,2215 1364,2214 1519,2214 1519,2246 1364,2246 1346,2248 1281,2248 1268,2240 1244,2240 1224,2243 1185,2243 1173,2240 1149,2240 1133,2246 1021,2246 1009,2242 974,2242 956,2250 840,2250 828,2252 672,2252 654,2256 535,2256 518,2255 403,2255 403,2222"/>
<Baseline points="403,2255 518,2255 535,2256 654,2256 672,2252 828,2252 840,2250 956,2250 974,2242 1009,2242 1021,2246 1133,2246 1149,2240 1173,2240 1185,2243 1224,2243 1244,2240 1268,2240 1281,2248 1346,2248 1364,2246 1519,2246"/>
<TextEquiv><Unicode>Miniſter Werther, vertrauliche Weiſung an Werther d. J., 8. Aug. Metternich,</Unicode></TextEquiv>
</TextLine>

<TextLine id="line_43">
<Coords points="275,2263 432,2263 450,2262 564,2262 582,2268 617,2268 633,2261 758,2261 777,2262 802,2262 821,2258 886,2258 909,2258 982,2258 982,2283 909,2283 886,2292 821,2292 802,2285 777,2285 758,2295 633,2295 617,2289 582,2289 564,2295 450,2295 432,2296 275,2296 275,2263"/>
<Baseline points="275,2296 432,2296 450,2295 564,2295 582,2289 617,2289 633,2295 758,2295 777,2285 802,2285 821,2292 886,2292 909,2283 982,2283"/>
<TextEquiv><Unicode>vertrauliche Weiſung an Apponyi, 4. Aug. 1840.</Unicode></TextEquiv>
</TextLine>

</TextRegion>
</Page>
</PcGts>