1600 2452
242 225 1470 272 müthigen Anerbietens“ ſei am Bundestage leider wenig wahrſcheinlich, am
243 272 1470 319 wenigſten, wenn das gefürchtete Oeſterreich ſich dafür ausſpräche. In der
243 318 1470 365 That erklärten die Bundesgeſandten, der Hannoveraner Martens voran,
242 365 1470 414 ihr gerechtes Befremden über die unerhörte Zumuthung ſobald Goltz ſich
244 413 1009 454 im Sommer mit dem Antrage hervorwagte.
327 459 1471 505 Noch länger währte der Streit über die Eintheilung des Bundes-
244 504 1471 551 heeres. Die „Hauptpunkte“ hatten nur beſtimmt, daß die kleinen Con-
244 551 1470 595 tingente vor jeder Berührung mit den Heeren der drei größten Staaten
244 596 1472 642 geſichert bleiben müßten. Preußen forderte nun, Kurheſſen ſolle, ſeiner
245 641 1472 687 geographiſchen Lage gemäß, einem norddeutſchen Corps beitreten; der Kur-
247 687 1473 733 fürſt dagegen hielt „die verwandtſchaftlichen Verhältniſſe“ für wichtiger
247 734 1473 779 und wollte mitſammt dem Darmſtädter Vetter ſich an Württemberg an-
248 781 1473 826 ſchließen. Die Zänkerei ward völlig unerträglich, ſeit der neue Vertreter
248 828 1474 872 Oeſterreichs in der Militärcommiſſion, General Langenau insgeheim das
248 877 1473 920 Feuer ſchürte; der gewandte Sachſe hatte ſchon in Schwarzenbergs Haupt-
249 925 1474 968 quartier und auf dem Wiener Congreſſe ſeinen Haß gegen Preußen be-
246 973 1475 1017 währt und zeigte ſich in allen den kleinen Künſten, welche am Bundes-
245 1022 1475 1065 tage entſchieden, dem gelehrten Preußen Wolzogen weitaus überlegen. Im
246 1069 1475 1114 Auguſt ward man endlich noch darüber einig, daß die Bevölkerung den
246 1117 1475 1160 Maßſtab für die proviſoriſche Bundesmatrikel bilden ſollte; denn zu einer
247 1164 1476 1209 definitiven Matrikel iſt der Deutſche Bund in einem halben Jahrhundert
246 1210 1475 1253 niemals gelangt. Aber nun begann wieder das Feilſchen der Kleinen:
249 1256 1475 1302 Hildburghauſen berechnete ſeine Bevölkerung nach einer Zählung vom
247 1301 1476 1347 Jahre 1807, Gotha und Altenburg wurden überführt, ihre Reiche um
251 1350 1476 1393 12000 Seelen zu niedrig geſchätzt zu haben — und was des Schmutzes
249 1397 470 1442 mehr war.
333 1446 1477 1490 Als der Deutſche Bund ſein drittes Jahr begann, war weder die
249 1495 1477 1539 Kriegsverfaſſung beſchloſſen, noch die Karlsbader Convention über die
249 1542 1477 1587 Feſtung Mainz vom Bundestage genehmigt, noch Luxemburg und Landau
250 1590 1478 1633 dem Bunde überwieſen, noch über die vierte Bundesfeſtung irgend etwas
252 1637 1479 1680 vereinbart. Mittlerweile lagen die mit dem Blute der Waterloo-Kämpfer
253 1684 1478 1729 erkauften franzöſiſchen Millionen gegen mäßigen Zins bei Rothſchild und
251 1731 1480 1778 bereicherten dies Haus, das zuerſt durch die Blutgelder des heſſiſchen Kur-
251 1779 1480 1827 fürſten ſeine Größe begründet, dann ſeit dem Jahre 1813 ſich raſch zu
252 1825 1480 1873 der Stellung einer Weltmacht aufgeſchwungen und in wenigen Jahren
252 1874 1480 1922 mehr denn 1200 Mill. Gulden an Subſidienzahlungen und Anleihen für
251 1921 1480 1969 die tief verſchuldeten Höfe Europas übernommen hatte. Die deutſche Volks-
253 1969 1480 2017 wirthſchaft zog aus den Schätzen der Rothſchilds wenig Gewinn; denn die
253 2016 1481 2065 Firma war nicht deutſch, wie einſt die Fugger und die Welſer, ſondern zeigte
505 152 1210 188 II. 4. Die Eröffnung des Deutſchen Bundestages.
244 154 304 184 164
365 2139 1481 2180 Weiſung an Kruſemark, 20. Mai. Kruſemarks Bericht v. 10. Juni. Goltz’s Be-
256 2181 613 2219 richt v. 21. Auguſt 1818.
363 2219 801 2256 Goltz’s Bericht 28. April 1818.
