1600 2516
440 192 1263 228 IV. 2. Die conſtitutionelle Bewegung in Norddeutſchland.
221 276 1478 318 war auch gern bereit, die Statthalterſchaft im Namen ſeines Bruders förm-
221 323 1475 366 lich anzutreten, da deſſen Vollmacht mittlerweile aus London eingetroffen
221 370 1477 415 war. Aber die Miniſter, die Landſtände, die Stadträthe und viele andere
223 419 1478 462 ungebetene Rathgeber ſtellten ihm ernſt, faſt drohend vor, nimmermehr
223 466 1478 508 dürfe der Name des Vertriebenen erwähnt werden, ſonſt breche der Auf-
225 512 1479 556 ruhr von Neuem los. Am Abend ſtrömte wieder ein Volkshaufen auf
225 561 1479 604 dem Burgplatze zuſammen; ein Redner kletterte auf das alte Löwendenk-
225 607 1478 651 mal hinauf und ließ die Verſammlung ein Pereat auf Karl, ein Hoch
226 656 990 698 auf den neuen Herzog Wilhelm ausbringen.
313 703 1479 746 Eingeſchüchtert durch dieſe Kundgebungen des Volkswillens, verkündigte
227 750 1481 795 Wilhelm am 28. September, er habe ſich „veranlaßt gefunden, die Re-
227 797 1480 843 gierung bis auf Weiteres zu übernehmen“; von der Vollmacht ſeines
228 847 1482 891 Bruders ſagte er in ſeinem Patent kein Wort. Aus Furcht und jugend-
228 893 1481 939 licher Unerfahrenheit, keineswegs aus Ehrgeiz, that er alſo den erſten
229 941 1483 986 rechtswidrigen Schritt. Dem Könige von Preußen wagte er ſein Unrecht
230 988 1482 1033 nicht einzugeſtehen, ſondern zeigte ihm nur an, daß er „in Uebereinſtim-
230 1035 1481 1081 mung mit ſeinem Bruder“ die Regierung vorläufig übernommen habe.
232 1084 1484 1130 Seinem engliſchen Oheim gegenüber ging er freier mit der Sprache
230 1133 1485 1180 heraus: er habe, ſo ſchrieb er ihm, die Vollmacht ſeines Bruders ver-
232 1182 1485 1229 öffentlichen wollen und viele Vertrauensmänner darüber befragt; aber
231 1230 1485 1279 „einmüthig ward es ausgeſprochen, daß eine ſolche Verkündigung den
232 1280 1485 1327 Zweck meiner proviſoriſchen Regierungs-Uebernahme gänzlich vereiteln,
231 1330 1487 1374 ja von Neuem eine allgemeine Gährung veranlaſſen und die gefähr-
232 1380 1486 1424 lichſten Folgen für das Wohl des Landes auch in Rückſicht meiner Perſon
233 1428 1487 1473 haben würde.“ Die Entſchuldigung war ſo ſchwächlich wie ſein ganzes
235 1475 1487 1521 Verfahren; denn fand er den Muth bei ſeinem erſten Entſchluſſe zu
236 1524 1487 1567 beharren, dann konnte er als unbeſtreitbar rechtmäßiger Statthalter
235 1572 1487 1620 mit Sicherheit auf die Waffenhilfe Preußens, Hannovers, ja ſelbſt des
236 1620 1489 1667 Deutſchen Bundes zählen, und gegen preußiſche Bataillone hätten die
236 1666 1489 1716 Heerſchaaren des Bürgerwehr-Majors Löbbecke ihren „freien Gehorſam“
237 1716 1489 1763 ſchwerlich bethätigt. Den Landſtänden erwiderte Herzog Wilhelm: er werde
238 1764 1489 1812 verſuchen ſeinen Bruder zur Abdankung zu bewegen; mißlinge dies, ſo
239 1812 1490 1862 wolle er ſie nicht hindern, ſich an den wohlwollenden König von England-
238 1862 1490 1908 Hannover zu wenden. Der Wink ward ſofort verſtanden. Noch am
240 1908 1490 1956 ſelben Tage riefen die Stände die Vermittlung Wilhelm’s IV. an: wenn
240 1955 1491 2007 nur Karl erſt die Krone niedergelegt habe, dann ſei ſein Bruder recht-
240 2004 630 2047 mäßiger Landesherr.
326 2052 1490 2107 In Berlin wie in London mußte man ſich ſagen, daß Herzog Wilhelm’s
242 2101 1491 2152 eigenmächtige That nicht mehr zurückgenommen werden konnte. Ohne
224 195 283 225 106
375 2182 1491 2226 H. Wilhelm an K. Friedrich Wilhelm 28. September, an K. Wilhelm IV.
243 2225 476 2256 29. Sept. 1830.
372 2263 1492 2309 Herzog Wilhelm, Schreiben an die Landſchaft, 28. Sept. Eingabe der Land-
242 2303 923 2343 ſchaft an König Wilhelm IV., 28. Sept. 1830.
