1600 2528
200 242 1462 292 die Vertreter der kleinen italieniſchen Staaten mitgewirkt, ganz nach
202 288 1462 341 Metternich’s Sinne. Als ſtrenger Legitimiſt zeigte ſich namentlich der Mi-
201 339 1461 388 niſter des Herzogs Franz von Modena, des böſen kleinen Despoten, der
200 388 1461 437 für das Haupt der italieniſchen Reaktionspartei galt und durchaus nur
200 437 1461 484 als Erzherzog auftrat. Sogar der piemonteſiſche Bevollmächtigte, Graf
200 485 1460 530 St. Marſan — derſelbe, der ſich einſt als Geſandter Napoleon’s in Berlin
199 534 1460 578 ſo ehrenhaft betragen hatte — hielt den Kampf wider die Carbonari für
200 582 1459 624 nothwendig. Die Angſt vor der Revolution war ſtärker als das alte
201 627 1458 673 Mißtrauen der Piemonteſen gegen die öſterreichiſchen Nachbarn; und in
199 676 1458 719 der That hegte die Hofburg augenblicklich keine Eroberungsgedanken, ſie
197 725 1458 770 vermied auch weislich, ihre italieniſchen Bundes-Pläne, die den Turiner
198 772 1457 818 Hof ſchon ſo oft beunruhigt hatten, wieder zur Sprache zu bringen. Nur
198 820 1454 866 der päpſtliche Legat, Cardinal Spina, begnügte ſich mit einigen verlegenen,
198 871 1456 915 unverfänglichen Erklärungen; denn der Papſt wollte ſeine kaum erſt wieder-
197 920 1456 962 gewonnene Souveränität gegen Jedermann behaupten, und wie er alle
196 965 1456 1011 Rathſchläge der Großmächte für die Verwaltung des Kirchenſtaates zu-
196 1015 1455 1059 rückwies, ſo wünſchte er auch, ſeinem Lande, das den Angriffen des Revo-
195 1062 1454 1109 lutionsheeres zunächſt ausgeſetzt war, die Neutralität zu bewahren. Es
196 1114 1455 1157 war die alte päpſtliche Politik, die noch niemals einer Macht die Allein-
197 1159 1454 1206 herrſchaft auf der Halbinſel gegönnt hatte; freilich durfte die Curie auch
193 1208 1453 1254 nicht wagen, den Oeſterreichern ihre einzige Straße nach Neapel zu ſperren.
193 1256 1453 1303 Sodann beriethen ſich die Großmächte mit den italieniſchen Geſandten über
192 1304 1452 1350 die Grundzüge der künftigen neapolitaniſchen Verfaſſung. Die Vorſchläge
191 1351 1451 1398 lauteten verſtändig: eine Conſulta mit beſcheidenen Befugniſſen ſollte in
190 1400 1450 1445 Neapel wie in Palermo der königlichen Gewalt an die Seite treten. Doch
190 1447 1450 1492 leider konnte Bernſtorff nicht durchſetzen, daß dem Könige genau vorge-
193 1497 1448 1540 ſchrieben wurde, was er nach ſeiner Rückkehr zu thun habe; und ſo blieb
189 1546 1449 1590 denn das Schickſal Unteritaliens allein dem Kriegsglück und den unbe-
188 1597 1448 1640 rechenbaren Launen des dreifach meineidigen Bourbonen preisgegeben.
277 1645 1448 1690 Der nächſte Zweck des Congreſſes war erreicht, die förmlichen Be-
193 1694 1449 1739 rathungen wurden bereits am 26. Febr. geſchloſſen. Schon einige Tage
190 1743 1446 1789 vorher hatte Hardenberg die Congreßſtadt verlaſſen. Er ging nicht nach
189 1791 1448 1839 Berlin zurück, obgleich er wußte, welche dringenden Geſchäfte ihn dort
187 1843 1447 1887 erwarteten, obgleich ſein getreuer Rother ihm ſoeben erſt geſchrieben
187 1886 1447 1936 hatte, wie Alles ins Stocken gerathe, wenn der Kanzler nicht mit dem
186 1937 1447 1986 Könige zuſammen arbeite. Mit unbegreiflichem Leichtſinn entſchlug er
186 1987 1445 2035 ſich dieſer Sorgen und unternahm eine Erholungsreiſe nach Italien;
186 2037 1445 2083 nebenbei wollte er auch in Rom die nahezu fertige Vereinbarung mit dem
1400 165 1461 195 179
569 162 1091 199 Oeſterreichs Intervention in Neapel.
1188 2340 1235 2366 12*
318 2130 1446 2166 Hardenberg’s und Bernſtorff’s Bericht, 30. Jan. Journaux de la conférence,
186 2167 1138 2207 20., 21. Febr. Bernſtorff an Gf. Goltz in Paris, 28. Febr. 1821.
312 2209 1442 2246 Preußiſche Erklärung, 22. Februar; Bernſtorff’s Berichte, 20., 24. Februar,
185 2249 388 2284 5. März 1821.
316 2289 878 2326 Rother an Hardenberg, 31. Jan. 1821.
