1600 2472
232 194 1475 239 Oſtens in ſeiner Hand zu haben; er nannte mit gewohnter Ruhmredig-
231 241 1476 284 keit dieſe That einen der größten diplomatiſchen Erfolge ſeines Lebens
232 289 1477 333 und ſchmeichelte ſich mit der Hoffnung, nunmehr würde unter ſeiner
230 336 1476 379 Leitung ein europäiſcher Congreß in Wien zuſammentreten, der die orien-
230 384 1476 428 taliſchen Händel, natürlich zum Nachtheil Mehemed Ali’s, beilegen ſollte.
314 431 1474 475 Anders dachte der König von Preußen. Er ſah klar voraus, daß
229 477 1475 522 dieſe ſcheinbare Einigung Europas die Hintergedanken Rußlands, das
229 524 1474 570 Zerwürfniß zwiſchen den Weſtmächten ſehr bald an den Tag bringen,
228 571 1476 616 vielleicht gar den allgemeinen Krieg hervorrufen mußte. Aergerlich meinte
229 620 1475 665 er, die Mächte hätten beſſer gethan ſich nicht zu übereilen, ſondern dem
230 668 1475 714 Sultan die Verſtändigung mit dem Paſcha zu überlaſſen. Weil er auf
228 716 1475 762 ſeine alten Tage keinenfalls den Frieden brechen, ſeinem Volke um dieſer
228 763 1475 809 entlegenen Händel willen weder Subſidienzahlungen noch Kriegslaſten
227 810 1474 858 auflegen wollte, ſo ließ er den großen Höfen mehrmals auf das Beſtimm-
226 861 1474 906 teſte erklären: Preußen gewähre den Verſuchen zur friedlichen Löſung der
227 908 1475 956 orientaliſchen Frage nur ſeinen moraliſchen Beiſtand (appui moral) und
226 956 1474 1006 behalte ſich die ſtrengſte Neutralität vor falls die unmittelbar betheiligten
226 1004 1474 1052 Mächte zu den Waffen greifen ſollten. Er hatte recht geahnt. Die
225 1051 1474 1100 Abſichten der beiden Weſtmächte zeigten ſich ſofort als unvereinbar. Während
226 1100 1475 1147 Frankreich ſeinen ägyptiſchen Schützling ſchonen wollte, beabſichtigte Pal-
225 1148 1474 1197 merſton den Sieger von Niſib für ſeinen Sieg zu beſtrafen, ihn durch
225 1197 1474 1243 ein ſalomoniſches Urtheil Europas eines guten Theiles ſeiner alten Be-
225 1248 600 1290 ſitzungen zu berauben.
310 1298 1473 1342 Auch die Pforte blieb, trotz ihrer Schwäche, unverſöhnlich und er-
224 1346 1473 1392 fand jetzt ein neues, ſehr wirkſames Kampfmittel wider Mehemed Ali.
223 1395 1474 1439 Der Miniſter des Auswärtigen Reſchid Paſcha hatte als Geſandter in
222 1442 1474 1483 London die Macht der Preſſe des Abendlandes kennen gelernt und als-
222 1489 1473 1532 bald begriffen, welchen Vortheil dem Aegypter die brünſtigen Lobeser-
223 1536 1474 1586 hebungen der franzöſiſchen und vieler anderen liberalen Zeitungen ge-
223 1582 1472 1635 währten. Er rieth daher dem jungen Sultan, durch ein feierliches
225 1631 1473 1683 Schauſpiel den Europäern zu bekunden, daß der Großherr noch weit
223 1679 1472 1732 liberaler denke als der aufgeklärte Despot am Nil. Am 2. Nov. verſam-
222 1727 1471 1782 melten ſich die Großwürdenträger des Reichs und die Notabeln der Haupt-
222 1776 1469 1829 ſtadt in einem Hofe des alten Serails vor dem Kiosk von Gülhane,
222 1825 1470 1876 nahe jener alten Platane, in deren Schatten einſt die meuteriſchen Janit-
222 1873 1470 1926 ſcharen zu berathen pflegten. Sobald der Hofaſtrolog mit ſeinem Aſtro-
222 1922 1471 1975 labium den günſtigen Augenblick erkundet hatte, wurde der Hattiſcherif
221 1971 1470 2023 von Gülhane verleſen, eine mit alttürkiſchem und neufränkiſchem Wort-
673 110 1035 146 V. 2. Die Kriegsgefahr.
234 110 273 139 68
347 2069 866 2107 Maltzan’s Berichte, 1. Jan. 1840 ff.
346 2109 1466 2152 König Friedrich Wilhelm, Randbemerkung zu Maltzan’s Bericht v. 23. April 1840.
345 2149 1468 2190 Bericht von Werther d. J., Geſchäftsträger in London, 20. Dec. 1839, mit
219 2191 1467 2233 Randbemerkung des Königs. Miniſter Werther, Bericht an den König 15. Jan., deſſen
218 2231 1192 2269 Weiſung an Werther d. J. 20. Jan. 1840 nebſt Randbemerkungen.
