1600 2528
125 256 1380 306 Wochen hindurch völlig faſſungslos. „Nunmehr hab’ ich alle Schritte ge-
124 305 1377 354 than, um meine armen Unterthanen zu retten!“ ſagte er verzweifelnd zu
125 352 1376 403 Schmitz-Grollenburg. In groben Schimpfworten entlud ſich ſein Groll;
124 400 1376 451 er ſchalt laut auf den Verräther Hofmann, erzählte an offener Tafel,
124 449 1376 499 Preußen habe den Prinzen Emil von Heſſen mit 400,000 Fl. beſtochen.
122 496 1377 545 In ſeinem Zorne vergaß er auch wieder ſeinen teutſchen Stolz. So lange
122 544 1376 593 dieſe kleinen Höfe noch europäiſche Politik treiben durften, waren auch
121 592 1376 639 patriotiſche Fürſten nicht vor argen Verirrungen ſicher. Wie Ludwig einſt
122 640 1376 685 als Kronprinz, trotz ſeines Abſcheus gegen Napoleon, mehrmals unter-
120 688 1374 734 thänige Briefe an den Schöpfer der bairiſchen Königskrone gerichtet und
120 735 1374 784 ſogar die Hoffnung ausgeſprochen hatte, ſein Sohn Max werde dereinſt
119 782 1373 832 dem König von Rom ſeine Anhänglichkeit widmen, ſo hatte er neuerdings
119 830 1373 881 um Sponheims willen die Hilfe Rußlands angerufen und wendete ſich
118 878 1374 929 jetzt wieder an das gehaßte Frankreich. Den Winter über hatte der Her-
117 927 1374 978 zog von Dalberg in München ſein Weſen getrieben; nun fanden ſeine
118 976 1374 1026 Einflüſterungen Gehör. König Ludwig warnte den franzöſiſchen Hof vor
117 1025 1373 1075 dem Ehrgeiz Preußens, das bereits in Süddeutſchland ſich feſtzuſetzen ſuche.
117 1073 1372 1120 Im ſelben Sinne bearbeitete Lerchenfeld zu Frankfurt den alten Reinhard.
116 1122 1372 1171 Alsbald befahl Miniſter La Ferronays dem Geſchäftsträger in München
115 1171 1372 1220 rührige Wachſamkeit gegen die von Preußen her drohende Gefahr; er
115 1219 1372 1268 ſtellte zugleich einige Handelserleichterungen in Ausſicht zu Gunſten der
115 1267 500 1308 troisième Allemagne.
199 1310 1371 1361 Da König Ludwig ſchon nach wenigen Monaten von ſeinen leiden-
114 1358 1369 1409 ſchaftlichen Verirrungen zurückkam, ſo wurden dieſe häßlichen Zettelungen
113 1406 1369 1458 mit dem Auslande nachher ganz in Abrede geſtellt. Der Hergang iſt
113 1456 1368 1503 gleichwohl verbürgt durch die übereinſtimmenden Zeugniſſe von Freund
113 1504 1368 1553 und Feind. Nicht allein der preußiſche Geſandte Küſter berichtete darüber
113 1553 1367 1603 ausführlich ſeinem Hofe; der badiſche Geſandte Fahnenberg meldete ganz
111 1603 1367 1652 daſſelbe nach Karlsruhe. Der öſterreichiſche Geſandte Graf Spiegel warf
111 1652 1368 1699 dem bairiſchen Miniſter des Auswärtigen die Anklage ins Geſicht, daß er
111 1699 1367 1746 Frankreich in die deutſche Handelspolitik hineinzuziehen ſuche. Ueber Ler-
111 1746 1365 1801 chenfeld’s Verhalten berichtete Blittersdorff, der ja ſelber ſehr geneigt war,
109 1793 1366 1849 jedes Mittel zu gebrauchen zur Vernichtung des preußiſch-heſſiſchen Ver-
111 1841 1366 1900 eins. Die Schwenkung der bairiſchen Politik nach Frankreich hinüber
110 1890 1321 1949 war bald eine der geſammten diplomatiſchen Welt bekannte Thatſache.
195 1939 1364 1998 König Ludwig überließ ſich eine Zeit lang blindlings dem ſtürmiſchen
108 1988 1364 2044 Unwillen der verletzten Eitelkeit. Sein Cabinetsrath Grandauer übte
107 2036 1364 2094 ſchlechten Einfluß; auch Freiherr v. d. Tann träumte bairiſche Großmachts-
106 2085 1362 2143 träume. Nur der alte welterfahrene Miniſter Zentner ſah die Dinge
456 173 1056 212 Spannung zwiſchen Baiern und Preußen.
1318 181 1379 210 643
1098 2348 1151 2373 41*
233 2166 1360 2217 Zwei dieſer Briefe, vom 6. April und 29. Nov. 1811 ſind mitgetheilt in den
107 2206 712 2244 Preußiſchen Jahrbüchern, November 1885.
231 2246 1359 2295 Berichte von Küſter 26. März, Fahnenberg 5. März, Maltzan 14. April, Blit-
104 2287 530 2323 tersdorff 24., 26. März 1828.
