1600 2516
69 221 1322 281 überholt worden ſei. Mittlerweile hatte die Revolution ihr Ziel erreicht,
69 270 1324 328 der neue Thron war aufgerichtet, und die Geſandten ſchilderten in ihren
69 318 1324 377 Berichten das Geſchehene übereinſtimmend als eine unabwendbare Noth-
69 369 1323 424 wendigkeit. Sie waren zumeiſt auch perſönlich erbittert gegen Polignac,
68 413 1322 468 der über ſeinen Staatsſtreichsplänen die Geſchäfte des Auswärtigen Amts
67 468 1324 516 ganz vernachläſſigt, nur mit Apponyi und dem Nuntius Lambruschini
67 508 1324 564 Umgang gepflogen hatte. Alle aber beugten ſich vor der vollendeten That-
66 555 1324 613 ſache; der anſteckenden Kraft jenes allgemeinen, urplötzlichen Geſinnungs-
66 604 1323 660 wechſels, welcher die Revolutionen in Frankreich ſo furchtbar macht, konnte
66 650 1323 710 ſich Niemand ganz entziehen. Alle Monarchiſten, ſchrieb Werther ſchon
67 703 1323 756 am 5. Auguſt, wünſchen dringend, daß die vier Mächte ſich zu der neuen
65 745 1269 806 Krone freundlich ſtellen; ſonſt bricht die Republik, die Anarchie herein.
150 797 1322 855 Ueber den großen Rechtsbruch tröſtete man ſich mit der Erwägung,
64 841 1322 901 daß die Orleans doch dem alten Capetingerhauſe angehörten und mithin
64 894 1323 949 — ſo lautete der neue Verlegenheitsausdruck — ſich mindeſtens einer
64 936 1323 999 Quaſi-Legitimität rühmen dürften; die Unterſchlagung, welche dem neuen
63 983 1324 1048 Herrſcher zum Throne verhalf, ward in der ſtürmiſchen Unruhe dieſer
64 1036 1323 1096 erſten Tage kaum bemerkt. Ludwig Philipp aber erging ſich in brünſti-
63 1088 1321 1143 gen, unzweifelhaft aufrichtigen Betheuerungen ſeiner Liebe zum Frieden,
62 1134 1323 1187 zur bürgerlichen Ordnung: der Krieg, wiederholte er beſtändig, wäre die
62 1177 1321 1233 Republik, die Propaganda, der allgemeine Umſturz. Sein Miniſter des
62 1225 1320 1285 Auswärtigen, Graf Molé ſchrieb an Werther: „Wir mußten Frankreich
61 1277 1321 1335 retten und, ich darf es hinzufügen, Europa vor einer großen Erſchütterung
60 1322 1320 1384 bewahren. Inmitten des Kampfes wurde die dreifarbige Fahne aufge-
60 1369 1321 1432 zogen. Aber ſeit ſie wieder das Banner Frankreichs geworden, entfaltet
61 1417 1321 1484 ſich dieſe glorreiche Fahne nur noch als ein Sinnbild der Mäßigung
52 1467 1321 1533 und Vertheidigung, der Erhaltung und des Friedens. Ihre Regierung
61 1516 1319 1581 wird anerkennen, welche Ueberwindung es S. Majeſtät gekoſtet hat Sich
61 1566 1320 1630 zur Beſteigung eines Thrones zu entſchließen, der doch um des allge-
62 1614 1223 1675 meinen Wohles willen nur von Ihm eingenommen werden durfte.“ Nach
62 1659 1320 1727 Alledem ließ König Friedrich Wilhelm in Wien erklären, er ſei „ſeinen
62 1707 1320 1775 Unterthanen ſchuldig das peinliche Opfer ſeiner Grundſätze und Gefühle
61 1761 1318 1824 zu bringen“; indeß hoffte er noch immer auf ein gemeinſames Vorgehen
62 1804 1318 1873 des Vierbundes und ſchlug daher den drei befreundeten Mächten vor,
61 1852 1319 1921 daß ſie durch gleichlautende Erklärungen die neue franzöſiſche Regierung
62 1907 1318 1971 anerkennen, aber zugleich von ihr die Aufrechterhaltung der Verträge, des
61 1951 985 2010 Beſitzſtandes, des Friedens förmlich verlangen ſollten.
1283 155 1322 184 37
494 150 897 187 Preußens friedliche Haltung.
190 2057 1319 2111 Werther’s Bericht 17. Auguſt 1830 nebſt Protokoll über die Berathung der
61 2091 275 2131 vier Geſandten.
186 2138 699 2174 Werther’s Bericht, 5. Auguſt 1830.
186 2178 722 2213 Molé an Werther, 12. Auguſt 1830.
186 2218 1318 2270 Brockhauſen’s Berichte 11. 18. 23. Auguſt. Ancillon, Weiſung an die Geſandt-
61 2247 425 2296 ſchaften 14. Auguſt 1830.
