1600 2528
107 254 1357 300 klärte ſehr nachdrücklich: eine Gefährdung der öffentlichen Sicherheit ſei
107 301 553 344 unzweifelhaft vorhanden.
192 349 1356 394 Ebenſo erfolglos blieben anfangs die wiederholten Anträge des Ber-
106 398 1355 443 liner Kammergerichts auf Einleitung gerichtlichen Verfahrens. Auch dieſen
106 446 1357 489 Gegnern begegnete Kamptz mit heftigen Schmähungen: ob ſie etwa die
105 494 1355 536 Rolle des franzöſiſchen Parlaments ſpielen wollten? Auch ſie erhielten einen
105 541 1354 584 Verweis vom Könige: das Kammergericht verkenne ſeinen Standpunkt,
105 588 1355 632 wenn es jetzt noch ſeinen Antrag wiederhole, nachdem die Polizeibehörde
105 635 1355 679 amtlich verſichert habe, die Unterſuchung ſei noch nicht reif für das Ein-
104 682 1353 728 ſchreiten der Gerichte. Nach ſolchen Erklärungen des Staatsoberhauptes
105 730 1355 776 durften die Behörden ihren Einſpruch nicht mehr aufrecht halten. Selbſt
103 778 1353 825 der greiſe Kircheiſen, der Freund und Geſinnungsgenoſſe von Suarez,
103 826 1353 873 fügte ſich. Er hatte einſt den König, als er noch Kronprinz war, in
103 874 1353 921 freimüthiger Anrede vor der Verwerflichkeit der Cabinetsjuſtiz gewarnt und
102 922 1355 970 ſein Lebelang die Unabhängigkeit der Gerichte tapfer vertheidigt; doch als er
101 971 1355 1017 jetzt die maſſenhaften Polizeiberichte durchmuſterte, die dem Miniſterium
103 1020 1355 1064 auf königlichen Befehl mitgetheilt wurden, da glaubte auch er: der Staat
100 1070 1355 1113 befinde ſich in einem Nothſtande, und der Monarch ſei berechtigt, von
102 1116 1354 1162 den Machtbefugniſſen ſeiner landesherrlichen Gewalt Gebrauch zu machen.
189 1167 1355 1210 Indeß hatten die ſo ungnädig aufgenommenen Mahnungen den König
100 1214 1353 1258 doch zum Nachdenken gebracht. Am 1. Oktober wurde die Commiſſion
102 1262 1354 1304 umgeſtaltet und förmlich mit den Befugniſſen eines inquirirenden Criminal-
99 1308 1353 1351 gerichts ausgeſtattet; ſie beſtand fortan aus fünf Mitgliedern des Kammer-
100 1355 1351 1398 gerichts und zwei Verwaltungsbeamten. In dieſer neuen Geſtalt entſprach
100 1402 1351 1445 ſie dem Geſetze, da der König noch das gefährliche Recht beſaß, für beſondere
100 1450 1351 1493 Fälle außerordentliche Gerichte einzuſetzen. Zu den Richtern zählten der
99 1498 1350 1545 ehrwürdige Präſident v. Trützſchler und Kammergerichtsrath Hoffmann, der
99 1548 1350 1593 romantiſche Humoriſt, dem der Geſpenſterſpuk dieſer Demagogenjagd ſo ſpaß-
98 1596 1348 1644 haft ſchauerlich vorkam, daß er ſich nicht enthalten konnte, das Treiben, an
98 1645 1349 1691 dem er ſelber theilnahm, in einer Epiſode ſeiner Novelle „Meiſter Floh“ zu
99 1696 1350 1739 verſpotten. Die oberſte Leitung der geſammten Unterſuchungen übernahm
100 1744 1351 1789 eine Miniſterialcommiſſion: Hardenberg, Kircheiſen, Schuckmann, Wittgen-
97 1791 1351 1837 ſtein, Kamptz, Oberpräſident Bülow. Gedeckt durch den Kanzler ſowie durch
97 1839 1350 1887 ſeine alten Gönner Schuckmann und Wittgenſtein behielt Kamptz alſo
97 1886 1350 1934 mit ſeinen Helfershelfern ziemlich freien Spielraum. Da von der Mainzer
97 1936 1348 1984 Bundescommiſſion wie von der Berliner Polizei beſtändig neue Anzeigen
98 1984 1349 2032 einliefen, ſo konnte er das geheime Verfahren durch unerwartete Kreuz- und
96 2033 1349 2083 Querfragen nach Belieben verlängern. Perſönlich begegnete der unan-
444 170 1024 207 Die Immediat-Unterſuchungscommiſſion.
1290 172 1352 202 435
1089 2333 1137 2359 28*
224 2122 1348 2165 Eingaben des Staatsminiſteriums an den König, 16. Juli, 8. Sept.; Kamptz’s
94 2163 1345 2203 Berichte, 24. Aug., 14. Sept.; Cabinetsordres an das Staatsminiſterium, 23. Juli,
97 2204 329 2238 16. Sept. 1819.
222 2242 1344 2281 Eingaben des Kammergerichts an Min. Kircheiſen, 16., 31. Juli; Kamptz’s Be-
93 2281 1020 2322 richte, 6., 9. Aug.; Cabinetsordre an Kircheiſen, 21. Aug. 1819.
