1600 2472
692 136 1056 172 V. 2. Die Kriegsgefahr.
337 216 1497 264 Der Bundestag trieb unterdeſſen trotz der ſchweren Zeiten ſeine
252 265 1497 316 gewohnte Kurzweil. Die Staaten der ſechzehnten Curie hatten bisher
254 312 1497 362 an dem reichen Frankfurter v. Leonhardi einen überaus wohlfeilen gemein-
255 360 1498 410 ſamen Bundesgeſandten beſeſſen, der die Geſchäfte nur zu ſeinem Ver-
253 406 1499 457 gnügen führte, und zankten ſich nunmehr, als dieſer göttliche Philiſter
254 454 1499 504 geſtorben war, mit ſolcher Ausdauer über den Gehalt des Nachfolgers,
254 501 1500 550 daß der Poſten drei Jahre unbeſetzt blieb. Der Landgraf von Homburg,
255 548 1501 599 der im Jahre 1817 dem Bunde nachträglich beigetreten war, forderte
256 596 1503 649 ſtürmiſch das ihm gebührende Stimmrecht und erlangte endlich nach fünf-
257 643 1502 695 undzwanzigjährigen Kämpfen Einlaß in die ſechzehnte Curie. Die Erne-
258 692 1502 742 ſtiner konnten ſich über den Vorrang bei der Unterſchrift nicht einigen,
258 741 1503 788 und ihr neuer Bundesgeſandter mußte daher mit vier gleichlautenden
258 789 1504 836 Vollmachten ausgerüſtet werden. Derweil man ſich alſo vergnügte,
259 838 1505 885 ſuchte Graf Münch, unbekümmert um die dringenden Mahnungen des
257 884 1506 934 preußiſchen Geſandten mehrere Monate hindurch jede Berathung über die
258 931 1506 981 Kriegsbereitſchaft des Bundes zu vereiteln. Er wußte wohl, daß dieſe
259 979 1506 1030 Zögerung den ſtillen Wünſchen faſt aller kleinen Höfe entſprach; hatte
259 1027 1507 1076 doch ſelbſt König Ludwig von Baiern in Berlin vorſichtig erklären laſſen:
260 1076 1507 1126 erſt wenn die Rüſtung Süddeutſchlands ganz vollendet ſei, dürfe der
261 1125 938 1169 Bund in Paris eine Anfrage ſtellen.
346 1170 1507 1220 Endlich am 13. März 1841, acht Monate nach dem Juli-Vertrage,
261 1221 1509 1271 beantragte Münch, die Militärcommiſſion ſolle aufgefordert werden über
262 1271 1509 1320 die näheren Bedingungen der Kriegsbereitſchaft ein Gutachten zu er-
262 1318 1508 1372 ſtatten. Voran ging ein langer Vortrag, deſſen hochpatriotiſcher Ton
262 1366 1509 1418 von dem dürftigen Inhalte lächerlich abſtach: „die Pflicht ſämmtlicher
261 1415 1509 1467 deutſchen Regierungen, für die Ehre des deutſchen Namens ſowie für
263 1462 1509 1515 die Sicherheit der Völker Deutſchlands Sorge zu tragen, erheiſcht, daß
264 1510 1510 1560 überall die Wehrkraft der Bundesſtaaten allen eintretenden Wechſelfällen
265 1558 1510 1610 zu genügen im Stande ſei.“ Dieſe tiefſinnigen Worte hatte Metternich
265 1607 1511 1658 ſelbſt in den Präſidialvortrag eingefügt, an der Stelle eines etwas ſchär-
266 1655 1512 1707 feren, von General Heß vorgeſchlagenen Satzes. Die Hofburg wollte
268 1705 1513 1749 Alles vermeiden was dem Souveränitätsdünkel der kleinen Höfe auch nur
267 1754 1512 1800 wie ein leiſer Zwang erſcheinen konnte. Natürlich wurde der Antrag,
267 1803 1513 1846 unter den üblichen Dankesbezeigungen gegen die allezeit fürſorgliche Prä-
267 1851 1513 1903 ſidialmacht, pflichtſchuldigſt angenommen; die vertraulichen Eröffnungen
266 1899 1514 1949 in Paris überließ man den beiden Großmächten. Es ſtand noch immer
267 1948 1514 1994 wie in den Regensburger Zeiten. Der Bundestag durfte ſich der ange-
269 1997 1514 2050 nehmen Erwartung hingeben, daß ſein Beſchluß gar keine Folgen haben,
268 2042 1515 2098 ſondern entweder durch eine friedliche Wendung der europäiſchen Händel
269 2094 1430 2144 oder durch eine Kriegserklärung Frankreichs überholt werden würde.
251 144 291 173 96
397 2174 1345 2218 Berichte von Bülow, 15. Oct. 1841, von Schöler 17. Oct. 1840.
397 2214 1192 2259 Giſe, königliche Weiſung an Lerchenfeld, 20. Dec. 1840.
401 2258 898 2298 Sydow’s Bericht, 13. März 1841.
