1600 2472
569 137 1159 172 V. 1. Die frohen Tage der Erwartung.
236 221 1466 265 biſchof Droſte aus ſeiner ländlichen Heimath nach Münſter überzuſiedeln;
237 269 1483 312 nach Köln wollte er den Urheber des Streites auf keinen Fall zurückkehren
237 316 1483 360 laſſen. Den anderen der beiden Erzbiſchöfe hingegen, Dunin, der noch rechts-
237 363 1483 406 kräftig verurtheilt in Colberg gefangen ſaß, dachte er ſogleich wieder in ſein
235 409 1483 453 erzbiſchöfliches Amt einzuſetzen. Welch ein Mißgriff! Dunin war nicht
237 456 1483 498 nur der ſchuldigere der beiden Prälaten, da er ganz ohne Noth ein ſeit
236 503 1482 547 Jahrzehnten anerkanntes Geſetz eigenmächtig aufgehoben hatte; er gehörte
237 550 1482 594 auch einer Provinz an, welche durch ihre Unbotmäßigkeit ebenſo bekannt war
236 598 1482 641 wie das Rheinland durch ſeinen geſetzlichen Sinn und ſich längſt gewöhnt
236 646 1481 692 hatte, jede That königlicher Milde als deutſche Schwäche zu verſpotten.
236 695 1481 740 Während am Rhein die Ruhe faſt nirgends geſtört wurde, nahmen in
236 744 1481 787 Poſen die Kundgebungen lärmenden Zornes kein Ende: die Geiſtlichen
235 791 1481 833 verbreiteten ein Lied: „den Hirt und Vater raubt man ſeinen Kindern,
235 838 1481 882 den heil’gen Glauben will man uns entreißen.“ Grade dieſen ſchlech-
235 886 1481 929 teſten Unterthanen Preußens, den Polen widmete Friedrich Wilhelm eine
237 933 1481 976 ſchwärmeriſche Zärtlichkeit. Er konnte nie vergeſſen, daß Platen ihn einſt
235 979 1481 1024 in den Polenliedern um Schutz für „das Volk der Leiden“ angefleht und
235 1029 590 1073 ihm zugerufen hatte:
591 1081 1045 1117 Triumphe ſind wie Niederlagen,
590 1120 1099 1155 Wenn ihre Frucht beſteht in Klagen,
589 1160 1058 1195 Im grenzenloſen Haß der Welt.
235 1220 1480 1264 Mit den Radziwills und Raczynskis verband ihn alte Freundſchaft. Durch
235 1269 1480 1315 Großmuth hoffte er die Großmüthigen, die in Wahrheit nur begehrlich
234 1321 588 1364 waren, zu verſöhnen.
319 1367 1482 1413 Daher wurde ſchon am 17. Juli Geh. Rath Aulicke, ein hartkatho-
234 1415 1482 1463 liſcher Weſtphale, der fortan in Preußens Kirchenpolitik noch lange eine
235 1461 1481 1510 verhängnißvolle Rolle ſpielen ſollte, an den Gefangenen geſendet. Die
235 1508 1481 1556 verſchmitzten Augen des glatten kleinen Polen leuchteten, er zerfloß in Dank-
235 1554 1481 1599 barkeit und verſprach in einem höchſt unterthänigen Schreiben fortan Treue
237 1601 1481 1651 und Frieden zu wahren. Darauf geſtattete ihm der König die Rückkehr
236 1650 1481 1698 und ſprach zugleich die Hoffnung aus: „Es wird Mich freuen, durch die
235 1699 1480 1749 Bethätigung Ihrer gegen Mich ausgeſprochenen Verheißungen Mich bald
235 1747 1481 1795 in den Stand geſetzt zu ſehen Sie an Meinem Hoflager zu empfangen.“
235 1797 1480 1849 Die Heimkehr erfolgte, um Aufſehen zu vermeiden, am ſpäten Abend des
236 1846 1479 1900 5. Auguſt; aber natürlich hatte einer der adlichen Vertrauten des Erzbiſchofs,
234 1893 1480 1946 Lipski, die Nachricht ſchon vorher verbreitet, ſo geſtaltete ſich denn die Ein-
235 1942 1481 1998 fahrt zu einem brauſenden Triumphzuge, und es frommte wenig, daß der
234 1991 1478 2043 König dem Herrn v. Lipski nachträglich ſeinen Unwillen ausſprechen ließ.
241 140 280 169 38
359 2082 1445 2125 Bericht des Miniſterialverweſers v. Ladenberg an den König, 3. Aug. 1840.
359 2122 1481 2165 Inſtruktion für Aulicke, 17. Juli; Aulicke’s Bericht, 27. Juli; Dunin an den
233 2164 1086 2205 König, 24. Juli; Cabinetsordre an Dunin, 29. Juli 1840.
366 2203 1479 2245 Ladenberg’s Bericht an den König, 6. Aug.; Cabinetsordre an Ladenberg,
232 2252 436 2286 7. Aug. 1840.
