1600 2472
245 211 1406 286 Inzwiſchen begannen Poninski’s Königsberger Rede und die Beſchwer-
161 255 1404 330 den des Grafen Raczynski ihre Frucht zu tragen. Raczynski verbreitete
163 306 1404 382 unter dem polniſchen Adel eine Bittſchrift, welche ſeine mündlichen Aeuße-
162 352 1405 426 rungen wiederholte, und ſendete zugleich dem Monarchen die Belege für
164 394 1404 458 ſeine Klagen. Poninski aber, der bei der Huldigung den Grafentitel
163 442 1401 507 und mannichfache Gnadenbeweiſe erhalten hatte, bezeigte ſeinen Dank,
161 485 1403 550 indem er an der Spitze von fünfzehn anderen polniſchen Edelleuten dem
162 533 1403 603 Miniſter Rochow die unglaubliche Zumuthung ſtellte: der zu Recht beſteh-
162 585 1402 664 ende Poſener Landtag müſſe aufgelöſt werden, damit bei den Neuwahlen
163 633 1403 697 auch die ſoeben begnadigten Hochverräther aus den dreißiger Jahren mit-
163 679 415 718 wirken könnten.
243 729 1401 794 Ueber dieſe polniſchen Wirren wurde im Staatsminiſterium während
159 774 1401 839 der drei letzten Monate des Jahres gründlich verhandelt. General Grolman
159 822 1402 890 und Oberpräſident Flottwell erſtatteten mit gewohntem Freimuth einen aus-
159 867 1403 941 führlichen Bericht: nur der Adel und der Clerus ſeien feindlich geſinnt,
157 917 1403 986 die polniſchen Bauern zufrieden, die Deutſchen, die ſchon zwei Fünftel der
157 964 1401 1037 Bevölkerung ausmachten, unverbrüchlich treu. Der Thronwechſel habe jedoch
157 1012 1402 1085 bei den Polen unſinnige Hoffnungen erweckt, welche durch die Triumphreiſen
156 1061 1402 1133 des begnadigten Erzbiſchofs und ſicherlich auch durch die Pariſer Propaganda
157 1107 1403 1182 gefliſſentlich genährt würden. Dem gegenüber müſſe das bewährte Syſtem
156 1153 1402 1222 der „allmählichen Germaniſirung“ unerſchütterlich aufrecht bleiben. Dem-
157 1200 1402 1270 nach baten ſie den Monarchen, die Beſchwerden des polniſchen Adels rund-
157 1247 1402 1323 weg abzuweiſen und ſodann, kraft ſeines königlichen Rechtes, dem nächſten
158 1290 1402 1364 Poſener Landtage zu befehlen, daß dieſe erledigte Sache nicht wieder be-
156 1340 1401 1416 rührt werden dürfe. Aus vollem Herzen ſtimmte der greiſe Stägemann
156 1390 1401 1466 den Beiden zu. In einer Denkſchrift, die er wenige Tage vor ſeinem
156 1439 1399 1511 Tode abfaßte, billigte er namentlich den durch die Regierung betriebenen
155 1489 1400 1560 Ankauf polniſcher Rittergüter und ſagte mit ſeinem alten Markmannen-
156 1538 1400 1615 ſtolze kurzab: man möge den Klagenden nur eröffnen, „daß ihre Ger-
155 1589 1401 1666 maniſirung beabſichtigt werde“, und ſie an den Treubruch des Jahres
159 1637 1401 1714 1830 erinnern. Selbſt General Thile konnte nicht umhin, mit einigen
155 1685 1400 1761 Vorbehalten, ſich den Beiden anzuſchließen. Wie durfte man auch im
155 1732 1400 1810 Ernſt von einem Sprachenzwange in Poſen reden? Die Verwaltungs-
153 1782 1400 1857 behörden ſchrieben an Polen deutſch, aber mit beigelegter polniſcher Ueber-
154 1829 1400 1907 ſetzung. Vor Gericht wurden die Proceſſe in der Sprache des Klägers
154 1881 1400 1955 verhandelt; nur wenn er des Deutſchen vollkommen mächtig war verlangte
155 1932 1399 2004 man, daß er ſich der deutſchen Sprache bediente; denn da die Polen ſich dem
154 1976 1397 2053 Staatsdienſte fern hielten, ſo konnten von 168 Richtern nur 54 fertig
151 2026 1397 2106 polniſch ſprechen; ihrer 33 verſtanden nur wenig, 81 gar kein polniſch.
1366 148 1405 175 59
656 140 908 174 Flottwell’s Sturz.
277 2119 1014 2168 Raczynski, Eingabe an den König, 27. Nov. 1840.
275 2158 960 2207 Rochow, Bericht an den König, 12. Dec. 1840.
273 2198 1395 2260 Stägemann, Denkſchrift über Poſen. Nov. 1840. Die übrigen Denkſchriften
148 2232 308 2264 ſ. o. V. 47.
