1600 2472
467 154 1028 196 Sendung von Grolman und Radowitz.
124 231 1371 309 beiden Mächte, durch ein Rundſchreiben die deutſchen Höfe zur Wachſam-
127 280 1370 355 keit aufzufordern und zugleich in Paris vertraulich wegen der franzöſiſchen
124 327 1370 394 Rüſtungen anzufragen. Bei Alledem hegte man in Berlin wie in Wien
126 377 1370 444 noch durchaus friedliche Abſichten. Der preußiſche Hof hatte dem fran-
122 423 1368 494 zöſiſchen die Sendung der beiden Offiziere nach Wien ſchon im Voraus
121 467 1369 540 freundſchaftlich angezeigt und die Betheuerung hinzugefügt, durch die Ein-
120 517 1368 589 tracht des Deutſchen Bundes werde die allgemeine Ruhe am beſten ge-
120 562 1368 637 ſichert. Nur für den Fall daß die Kriegspartei den friedlichen Bürger-
120 609 1366 670 könig überwältigte, wollte man ſich gedeckt halten. Frankreichs Rüſtungen
120 657 1367 717 bewirkten einen Zuſtand des „bewaffneten Friedens“ — ſo lautete der
120 708 1367 783 neue Modeausdruck der Diplomaten und der Zeitungen. Deutſchland
118 754 1366 816 mußte auf der Wacht ſtehen. Dieſe unſchuldige Abſicht hatte der König
118 799 1366 865 durch die Sendung ſeiner Offiziere in der That erreicht, und mit hohem
120 846 1366 914 Selbſtgefühle ſagte Maltzan zu Metternich: unſer Monarch achtet Oeſter-
118 894 1365 964 reichs Stellung in Deutſchland, er iſt jedoch unabänderlich entſchloſſen,
117 941 1365 1010 den Deutſchen Bund aus dem Zuſtande der Entwürdigung zu reißen
118 991 1364 1058 und ihn „in die Reihe der Mächte wieder emporzuheben“. Friedrich
117 1034 1364 1107 Wilhelm’s dichteriſche Phantaſie trug ſich wirklich mit dem Wahne, daß
116 1129 1363 1202 Macht bilden und Deutſchland alſo mit der Wucht dreier Großmächte in
115 1176 1364 1249 die Geſchicke der Welt eingreifen würde. Metternich’s Nüchternheit konnte
115 1222 1363 1292 dieſe traumhaften Vorſtellungen von den Rieſenkräften Baierns und
114 1408 1361 1487 des europäiſchen Feſtlandes, der unter allen nach dem Umfange ſeiner
113 1456 1360 1536 Machtmittel den erſten Rang einnehme“, im Kampf gegen Frankreichs
113 1505 1359 1582 bewaffneten Frieden die erſte Rolle zu ſpielen berufen ſei und als
112 1552 951 1623 fünfte Macht dem Vierbunde beitreten müſſe.
194 1605 1359 1685 Wie dieſe fünfte Macht in Wirklichkeit beſchaffen war, das ſollte
111 1649 1359 1732 Radowitz ſofort erfahren, als er nunmehr die Höfe von München, Stutt-
110 1703 1358 1782 gart, Karlsruhe, Darmſtadt, Wiesbaden beſuchte, die alleſammt ſchon
109 1748 1357 1831 durch die preußiſche Bundesgeſandtſchaft über die europäiſche Lage und
109 1796 1358 1880 die Kriegsgefahr unterrichtet waren. Etwas ſpäter kam auch, mit gleich-
109 1844 1357 1926 lautenden Weiſungen verſehen, General Heß, einer der tüchtigſten Sol-
108 1894 1356 1976 daten aus Radetzky’s Schule. Ueberall wurde der Preuße mit offenen
108 1941 1355 2022 Armen aufgenommen, überall empfing er bundesfreundliche Zuſagen und
107 1990 1354 2072 die vertrauliche Betheuerung, daß Süddeutſchland weder der Kraft noch
1331 171 1370 199 93
233 2084 1044 2141 Werther, Weiſung an Arnim in Paris, 14. Nov. 1840.
232 2123 733 2170 Maltzan’s Bericht, 27. Nov. 1840.
233 2164 1352 2232 Maltzan’s Bericht 14. Dec. Metternich’s Denkſchrift über die europäiſche Lage,
102 2198 322 2231 18. Dec. 1840.
233 2236 860 2292 Sydow’s Bericht, Frankfurt 23. Oct. 1840.
