<?xml version="1.0" encoding="UTF-8"?>
<PcGts xmlns="http://schema.primaresearch.org/PAGE/gts/pagecontent/2019-07-15" xmlns:xsi="http://www.w3.org/2001/XMLSchema-instance" xsi:schemaLocation="http://schema.primaresearch.org/PAGE/gts/pagecontent/2019-07-15 http://schema.primaresearch.org/PAGE/gts/pagecontent/2019-07-15/pagecontent.xsd">
<Metadata>
<Creator>regJS2PAGE.py</Creator>
<Created>2021-02-16T10:59:57.397484</Created>
<LastChange>2021-02-16T10:59:57.397484</LastChange>
</Metadata>
<Page imageFilename="tmp/treitschke_geschichte02_1882_0210.png" imageWidth="1600" imageHeight="2452">
<TextRegion id="block_0" custom="structure {type:body;}">
<Coords points="256,254 256,302 255,301 255,348 255,348 338,348 338,392 338,395 255,395 255,442 256,440 256,490 257,488 257,531 257,532 257,581 257,578 257,626 259,623 259,670 259,669 259,717 259,717 259,760 259,762 259,805 261,808 261,851 262,857 262,900 261,903 261,949 261,952 261,999 261,1000 261,1046 260,1048 260,1096 261,1095 261,1143 261,1141 261,1187 262,1189 262,1238 262,1235 262,1279 263,1281 263,1328 265,1326 265,1374 263,1374 263,1421 264,1422 264,1470 265,1470 265,1518 266,1518 266,1567 266,1568 349,1568 349,1613 349,1615 268,1615 268,1662 268,1664 268,1709 267,1708 267,1757 267,1756 267,1803 267,1803 267,1854 270,1852 270,1902 270,1900 270,1949 268,1945 268,1996 270,1992 270,2044 270,2040 270,2091 269,2087 269,2137 1490,2137 1490,2087 1491,2091 1491,2040 1489,2044 1489,1992 1489,1996 1489,1945 1490,1949 1490,1900 1490,1902 1490,1852 1491,1854 1491,1803 1490,1803 1490,1756 1489,1757 1489,1708 1489,1709 1489,1664 1489,1662 1489,1615 1488,1613 1488,1568 1356,1568 1356,1567 1356,1518 1486,1518 1486,1518 1486,1470 1485,1470 1485,1422 1485,1421 1485,1374 1485,1374 1485,1326 1485,1328 1485,1281 1486,1279 1486,1235 1485,1238 1485,1189 1484,1187 1484,1141 1484,1143 1484,1095 1484,1096 1484,1048 1483,1046 1483,1000 1483,999 1483,952 1483,949 1483,903 1481,900 1481,857 1481,851 1481,808 1482,805 1482,762 1481,760 1481,717 1480,717 1480,669 1480,670 1480,623 1479,626 1479,578 1479,581 1479,532 1478,531 1478,488 1479,490 1479,440 1477,442 1477,395 1477,392 1477,348 1359,348 1359,348 1359,301 1476,301 1476,302 1476,254 256,254"/>
<TextLine id="line_0">
<Coords points="256,262 302,262 312,262 398,262 412,261 465,261 480,260 610,260 623,257 859,257 873,259 933,259 945,254 1194,254 1209,264 1267,264 1281,260 1366,260 1376,256 1476,256 1476,295 1376,295 1366,288 1281,288 1267,289 1209,289 1194,296 945,296 933,291 873,291 859,297 623,297 610,302 480,302 465,301 412,301 398,302 312,302 302,295 256,295 256,262"/>
<Baseline points="256,295 302,295 312,302 398,302 412,301 465,301 480,302 610,302 623,297 859,297 873,291 933,291 945,296 1194,296 1209,289 1267,289 1281,288 1366,288 1376,295 1476,295"/>
<TextEquiv><Unicode>ein Recht auf „fernere Selbſtändigkeit und Immedialität“; nur unter dieſem</Unicode></TextEquiv>
</TextLine>

<TextLine id="line_1">
<Coords points="255,308 428,308 449,308 520,308 542,305 666,305 688,302 756,302 777,305 840,305 861,304 965,304 986,303 1155,303 1177,301 1359,301 1359,342 1177,342 1155,342 986,342 965,344 861,344 840,336 777,336 756,342 688,342 666,346 542,346 520,348 449,348 428,348 255,348 255,308"/>
<Baseline points="255,348 428,348 449,348 520,348 542,346 666,346 688,342 756,342 777,336 840,336 861,344 965,344 986,342 1155,342 1177,342 1359,342"/>
<TextEquiv><Unicode>Vorbehalte habe Herford einſt dem großen Kurfürſten gehuldigt.</Unicode></TextEquiv>
</TextLine>

<TextLine id="line_2">
<Coords points="338,355 398,355 412,354 535,354 549,351 665,351 681,348 922,348 937,352 985,352 998,350 1060,350 1076,348 1118,348 1133,349 1334,349 1349,350 1398,350 1413,355 1477,355 1477,380 1413,380 1398,380 1349,380 1334,388 1133,388 1118,381 1076,381 1060,389 998,389 985,383 937,383 922,390 681,390 665,392 549,392 535,387 412,387 398,388 338,388 338,355"/>
<Baseline points="338,388 398,388 412,387 535,387 549,392 665,392 681,390 922,390 937,383 985,383 998,389 1060,389 1076,381 1118,381 1133,388 1334,388 1349,380 1398,380 1413,380 1477,380"/>
<TextEquiv><Unicode>Die weitaus größten Schwierigkeiten bot doch die Neuordnung der vor-</Unicode></TextEquiv>
</TextLine>

<TextLine id="line_3">
<Coords points="255,403 336,403 351,402 507,402 522,398 647,398 661,395 755,395 770,397 892,397 906,400 955,400 970,404 1063,404 1075,395 1335,395 1349,395 1477,395 1477,434 1349,434 1335,436 1075,436 1063,428 970,428 955,430 906,430 892,437 770,437 755,435 661,435 647,434 522,434 507,442 351,442 336,436 255,436 255,403"/>
<Baseline points="255,436 336,436 351,442 507,442 522,434 647,434 661,435 755,435 770,437 892,437 906,430 955,430 970,428 1063,428 1075,436 1335,436 1349,434 1477,434"/>
<TextEquiv><Unicode>mals ſächſiſchen Gebiete, welche ohnehin der neuen Landesherrſchaft anfangs</Unicode></TextEquiv>
</TextLine>

<TextLine id="line_4">
<Coords points="256,449 311,449 331,449 430,449 444,443 587,443 602,441 653,441 666,440 709,440 724,441 816,441 832,443 1113,443 1155,442 1235,442 1249,442 1396,442 1410,443 1479,443 1479,474 1410,474 1396,483 1249,483 1235,475 1155,475 1113,483 832,483 816,480 724,480 709,472 666,472 653,473 602,473 587,486 444,486 430,488 331,488 311,490 256,490 256,449"/>
<Baseline points="256,490 311,490 331,488 430,488 444,486 587,486 602,473 653,473 666,472 709,472 724,480 816,480 832,483 1113,483 1155,475 1235,475 1249,483 1396,483 1410,474 1479,474"/>
<TextEquiv><Unicode>faſt ebenſo feindſelig wie die Polen gegenüberſtanden. Alles wehklagte über</Unicode></TextEquiv>
</TextLine>

<TextLine id="line_5">
<Coords points="257,498 312,498 333,497 502,497 523,492 573,492 595,488 751,488 772,489 896,489 918,490 950,490 972,489 1147,489 1174,490 1219,490 1246,492 1295,492 1317,489 1407,489 1435,488 1478,488 1478,519 1435,519 1407,526 1317,526 1295,521 1246,521 1219,527 1174,527 1147,527 972,527 950,520 918,520 896,528 772,528 751,527 595,527 573,521 523,521 502,531 333,531 312,528 257,528 257,498"/>
<Baseline points="257,528 312,528 333,531 502,531 523,521 573,521 595,527 751,527 772,528 896,528 918,520 950,520 972,527 1147,527 1174,527 1219,527 1246,521 1295,521 1317,526 1407,526 1435,519 1478,519"/>
<TextEquiv><Unicode>den Untergang der ſächſiſchen Nation; in Naumburg riß der Pöbel die</Unicode></TextEquiv>
</TextLine>

<TextLine id="line_6">
<Coords points="257,542 407,542 429,537 516,537 542,535 574,535 594,534 649,534 670,532 759,532 787,534 866,534 892,535 935,535 957,535 1092,535 1121,535 1304,535 1335,534 1383,534 1406,533 1479,533 1479,573 1406,573 1383,573 1335,573 1304,575 1121,575 1092,574 957,574 935,567 892,567 866,574 787,574 759,573 670,573 649,564 594,564 574,565 542,565 516,569 429,569 407,581 257,581 257,542"/>
<Baseline points="257,581 407,581 429,569 516,569 542,565 574,565 594,564 649,564 670,573 759,573 787,574 866,574 892,567 935,567 957,574 1092,574 1121,575 1304,575 1335,573 1383,573 1406,573 1479,573"/>
<TextEquiv><Unicode>ſchwarzen Adler in den Koth, ſelbſt die Ruhigen bezeichneten ſich weh-</Unicode></TextEquiv>
</TextLine>

<TextLine id="line_7">
<Coords points="257,586 367,586 389,584 437,584 459,578 666,578 687,595 728,595 749,579 795,579 816,580 975,580 1003,582 1052,582 1073,581 1105,581 1129,581 1266,581 1288,579 1479,579 1479,619 1288,619 1266,620 1129,620 1105,611 1073,611 1052,612 1003,612 975,617 816,617 795,610 749,610 728,599 687,599 666,618 459,618 437,615 389,615 367,626 257,626 257,586"/>
<Baseline points="257,626 367,626 389,615 437,615 459,618 666,618 687,599 728,599 749,610 795,610 816,617 975,617 1003,612 1052,612 1073,611 1105,611 1129,620 1266,620 1288,619 1479,619"/>
<TextEquiv><Unicode>müthig als Mußpreußen — ein Ausdruck, der in manchen Landſtrichen</Unicode></TextEquiv>
</TextLine>

<TextLine id="line_8">
<Coords points="259,632 326,632 348,629 418,629 439,626 533,626 553,625 595,625 617,623 778,623 798,624 880,624 925,626 975,626 996,627 1080,627 1101,627 1144,627 1166,627 1342,627 1363,627 1413,627 1435,633 1480,633 1480,663 1435,663 1413,657 1363,657 1342,665 1166,665 1144,657 1101,657 1080,667 996,667 975,657 925,657 880,656 798,656 778,663 617,663 595,656 553,656 533,665 439,665 418,661 348,661 326,670 259,670 259,632"/>
<Baseline points="259,670 326,670 348,661 418,661 439,665 533,665 553,656 595,656 617,663 778,663 798,656 880,656 925,657 975,657 996,667 1080,667 1101,657 1144,657 1166,665 1342,665 1363,657 1413,657 1435,663 1480,663"/>
<TextEquiv><Unicode>noch viele Jahre im Schwange blieb. So lange die Erwerbung des ge-</Unicode></TextEquiv>
</TextLine>

<TextLine id="line_9">
<Coords points="259,678 399,678 420,671 600,671 616,670 744,670 765,669 797,669 812,670 941,670 962,673 1050,673 1069,672 1145,672 1159,672 1344,672 1358,680 1418,680 1441,681 1480,681 1480,703 1441,703 1418,704 1358,704 1344,712 1159,712 1145,711 1069,711 1050,710 962,710 941,709 812,709 797,700 765,700 744,709 616,709 600,710 420,710 399,717 259,717 259,678"/>
<Baseline points="259,717 399,717 420,710 600,710 616,709 744,709 765,700 797,700 812,709 941,709 962,710 1050,710 1069,711 1145,711 1159,712 1344,712 1358,704 1418,704 1441,703 1480,703"/>
<TextEquiv><Unicode>ſammten Königreichs Sachſen in Ausſicht ſtand, hatte Hardenberg nur an</Unicode></TextEquiv>
</TextLine>

<TextLine id="line_10">
<Coords points="259,723 321,723 335,717 589,717 611,725 645,725 659,717 761,717 776,719 891,719 933,717 1013,717 1035,718 1071,718 1085,725 1156,725 1177,718 1226,718 1248,719 1301,719 1321,721 1370,721 1384,718 1481,718 1481,759 1384,759 1370,752 1321,752 1301,751 1248,751 1226,757 1177,757 1156,748 1085,748 1071,748 1035,748 1013,756 933,756 891,755 776,755 761,748 659,748 645,756 611,756 589,760 335,760 321,755 259,755 259,723"/>
<Baseline points="259,755 321,755 335,760 589,760 611,756 645,756 659,748 761,748 776,755 891,755 933,756 1013,756 1035,748 1071,748 1085,748 1156,748 1177,757 1226,757 1248,751 1301,751 1321,752 1370,752 1384,759 1481,759"/>
<TextEquiv><Unicode>eine Perſonal-Union zu denken gewagt. Jetzt, da man ſich mit der Hälfte</Unicode></TextEquiv>
</TextLine>

<TextLine id="line_11">
<Coords points="259,770 311,770 332,768 443,768 464,765 610,765 631,763 736,763 759,762 842,762 864,762 912,762 935,762 1037,762 1064,762 1120,762 1141,763 1211,763 1231,764 1388,764 1409,765 1482,765 1482,805 1409,805 1388,797 1231,797 1211,801 1141,801 1120,800 1064,800 1037,801 935,801 912,802 864,802 842,801 759,801 736,803 631,803 610,803 464,803 443,800 332,800 311,800 259,800 259,770"/>
<Baseline points="259,800 311,800 332,800 443,800 464,803 610,803 631,803 736,803 759,801 842,801 864,802 912,802 935,801 1037,801 1064,800 1120,800 1141,801 1211,801 1231,797 1388,797 1409,805 1482,805"/>
<TextEquiv><Unicode>des Landes begnügen mußte, ergab ſich ſofort, daß dieſe Trümmer nicht</Unicode></TextEquiv>
</TextLine>

<TextLine id="line_12">
<Coords points="261,813 369,813 388,813 421,813 448,812 525,812 546,811 671,811 693,809 963,809 991,809 1122,809 1164,808 1260,808 1287,810 1330,810 1351,812 1481,812 1481,851 1351,851 1330,841 1287,841 1260,841 1164,841 1122,841 991,841 963,851 693,851 671,851 546,851 525,844 448,844 421,845 388,845 369,847 261,847 261,813"/>
<Baseline points="261,847 369,847 388,845 421,845 448,844 525,844 546,851 671,851 693,851 963,851 991,841 1122,841 1164,841 1260,841 1287,841 1330,841 1351,851 1481,851"/>
<TextEquiv><Unicode>einmal in einer Provinz zuſammenbleiben konnten. Kaum die Anfänge</Unicode></TextEquiv>
</TextLine>

<TextLine id="line_13">
<Coords points="262,864 311,864 334,860 566,860 595,858 803,858 831,859 982,859 1005,857 1253,857 1280,863 1377,863 1398,860 1481,860 1481,897 1398,897 1377,888 1280,888 1253,896 1005,896 982,890 831,890 803,900 595,900 566,900 334,900 311,894 262,894 262,864"/>
<Baseline points="262,894 311,894 334,900 566,900 595,900 803,900 831,890 982,890 1005,896 1253,896 1280,888 1377,888 1398,897 1481,897"/>
<TextEquiv><Unicode>der Staatseinheit, gleichmäßiger moderner Staatsordnung waren durch</Unicode></TextEquiv>
</TextLine>

<TextLine id="line_14">
<Coords points="261,911 316,911 339,908 479,908 494,907 682,907 696,907 848,907 862,905 1051,905 1073,904 1222,904 1231,914 1239,914 1259,904 1303,904 1324,903 1426,903 1440,905 1483,905 1483,936 1440,936 1426,944 1324,944 1303,936 1259,936 1239,944 1231,944 1222,945 1073,945 1051,945 862,945 848,947 696,947 682,948 494,948 479,949 339,949 316,941 261,941 261,911"/>
<Baseline points="261,941 316,941 339,949 479,949 494,948 682,948 696,947 848,947 862,945 1051,945 1073,945 1222,945 1231,944 1239,944 1259,936 1303,936 1324,944 1426,944 1440,936 1483,936"/>
<TextEquiv><Unicode>das ſchläfrige altſtändiſche Regiment Kurſachſens geſchaffen; die Lande, die</Unicode></TextEquiv>
</TextLine>

<TextLine id="line_15">
<Coords points="261,965 331,965 352,958 407,958 429,956 620,956 636,955 764,955 786,958 904,958 926,954 1075,954 1094,953 1126,953 1142,952 1291,952 1313,956 1370,956 1392,952 1483,952 1483,993 1392,993 1370,984 1313,984 1291,994 1142,994 1126,985 1094,985 1075,995 926,995 904,995 786,995 764,996 636,996 620,999 429,999 407,990 352,990 331,990 261,990 261,965"/>
<Baseline points="261,990 331,990 352,990 407,990 429,999 620,999 636,996 764,996 786,995 904,995 926,995 1075,995 1094,985 1126,985 1142,994 1291,994 1313,984 1370,984 1392,993 1483,993"/>
<TextEquiv><Unicode>man das Herzogthum Sachſen nannte, beſtanden in Wahrheit aus ſieben</Unicode></TextEquiv>
</TextLine>

<TextLine id="line_16">
<Coords points="261,1004 316,1004 330,1005 530,1005 545,1003 739,1003 756,1006 813,1006 828,1004 881,1004 897,1000 1170,1000 1182,1000 1277,1000 1292,1002 1352,1002 1366,1000 1483,1000 1483,1032 1366,1032 1352,1032 1292,1032 1277,1033 1182,1033 1170,1042 897,1042 881,1035 828,1035 813,1035 756,1035 739,1037 545,1037 530,1038 330,1038 316,1046 261,1046 261,1004"/>
<Baseline points="261,1046 316,1046 330,1038 530,1038 545,1037 739,1037 756,1035 813,1035 828,1035 881,1035 897,1042 1170,1042 1182,1033 1277,1033 1292,1032 1352,1032 1366,1032 1483,1032"/>
<TextEquiv><Unicode>loſe verbundenen Territorien: aus den Markgrafſchaften Ober- und Nieder-</Unicode></TextEquiv>
</TextLine>

<TextLine id="line_17">
<Coords points="260,1053 365,1053 386,1055 440,1055 460,1052 557,1052 581,1052 712,1052 727,1051 900,1051 922,1051 982,1051 997,1050 1180,1050 1202,1050 1265,1050 1280,1048 1484,1048 1484,1088 1280,1088 1265,1080 1202,1080 1180,1088 997,1088 982,1082 922,1082 900,1091 727,1091 712,1092 581,1092 557,1086 460,1086 440,1087 386,1087 365,1096 260,1096 260,1053"/>
<Baseline points="260,1096 365,1096 386,1087 440,1087 460,1086 557,1086 581,1092 712,1092 727,1091 900,1091 922,1082 982,1082 997,1088 1180,1088 1202,1080 1265,1080 1280,1088 1484,1088"/>
<TextEquiv><Unicode>lauſitz, den beiden Stiftern Merſeburg und Naumburg, dem Fürſtenthum</Unicode></TextEquiv>
</TextLine>

<TextLine id="line_18">
<Coords points="261,1101 421,1101 443,1102 492,1102 507,1099 669,1099 683,1099 850,1099 872,1099 932,1099 948,1097 1038,1097 1055,1096 1156,1096 1178,1098 1226,1098 1242,1096 1396,1096 1411,1095 1484,1095 1484,1126 1411,1126 1396,1136 1242,1136 1226,1128 1178,1128 1156,1128 1055,1128 1038,1129 948,1129 932,1130 872,1130 850,1141 683,1141 669,1140 507,1140 492,1133 443,1133 421,1143 261,1143 261,1101"/>
<Baseline points="261,1143 421,1143 443,1133 492,1133 507,1140 669,1140 683,1141 850,1141 872,1130 932,1130 948,1129 1038,1129 1055,1128 1156,1128 1178,1128 1226,1128 1242,1136 1396,1136 1411,1126 1484,1126"/>
<TextEquiv><Unicode>Querfurt, der Grafſchaft Henneberg und einem Stücke der ſächſiſchen Erb-</Unicode></TextEquiv>
</TextLine>

<TextLine id="line_19">
<Coords points="261,1150 357,1150 398,1150 544,1150 565,1148 649,1148 670,1147 713,1147 729,1147 873,1147 894,1147 945,1147 959,1144 1057,1144 1080,1144 1127,1144 1148,1143 1189,1143 1204,1143 1303,1143 1323,1144 1401,1144 1424,1141 1484,1141 1484,1172 1424,1172 1401,1173 1323,1173 1303,1184 1204,1184 1189,1175 1148,1175 1127,1175 1080,1175 1057,1184 959,1184 945,1177 894,1177 873,1179 729,1179 713,1179 670,1179 649,1179 565,1179 544,1187 398,1187 357,1182 261,1182 261,1150"/>
<Baseline points="261,1182 357,1182 398,1187 544,1187 565,1179 649,1179 670,1179 713,1179 729,1179 873,1179 894,1177 945,1177 959,1184 1057,1184 1080,1175 1127,1175 1148,1175 1189,1175 1204,1184 1303,1184 1323,1173 1401,1173 1424,1172 1484,1172"/>
<TextEquiv><Unicode>lande. Trotzdem baten die Vertreter des Adels, als im Herbſt 1815 eine</Unicode></TextEquiv>
</TextLine>

<TextLine id="line_20">
<Coords points="262,1197 397,1197 418,1194 600,1194 631,1194 663,1194 684,1193 791,1193 813,1192 946,1192 977,1199 1049,1199 1070,1190 1235,1190 1255,1191 1304,1191 1326,1189 1485,1189 1485,1228 1326,1228 1304,1222 1255,1222 1235,1230 1070,1230 1049,1231 977,1231 946,1231 813,1231 791,1225 684,1225 663,1225 631,1225 600,1235 418,1235 397,1238 262,1238 262,1197"/>
<Baseline points="262,1238 397,1238 418,1235 600,1235 631,1225 663,1225 684,1225 791,1225 813,1231 946,1231 977,1231 1049,1231 1070,1230 1235,1230 1255,1222 1304,1222 1326,1228 1485,1228"/>
<TextEquiv><Unicode>ſächſiſche Deputation in Berlin erſchien, „um Erhaltung der Integrität</Unicode></TextEquiv>
</TextLine>

<TextLine id="line_21">
<Coords points="262,1246 323,1246 338,1241 534,1241 547,1242 598,1242 608,1239 819,1239 832,1237 996,1237 1011,1237 1130,1237 1146,1238 1285,1238 1298,1235 1341,1235 1355,1235 1486,1235 1486,1272 1355,1272 1341,1265 1298,1265 1285,1266 1146,1266 1130,1275 1011,1275 996,1277 832,1277 819,1279 608,1279 598,1271 547,1271 534,1275 338,1275 323,1276 262,1276 262,1246"/>
<Baseline points="262,1276 323,1276 338,1275 534,1275 547,1271 598,1271 608,1279 819,1279 832,1277 996,1277 1011,1275 1130,1275 1146,1266 1285,1266 1298,1265 1341,1265 1355,1272 1486,1272"/>
<TextEquiv><Unicode>und Nationalität des Herzogthums Sachſen“; Andere, darunter die Bürger-</Unicode></TextEquiv>
</TextLine>

<TextLine id="line_22">
<Coords points="263,1289 380,1289 402,1285 578,1285 599,1284 649,1284 663,1284 786,1284 807,1285 868,1285 883,1283 1028,1283 1051,1283 1087,1283 1108,1282 1207,1282 1229,1281 1317,1281 1332,1281 1485,1281 1485,1320 1332,1320 1317,1311 1229,1311 1207,1320 1108,1320 1087,1320 1051,1320 1028,1320 883,1320 868,1314 807,1314 786,1315 663,1315 649,1324 599,1324 578,1325 402,1325 380,1328 263,1328 263,1289"/>
<Baseline points="263,1328 380,1328 402,1325 578,1325 599,1324 649,1324 663,1315 786,1315 807,1314 868,1314 883,1320 1028,1320 1051,1320 1087,1320 1108,1320 1207,1320 1229,1311 1317,1311 1332,1320 1485,1320"/>
<TextEquiv><Unicode>meiſter, verwahrten ſich dawider und erklärten, ſie hegten volles Zutrauen</Unicode></TextEquiv>
</TextLine>

<TextLine id="line_23">
<Coords points="265,1343 301,1343 314,1336 363,1336 373,1331 666,1331 678,1330 842,1330 854,1326 1064,1326 1094,1328 1158,1328 1173,1327 1263,1327 1276,1327 1341,1327 1355,1328 1485,1328 1485,1369 1355,1369 1341,1367 1276,1367 1263,1366 1173,1366 1158,1367 1094,1367 1064,1367 854,1367 842,1369 678,1369 666,1372 373,1372 363,1366 314,1366 301,1374 265,1374 265,1343"/>
<Baseline points="265,1374 301,1374 314,1366 363,1366 373,1372 666,1372 678,1369 842,1369 854,1367 1064,1367 1094,1367 1158,1367 1173,1366 1263,1366 1276,1367 1341,1367 1355,1369 1485,1369"/>
<TextEquiv><Unicode>zu der bürgerfreundlichen Regierung Preußens. Zur ſelben Zeit ſprachen</Unicode></TextEquiv>
</TextLine>

<TextLine id="line_24">
<Coords points="263,1381 307,1381 329,1380 558,1380 574,1380 691,1380 712,1378 760,1378 775,1377 817,1377 831,1376 995,1376 1010,1374 1086,1374 1101,1374 1287,1374 1309,1375 1351,1375 1368,1377 1485,1377 1485,1409 1368,1409 1351,1407 1309,1407 1287,1414 1101,1414 1086,1415 1010,1415 995,1417 831,1417 817,1409 775,1409 760,1419 712,1419 691,1412 574,1412 558,1421 329,1421 307,1413 263,1413 263,1381"/>
<Baseline points="263,1413 307,1413 329,1421 558,1421 574,1412 691,1412 712,1419 760,1419 775,1409 817,1409 831,1417 995,1417 1010,1415 1086,1415 1101,1414 1287,1414 1309,1407 1351,1407 1368,1409 1485,1409"/>
<TextEquiv><Unicode>die Niederlauſitzer Stände für die Erhaltung ihrer Privilegien; die Stände</Unicode></TextEquiv>
</TextLine>

<TextLine id="line_25">
<Coords points="264,1431 314,1431 325,1428 502,1428 517,1430 583,1430 595,1428 770,1428 785,1425 858,1425 873,1424 916,1424 928,1423 1051,1423 1063,1422 1164,1422 1179,1422 1232,1422 1246,1422 1349,1422 1361,1425 1485,1425 1485,1457 1361,1457 1349,1455 1246,1455 1232,1455 1179,1455 1164,1462 1063,1462 1051,1464 928,1464 916,1458 873,1458 858,1468 785,1468 770,1468 595,1468 583,1462 517,1462 502,1470 325,1470 314,1462 264,1462 264,1431"/>
<Baseline points="264,1462 314,1462 325,1470 502,1470 517,1462 583,1462 595,1468 770,1468 785,1468 858,1468 873,1458 916,1458 928,1464 1051,1464 1063,1462 1164,1462 1179,1455 1232,1455 1246,1455 1349,1455 1361,1457 1485,1457"/>
<TextEquiv><Unicode>der Oberlauſitz aber verlangten, „daß die Provinz Lauſitz mit keinem anderen</Unicode></TextEquiv>
</TextLine>

<TextLine id="line_26">
<Coords points="265,1476 365,1476 385,1478 434,1478 455,1476 624,1476 645,1477 809,1477 831,1474 952,1474 981,1473 1024,1473 1045,1472 1140,1472 1162,1470 1298,1470 1321,1471 1419,1471 1441,1472 1486,1472 1486,1504 1441,1504 1419,1510 1321,1510 1298,1512 1162,1512 1140,1505 1045,1505 1024,1506 981,1506 952,1508 831,1508 809,1510 645,1510 624,1518 455,1518 434,1509 385,1509 365,1518 265,1518 265,1476"/>
<Baseline points="265,1518 365,1518 385,1509 434,1509 455,1518 624,1518 645,1510 809,1510 831,1508 952,1508 981,1506 1024,1506 1045,1505 1140,1505 1162,1512 1298,1512 1321,1510 1419,1510 1441,1504 1486,1504"/>
<TextEquiv><Unicode>Theile der Monarchie verbunden werde“: die beiden Lauſitzen ſollten ein</Unicode></TextEquiv>
</TextLine>

<TextLine id="line_27">
<Coords points="266,1524 463,1524 485,1524 702,1524 725,1525 818,1525 840,1525 893,1525 914,1526 963,1526 984,1523 1155,1523 1177,1518 1356,1518 1356,1561 1177,1561 1155,1565 984,1565 963,1556 914,1556 893,1557 840,1557 818,1558 725,1558 702,1567 485,1567 463,1566 266,1566 266,1524"/>
<Baseline points="266,1566 463,1566 485,1567 702,1567 725,1558 818,1558 840,1557 893,1557 914,1556 963,1556 984,1565 1155,1565 1177,1561 1356,1561"/>
<TextEquiv><Unicode>ſelbſtändiges Geſammtreich bilden mit der Hauptſtadt Görlitz.</Unicode></TextEquiv>
</TextLine>

<TextLine id="line_28">
<Coords points="349,1571 413,1571 427,1577 488,1577 503,1575 535,1575 549,1573 673,1573 696,1574 771,1574 786,1573 891,1573 906,1570 1184,1570 1199,1569 1357,1569 1372,1569 1415,1569 1431,1568 1488,1568 1488,1600 1431,1600 1415,1600 1372,1600 1357,1609 1199,1609 1184,1611 906,1611 891,1612 786,1612 771,1606 696,1606 673,1613 549,1613 535,1603 503,1603 488,1603 427,1603 413,1603 349,1603 349,1571"/>
<Baseline points="349,1603 413,1603 427,1603 488,1603 503,1603 535,1603 549,1613 673,1613 696,1606 771,1606 786,1612 891,1612 906,1611 1184,1611 1199,1609 1357,1609 1372,1600 1415,1600 1431,1600 1488,1600"/>
<TextEquiv><Unicode>Wie war es möglich, allen ſolchen particulariſtiſchen Begehren, die ein-</Unicode></TextEquiv>
</TextLine>

<TextLine id="line_29">
<Coords points="268,1621 357,1621 371,1619 421,1619 443,1617 552,1617 573,1619 707,1619 732,1621 833,1621 855,1628 888,1628 910,1620 1043,1620 1080,1619 1192,1619 1209,1617 1293,1617 1315,1616 1383,1616 1398,1615 1489,1615 1489,1648 1398,1648 1383,1656 1315,1656 1293,1656 1209,1656 1192,1659 1080,1659 1043,1651 910,1651 888,1660 855,1660 833,1660 732,1660 707,1662 573,1662 552,1659 443,1659 421,1652 371,1652 357,1654 268,1654 268,1621"/>
<Baseline points="268,1654 357,1654 371,1652 421,1652 443,1659 552,1659 573,1662 707,1662 732,1660 833,1660 855,1660 888,1660 910,1651 1043,1651 1080,1659 1192,1659 1209,1656 1293,1656 1315,1656 1383,1656 1398,1648 1489,1648"/>
<TextEquiv><Unicode>ander ins Geſicht ſchlugen, gerecht zu werden? Zudem lagen dieſe Land-</Unicode></TextEquiv>
</TextLine>

<TextLine id="line_30">
<Coords points="268,1667 386,1667 400,1666 515,1666 530,1667 660,1667 674,1674 729,1674 745,1667 851,1667 866,1667 912,1667 927,1666 1125,1666 1148,1665 1314,1665 1328,1670 1384,1670 1398,1664 1489,1664 1489,1702 1398,1702 1384,1694 1328,1694 1314,1703 1148,1703 1125,1704 927,1704 912,1699 866,1699 851,1706 745,1706 729,1700 674,1700 660,1705 530,1705 515,1707 400,1707 386,1709 268,1709 268,1667"/>
<Baseline points="268,1709 386,1709 400,1707 515,1707 530,1705 660,1705 674,1700 729,1700 745,1706 851,1706 866,1699 912,1699 927,1704 1125,1704 1148,1703 1314,1703 1328,1694 1384,1694 1398,1702 1489,1702"/>
<TextEquiv><Unicode>ſchaften weithin zerſtreut von Görlitz bis Langenſalza, abgetrennt von ihrem</Unicode></TextEquiv>
</TextLine>

<TextLine id="line_31">
<Coords points="267,1714 442,1714 464,1712 682,1712 710,1716 774,1716 795,1712 1031,1712 1053,1713 1107,1713 1129,1710 1172,1710 1195,1709 1322,1709 1349,1708 1489,1708 1489,1747 1349,1747 1322,1748 1195,1748 1172,1741 1129,1741 1107,1742 1053,1742 1031,1753 795,1753 774,1748 710,1748 682,1756 464,1756 442,1757 267,1757 267,1714"/>
<Baseline points="267,1757 442,1757 464,1756 682,1756 710,1748 774,1748 795,1753 1031,1753 1053,1742 1107,1742 1129,1741 1172,1741 1195,1748 1322,1748 1349,1747 1489,1747"/>
<TextEquiv><Unicode>natürlichen Mittelpunkte, dem Meißnerlande, das bei Sachſen geblieben</Unicode></TextEquiv>
</TextLine>

<TextLine id="line_32">
<Coords points="267,1772 338,1772 381,1763 440,1763 462,1760 626,1760 647,1763 766,1763 788,1762 875,1762 897,1760 964,1760 987,1759 1129,1759 1152,1756 1340,1756 1363,1756 1405,1756 1427,1758 1490,1758 1490,1790 1427,1790 1405,1788 1363,1788 1340,1796 1152,1796 1129,1797 987,1797 964,1799 897,1799 875,1802 788,1802 766,1803 647,1803 626,1801 462,1801 440,1797 381,1797 338,1799 267,1799 267,1772"/>
<Baseline points="267,1799 338,1799 381,1797 440,1797 462,1801 626,1801 647,1803 766,1803 788,1802 875,1802 897,1799 964,1799 987,1797 1129,1797 1152,1796 1340,1796 1363,1788 1405,1788 1427,1790 1490,1790"/>
<TextEquiv><Unicode>war. Die Regierung beſchloß daher nach längerem Schwanken, die weit</Unicode></TextEquiv>
</TextLine>

<TextLine id="line_33">
<Coords points="267,1814 335,1814 350,1813 443,1813 464,1807 626,1807 647,1809 846,1809 867,1807 920,1807 934,1805 1160,1805 1182,1804 1224,1804 1239,1803 1416,1803 1437,1805 1491,1805 1491,1836 1437,1836 1416,1844 1239,1844 1224,1836 1182,1836 1160,1844 934,1844 920,1840 867,1840 846,1850 647,1850 626,1848 464,1848 443,1853 350,1853 335,1854 267,1854 267,1814"/>
<Baseline points="267,1854 335,1854 350,1853 443,1853 464,1848 626,1848 647,1850 846,1850 867,1840 920,1840 934,1844 1160,1844 1182,1836 1224,1836 1239,1844 1416,1844 1437,1836 1491,1836"/>
<TextEquiv><Unicode>nach Oſten abgelegene Niederlauſitz mit Brandenburg, die Oberlauſitz mit</Unicode></TextEquiv>
</TextLine>

<TextLine id="line_34">
<Coords points="270,1861 417,1861 432,1867 467,1867 489,1855 642,1855 657,1865 699,1865 699,1857 880,1857 901,1855 944,1855 960,1854 1077,1854 1093,1852 1195,1852 1216,1854 1266,1854 1281,1852 1490,1852 1490,1894 1281,1894 1266,1885 1216,1885 1195,1886 1093,1886 1077,1894 960,1894 944,1888 901,1888 880,1897 699,1897 699,1890 657,1890 642,1889 489,1889 467,1901 432,1901 417,1902 270,1902 270,1861"/>
<Baseline points="270,1902 417,1902 432,1901 467,1901 489,1889 642,1889 657,1890 699,1890 699,1897 880,1897 901,1888 944,1888 960,1894 1077,1894 1093,1886 1195,1886 1216,1885 1266,1885 1281,1894 1490,1894"/>
<TextEquiv><Unicode>Schleſien zu verbinden und vereinigte die übrigen Stücke des Herzogthums</Unicode></TextEquiv>
</TextLine>

<TextLine id="line_35">
<Coords points="270,1908 400,1908 413,1907 467,1907 481,1907 529,1907 541,1901 677,1901 690,1905 754,1905 765,1903 956,1903 971,1901 1154,1901 1172,1902 1232,1902 1246,1902 1309,1902 1323,1900 1490,1900 1490,1939 1323,1939 1309,1932 1246,1932 1232,1933 1172,1933 1154,1941 971,1941 956,1946 765,1946 754,1938 690,1938 677,1944 541,1944 529,1938 481,1938 467,1941 413,1941 400,1949 270,1949 270,1908"/>
<Baseline points="270,1949 400,1949 413,1941 467,1941 481,1938 529,1938 541,1944 677,1944 690,1938 754,1938 765,1946 956,1946 971,1941 1154,1941 1172,1933 1232,1933 1246,1932 1309,1932 1323,1939 1490,1939"/>
<TextEquiv><Unicode>Sachſen mit der Altmark, dem Herzogthum Magdeburg und dem kurmainzi-</Unicode></TextEquiv>
</TextLine>

<TextLine id="line_36">
<Coords points="268,1956 344,1956 359,1954 513,1954 529,1958 563,1958 582,1948 659,1948 672,1958 766,1958 781,1951 916,1951 954,1950 1005,1950 1020,1950 1116,1950 1130,1948 1173,1948 1188,1947 1318,1947 1333,1945 1489,1945 1489,1986 1333,1986 1318,1979 1188,1979 1173,1979 1130,1979 1116,1981 1020,1981 1005,1982 954,1982 916,1991 781,1991 766,1985 672,1985 659,1982 582,1982 563,1992 529,1992 513,1996 359,1996 344,1996 268,1996 268,1956"/>
<Baseline points="268,1996 344,1996 359,1996 513,1996 529,1992 563,1992 582,1982 659,1982 672,1985 766,1985 781,1991 916,1991 954,1982 1005,1982 1020,1981 1116,1981 1130,1979 1173,1979 1188,1979 1318,1979 1333,1986 1489,1986"/>
<TextEquiv><Unicode>ſchen Eichsfelde zu einer neuen Provinz. So kamen die vormals ſächſiſchen</Unicode></TextEquiv>
</TextLine>

<TextLine id="line_37">
<Coords points="270,2002 465,2002 480,2010 520,2010 534,1996 595,1996 609,1997 770,1997 786,2000 846,2000 861,1999 933,1999 944,1994 1235,1994 1261,1993 1337,1993 1348,1992 1489,1992 1489,2031 1348,2031 1337,2024 1261,2024 1235,2036 944,2036 933,2038 861,2038 846,2031 786,2031 770,2039 609,2039 595,2031 534,2031 520,2035 480,2035 465,2044 270,2044 270,2002"/>
<Baseline points="270,2044 465,2044 480,2035 520,2035 534,2031 595,2031 609,2039 770,2039 786,2031 846,2031 861,2038 933,2038 944,2036 1235,2036 1261,2024 1337,2024 1348,2031 1489,2031"/>
<TextEquiv><Unicode>Landestheile an drei Provinzen und ſechs Regierungsbezirke. Was Wunder,</Unicode></TextEquiv>
</TextLine>

<TextLine id="line_38">
<Coords points="270,2050 326,2050 340,2051 377,2051 391,2050 456,2050 469,2049 578,2049 600,2045 660,2045 681,2046 734,2046 756,2055 864,2055 880,2045 1015,2045 1029,2045 1078,2045 1092,2041 1237,2041 1251,2040 1328,2040 1344,2040 1491,2040 1491,2082 1344,2082 1328,2080 1251,2080 1237,2082 1092,2082 1078,2076 1029,2076 1015,2084 880,2084 864,2086 756,2086 734,2077 681,2077 660,2077 600,2077 578,2089 469,2089 456,2084 391,2084 377,2091 340,2091 326,2090 270,2090 270,2050"/>
<Baseline points="270,2090 326,2090 340,2091 377,2091 391,2084 456,2084 469,2089 578,2089 600,2077 660,2077 681,2077 734,2077 756,2086 864,2086 880,2084 1015,2084 1029,2076 1078,2076 1092,2082 1237,2082 1251,2080 1328,2080 1344,2082 1491,2082"/>
<TextEquiv><Unicode>daß ſie laut klagten und den ganzen Schmerz der Theilung ihres Heimath-</Unicode></TextEquiv>
</TextLine>

<TextLine id="line_39">
<Coords points="269,2097 373,2097 401,2098 467,2098 497,2092 605,2092 627,2100 661,2100 683,2093 792,2093 814,2094 959,2094 1001,2091 1060,2091 1081,2089 1184,2089 1211,2089 1272,2089 1293,2087 1490,2087 1490,2130 1293,2130 1272,2119 1211,2119 1184,2122 1081,2122 1060,2123 1001,2123 959,2133 814,2133 792,2126 683,2126 661,2132 627,2132 605,2129 497,2129 467,2137 401,2137 373,2131 269,2131 269,2097"/>
<Baseline points="269,2131 373,2131 401,2137 467,2137 497,2129 605,2129 627,2132 661,2132 683,2126 792,2126 814,2133 959,2133 1001,2123 1060,2123 1081,2122 1184,2122 1211,2119 1272,2119 1293,2130 1490,2130"/>
<TextEquiv><Unicode>landes noch einmal zu erleben glaubten. Die Bitten und Beſchwerden</Unicode></TextEquiv>
</TextLine>

</TextRegion>
<TextRegion id="block_1" custom="structure {type:pageNum;}">
<Coords points="255,186 255,216 316,216 316,186 255,186"/>
<TextLine id="line_40">
<Coords points="255,186 316,186 316,216 255,216 255,186"/>
<Baseline points="255,216 316,216"/>
<TextEquiv><Unicode>196</Unicode></TextEquiv>
</TextLine>

</TextRegion>
<TextRegion id="block_2" custom="structure {type:header;}">
<Coords points="491,181 491,219 1241,219 1241,181 491,181"/>
<TextLine id="line_41">
<Coords points="491,186 525,186 544,189 568,189 586,186 635,186 652,182 884,182 902,184 944,184 961,182 1106,182 1125,181 1241,181 1241,209 1125,209 1106,216 961,216 944,211 902,211 884,219 652,219 635,214 586,214 568,212 544,212 525,212 491,212 491,186"/>
<Baseline points="491,212 525,212 544,212 568,212 586,214 635,214 652,219 884,219 902,211 944,211 961,216 1106,216 1125,209 1241,209"/>
<TextEquiv><Unicode>II. 5. Die Wiederherſtellung des preußiſchen Staates.</Unicode></TextEquiv>
</TextLine>

</TextRegion>
<TextRegion id="block_3" custom="structure {type:note;}">
<Coords points="382,2167 382,2209 382,2208 382,2247 378,2245 378,2287 1405,2287 1405,2245 1166,2245 1166,2247 1166,2208 1243,2208 1243,2209 1243,2167 382,2167"/>
<TextLine id="line_42">
<Coords points="382,2175 490,2175 506,2175 546,2175 564,2171 645,2171 662,2169 765,2169 782,2177 816,2177 832,2169 995,2169 1015,2171 1038,2171 1057,2167 1150,2167 1171,2167 1243,2167 1243,2191 1171,2191 1150,2195 1057,2195 1038,2194 1015,2194 995,2203 832,2203 816,2197 782,2197 765,2201 662,2201 645,2201 564,2201 546,2201 506,2201 490,2209 382,2209 382,2175"/>
<Baseline points="382,2209 490,2209 506,2201 546,2201 564,2201 645,2201 662,2201 765,2201 782,2197 816,2197 832,2203 995,2203 1015,2194 1038,2194 1057,2195 1150,2195 1171,2191 1243,2191"/>
<TextEquiv><Unicode>Eingabe der Stadt Herford an Hardenberg, 6. Novbr. 1816.</Unicode></TextEquiv>
</TextLine>

<TextLine id="line_43">
<Coords points="382,2214 561,2214 578,2210 673,2210 689,2215 723,2215 740,2209 901,2209 922,2211 960,2211 979,2208 1073,2208 1095,2208 1166,2208 1166,2232 1095,2232 1073,2235 979,2235 960,2234 922,2234 901,2243 740,2243 723,2235 689,2235 673,2242 578,2242 561,2247 382,2247 382,2214"/>
<Baseline points="382,2247 561,2247 578,2242 673,2242 689,2235 723,2235 740,2243 901,2243 922,2234 960,2234 979,2235 1073,2235 1095,2232 1166,2232"/>
<TextEquiv><Unicode>Schuckmanns Bericht an Hardenberg, 15. Novbr. 1815.</Unicode></TextEquiv>
</TextLine>

<TextLine id="line_44">
<Coords points="378,2252 487,2252 502,2252 543,2252 561,2248 730,2248 748,2247 847,2247 863,2255 896,2255 913,2248 957,2248 976,2245 1171,2245 1191,2245 1231,2245 1249,2245 1315,2245 1335,2247 1405,2247 1405,2271 1335,2271 1315,2275 1249,2275 1231,2271 1191,2271 1171,2279 976,2279 957,2274 913,2274 896,2275 863,2275 847,2275 748,2275 730,2282 561,2282 543,2279 502,2279 487,2287 378,2287 378,2252"/>
<Baseline points="378,2287 487,2287 502,2279 543,2279 561,2282 730,2282 748,2275 847,2275 863,2275 896,2275 913,2274 957,2274 976,2279 1171,2279 1191,2271 1231,2271 1249,2275 1315,2275 1335,2271 1405,2271"/>
<TextEquiv><Unicode>Eingabe der Oberlauſitzer Stände an den Staatskanzler, 28. Juni 1815.</Unicode></TextEquiv>
</TextLine>

</TextRegion>
</Page>
</PcGts>