<?xml version="1.0" encoding="UTF-8"?>
<PcGts xmlns="http://schema.primaresearch.org/PAGE/gts/pagecontent/2019-07-15" xmlns:xsi="http://www.w3.org/2001/XMLSchema-instance" xsi:schemaLocation="http://schema.primaresearch.org/PAGE/gts/pagecontent/2019-07-15 http://schema.primaresearch.org/PAGE/gts/pagecontent/2019-07-15/pagecontent.xsd">
<Metadata>
<Creator>regJS2PAGE.py</Creator>
<Created>2021-02-16T11:02:37.388436</Created>
<LastChange>2021-02-16T11:02:37.388436</LastChange>
</Metadata>
<Page imageFilename="tmp/treitschke_geschichte04_1889_0119.png" imageWidth="1600" imageHeight="2516">
<TextRegion id="block_0" custom="structure {type:header;}">
<Coords points="515,176 515,215 873,215 873,176 515,176"/>
<TextLine id="line_0">
<Coords points="515,181 608,181 626,178 688,178 704,178 731,178 749,176 873,176 873,211 749,211 731,204 704,204 688,207 626,207 608,215 515,215 515,181"/>
<Baseline points="515,215 608,215 626,207 688,207 704,204 731,204 749,211 873,211"/>
<TextEquiv><Unicode>Herzog Karl in England.</Unicode></TextEquiv>
</TextLine>

</TextRegion>
<TextRegion id="block_1" custom="structure {type:body;}">
<Coords points="77,250 77,305 76,301 76,353 77,345 77,401 76,396 76,447 77,440 77,495 75,493 75,542 76,535 76,589 76,580 76,637 76,633 76,685 77,679 77,731 76,730 76,781 76,772 76,829 77,820 77,875 76,869 76,925 77,921 77,971 78,965 78,1020 78,1013 78,1068 77,1064 77,1100 77,1116 159,1116 159,1160 159,1154 77,1154 77,1205 78,1211 78,1252 79,1254 79,1300 78,1301 78,1346 77,1349 77,1397 76,1397 76,1447 76,1444 76,1496 78,1494 78,1545 79,1540 79,1597 80,1593 80,1645 79,1637 79,1694 79,1683 79,1735 79,1739 162,1739 162,1788 162,1776 80,1776 80,1840 81,1827 81,1889 82,1874 82,1937 82,1921 82,1986 82,1977 82,2035 83,2026 83,2083 1333,2083 1333,2026 1332,2035 1332,1977 1333,1986 1333,1921 1332,1937 1332,1874 1333,1889 1333,1827 1332,1840 1332,1776 1332,1788 1332,1739 874,1739 874,1735 874,1683 1332,1683 1332,1694 1332,1637 1332,1645 1332,1593 1332,1597 1332,1540 1331,1545 1331,1494 1330,1496 1330,1444 1331,1447 1331,1397 1331,1397 1331,1349 1330,1346 1330,1301 1329,1300 1329,1254 1331,1252 1331,1211 1331,1205 1331,1154 1329,1160 1329,1116 196,1116 196,1100 196,1064 1329,1064 1329,1068 1329,1013 1330,1020 1330,965 1329,971 1329,921 1329,925 1329,869 1329,875 1329,820 1327,829 1327,772 1327,781 1327,730 1326,731 1326,679 1326,685 1326,633 1325,637 1325,580 1326,589 1326,535 1326,542 1326,493 1324,495 1324,440 1325,447 1325,396 1325,401 1325,345 1325,353 1325,301 1324,305 1324,250 77,250"/>
<TextLine id="line_1">
<Coords points="77,250 230,250 268,260 361,260 377,264 519,264 534,265 588,265 604,264 722,264 737,261 787,261 803,260 853,260 868,261 1005,261 1027,262 1096,262 1114,262 1169,262 1185,261 1324,261 1324,301 1185,301 1169,293 1114,293 1096,293 1027,293 1005,300 868,300 853,299 803,299 787,301 737,301 722,301 604,301 588,296 534,296 519,305 377,305 361,302 268,302 230,295 77,295 77,250"/>
<Baseline points="77,295 230,295 268,302 361,302 377,305 519,305 534,296 588,296 604,301 722,301 737,301 787,301 803,299 853,299 868,300 1005,300 1027,293 1096,293 1114,293 1169,293 1185,301 1324,301"/>
<TextEquiv><Unicode>ſchaffen. König Wilhelm IV. äußerte ſich tief entrüſtet über den Aufruhr</Unicode></TextEquiv>
</TextLine>

<TextLine id="line_2">
<Coords points="76,301 135,301 155,304 199,304 221,308 284,308 307,311 459,311 475,311 574,311 597,310 760,310 776,309 928,309 965,308 1032,308 1051,309 1232,309 1247,308 1325,308 1325,350 1247,350 1232,348 1051,348 1032,340 965,340 928,347 776,347 760,351 597,351 574,353 475,353 459,352 307,352 284,340 221,340 199,337 155,337 135,333 76,333 76,301"/>
<Baseline points="76,333 135,333 155,337 199,337 221,340 284,340 307,352 459,352 475,353 574,353 597,351 760,351 776,347 928,347 965,340 1032,340 1051,348 1232,348 1247,350 1325,350"/>
<TextEquiv><Unicode>und die dem welfiſchen Hauſe angethane Schmach. Der gutmüthige Herr</Unicode></TextEquiv>
</TextLine>

<TextLine id="line_3">
<Coords points="77,345 169,345 189,354 244,354 261,355 328,355 352,359 445,359 469,361 666,361 689,358 830,358 852,364 938,364 954,355 1066,355 1081,356 1155,356 1177,358 1325,358 1325,396 1177,396 1155,388 1081,388 1066,395 954,395 938,395 852,395 830,391 689,391 666,400 469,400 445,398 352,398 328,397 261,397 244,386 189,386 169,401 77,401 77,345"/>
<Baseline points="77,401 169,401 189,386 244,386 261,397 328,397 352,398 445,398 469,400 666,400 689,391 830,391 852,395 938,395 954,395 1066,395 1081,388 1155,388 1177,396 1325,396"/>
<TextEquiv><Unicode>theilte den Haß ſeines verſtorbenen Bruders gegen Herzog Karl durchaus</Unicode></TextEquiv>
</TextLine>

<TextLine id="line_4">
<Coords points="76,396 155,396 177,402 300,402 324,408 452,408 473,409 528,409 544,406 707,406 729,404 938,404 962,403 1011,403 1031,403 1120,403 1142,404 1194,404 1216,404 1325,404 1325,443 1216,443 1194,443 1142,443 1120,442 1031,442 1011,435 962,435 938,444 729,444 707,447 544,447 528,440 473,440 452,447 324,447 300,440 177,440 155,438 76,438 76,396"/>
<Baseline points="76,438 155,438 177,440 300,440 324,447 452,447 473,440 528,440 544,447 707,447 729,444 938,444 962,435 1011,435 1031,442 1120,442 1142,443 1194,443 1216,443 1325,443"/>
<TextEquiv><Unicode>nicht, ſondern empfing den Flüchtling wohlwollend, als dieſer ihn wenige</Unicode></TextEquiv>
</TextLine>

<TextLine id="line_5">
<Coords points="77,440 155,440 176,451 244,451 267,453 316,453 338,454 482,454 510,456 552,456 575,454 714,454 742,461 776,461 800,451 950,451 974,450 1129,450 1174,452 1250,452 1272,452 1324,452 1324,482 1272,482 1250,483 1174,483 1129,489 974,489 950,490 800,490 776,492 742,492 714,494 575,494 552,487 510,487 482,495 338,495 316,484 267,484 244,490 176,490 155,484 77,484 77,440"/>
<Baseline points="77,484 155,484 176,490 244,490 267,484 316,484 338,495 482,495 510,487 552,487 575,494 714,494 742,492 776,492 800,490 950,490 974,489 1129,489 1174,483 1250,483 1272,482 1324,482"/>
<TextEquiv><Unicode>Tage nach der Landung im Pavillon zu Brighton aufſuchte. Aber wie</Unicode></TextEquiv>
</TextLine>

<TextLine id="line_6">
<Coords points="75,493 142,493 164,500 227,500 247,499 306,499 329,501 524,501 554,504 593,504 615,511 645,511 667,510 732,510 761,501 816,501 838,498 1032,498 1056,498 1250,498 1281,498 1326,498 1326,529 1281,529 1250,536 1056,536 1032,538 838,538 816,530 761,530 732,533 667,533 645,533 615,533 593,534 554,534 524,542 329,542 306,537 247,537 227,529 164,529 142,530 75,530 75,493"/>
<Baseline points="75,530 142,530 164,529 227,529 247,537 306,537 329,542 524,542 554,534 593,534 615,533 645,533 667,533 732,533 761,530 816,530 838,538 1032,538 1056,536 1250,536 1281,529 1326,529"/>
<TextEquiv><Unicode>groß war ſein Befremden, da er nun den geckenhaften Uebermuth, die</Unicode></TextEquiv>
</TextLine>

<TextLine id="line_7">
<Coords points="76,535 220,535 235,547 441,547 456,550 548,550 564,550 668,550 691,548 799,548 815,546 917,546 955,544 1028,544 1044,544 1122,544 1138,545 1205,545 1220,545 1326,545 1326,577 1220,577 1205,584 1138,584 1122,584 1044,584 1028,577 955,577 917,577 815,577 799,579 691,579 668,589 564,589 548,589 456,589 441,588 235,588 220,582 76,582 76,535"/>
<Baseline points="76,582 220,582 235,588 441,588 456,589 548,589 564,589 668,589 691,579 799,579 815,577 917,577 955,577 1028,577 1044,584 1122,584 1138,584 1205,584 1220,577 1326,577"/>
<TextEquiv><Unicode>ſchamloſe Verlogenheit ſeines Neffen kennen lernte. Karl hatte noch immer</Unicode></TextEquiv>
</TextLine>

<TextLine id="line_8">
<Coords points="76,580 147,580 168,590 299,590 322,601 379,601 401,599 465,599 488,598 576,598 598,597 689,597 711,596 799,596 822,602 852,602 875,593 963,593 984,592 1143,592 1173,593 1258,593 1281,592 1325,592 1325,623 1281,623 1258,632 1173,632 1143,630 984,630 963,632 875,632 852,625 822,625 799,633 711,633 689,637 598,637 576,634 488,634 465,629 401,629 379,627 322,627 299,633 168,633 147,618 76,618 76,580"/>
<Baseline points="76,618 147,618 168,633 299,633 322,627 379,627 401,629 465,629 488,634 576,634 598,637 689,637 711,633 799,633 822,625 852,625 875,632 963,632 984,630 1143,630 1173,632 1258,632 1281,623 1325,623"/>
<TextEquiv><Unicode>keine Ahnung von dem Ernſt ſeiner Lage; er hoffte beſtimmt, durch die</Unicode></TextEquiv>
</TextLine>

<TextLine id="line_9">
<Coords points="76,633 178,633 202,637 333,637 363,644 449,644 476,644 556,644 585,653 615,653 644,642 820,642 851,640 969,640 999,640 1101,640 1130,639 1269,639 1291,648 1326,648 1326,679 1291,679 1269,679 1130,679 1101,671 999,671 969,671 851,671 820,682 644,682 615,675 585,675 556,685 476,685 449,675 363,675 333,681 202,681 178,670 76,670 76,633"/>
<Baseline points="76,670 178,670 202,681 333,681 363,675 449,675 476,685 556,685 585,675 615,675 644,682 820,682 851,671 969,671 999,671 1101,671 1130,679 1269,679 1291,679 1326,679"/>
<TextEquiv><Unicode>großen Mächte, deren Hilfe er angerufen, alsbald wieder eingeſetzt zu</Unicode></TextEquiv>
</TextLine>

<TextLine id="line_10">
<Coords points="77,679 195,679 218,689 280,689 303,690 424,690 447,692 552,692 569,691 678,691 700,690 828,690 852,696 912,696 931,691 989,691 1005,687 1093,687 1117,696 1177,696 1199,697 1252,697 1274,688 1326,688 1326,727 1274,727 1252,720 1199,720 1177,720 1117,720 1093,727 1005,727 989,719 931,719 912,719 852,719 828,728 700,728 678,731 569,731 552,731 447,731 424,730 303,730 280,719 218,719 195,731 77,731 77,679"/>
<Baseline points="77,731 195,731 218,719 280,719 303,730 424,730 447,731 552,731 569,731 678,731 700,728 828,728 852,719 912,719 931,719 989,719 1005,727 1093,727 1117,720 1177,720 1199,720 1252,720 1274,727 1326,727"/>
<TextEquiv><Unicode>werden, und erzählte ſeinem Oheim lachend: nur aus Liebe, nur um ihn</Unicode></TextEquiv>
</TextLine>

<TextLine id="line_11">
<Coords points="76,732 116,732 131,730 223,730 244,744 280,744 294,737 428,737 452,741 513,741 532,739 606,739 617,739 722,739 743,736 936,736 959,735 1091,735 1108,736 1191,736 1213,745 1248,745 1264,743 1327,743 1327,768 1264,768 1248,777 1213,777 1191,776 1108,776 1091,776 959,776 936,776 743,776 722,778 617,778 606,780 532,780 513,772 452,772 428,777 294,777 280,775 244,775 223,766 131,766 116,781 76,781 76,732"/>
<Baseline points="76,781 116,781 131,766 223,766 244,775 280,775 294,777 428,777 452,772 513,772 532,780 606,780 617,778 722,778 743,776 936,776 959,776 1091,776 1108,776 1191,776 1213,777 1248,777 1264,768 1327,768"/>
<TextEquiv><Unicode>im Lande zu behalten und ſeine längſt beabſichtigte engliſche Reiſe zu ver-</Unicode></TextEquiv>
</TextLine>

<TextLine id="line_12">
<Coords points="76,772 196,772 219,783 317,783 333,786 395,786 410,787 454,787 469,786 727,786 749,785 808,785 824,785 935,785 955,784 1187,784 1225,785 1327,785 1327,825 1225,825 1187,825 955,825 935,822 824,822 808,825 749,825 727,827 469,827 454,819 410,819 395,825 333,825 317,823 219,823 196,829 76,829 76,772"/>
<Baseline points="76,829 196,829 219,823 317,823 333,825 395,825 410,819 454,819 469,827 727,827 749,825 808,825 824,822 935,822 955,825 1187,825 1225,825 1327,825"/>
<TextEquiv><Unicode>hindern hätten ihm die Braunſchweiger ſein Schloß angezündet. Durch</Unicode></TextEquiv>
</TextLine>

<TextLine id="line_13">
<Coords points="77,820 118,820 142,830 295,830 319,833 460,833 488,836 542,836 571,844 601,844 626,834 676,834 705,833 790,833 819,834 954,834 984,833 1089,833 1112,834 1250,834 1279,834 1329,834 1329,864 1279,864 1250,872 1112,872 1089,872 984,872 954,872 819,872 790,871 705,871 676,874 626,874 601,867 571,867 542,875 488,875 460,875 319,875 295,872 142,872 118,874 77,874 77,820"/>
<Baseline points="77,874 118,874 142,872 295,872 319,875 460,875 488,875 542,875 571,867 601,867 626,874 676,874 705,871 790,871 819,872 954,872 984,872 1089,872 1112,872 1250,872 1279,864 1329,864"/>
<TextEquiv><Unicode>die engliſchen Miniſter ließ er ſich indeß bereden, ſeinem Bruder, der</Unicode></TextEquiv>
</TextLine>

<TextLine id="line_14">
<Coords points="76,869 136,869 157,876 226,876 248,881 322,881 344,882 518,882 540,882 736,882 757,881 874,881 896,883 1044,883 1068,882 1244,882 1267,881 1329,881 1329,913 1267,913 1244,922 1068,922 1044,923 896,923 874,920 757,920 736,924 540,924 518,924 344,924 322,913 248,913 226,911 157,911 136,925 76,925 76,869"/>
<Baseline points="76,925 136,925 157,911 226,911 248,913 322,913 344,924 518,924 540,924 736,924 757,920 874,920 896,923 1044,923 1068,922 1244,922 1267,913 1329,913"/>
<TextEquiv><Unicode>ihm über alles Geſchehene gewiſſenhaft Bericht erſtattete, mindeſtens eine</Unicode></TextEquiv>
</TextLine>

<TextLine id="line_15">
<Coords points="77,921 280,921 302,930 465,930 493,941 529,941 552,931 690,931 719,932 781,932 806,931 924,931 953,930 1064,930 1087,930 1228,930 1251,930 1329,930 1329,969 1251,969 1228,969 1087,969 1064,971 953,971 924,970 806,970 781,968 719,968 690,971 552,971 529,971 493,971 465,971 302,971 280,968 77,968 77,921"/>
<Baseline points="77,968 280,968 302,971 465,971 493,971 529,971 552,971 690,971 719,968 781,968 806,970 924,970 953,971 1064,971 1087,969 1228,969 1251,969 1329,969"/>
<TextEquiv><Unicode>widerrufliche Vollmacht zu ertheilen (21. Sept.): Herzog Wilhelm ſollte</Unicode></TextEquiv>
</TextLine>

<TextLine id="line_16">
<Coords points="78,965 125,965 147,971 464,971 486,979 633,979 654,979 698,979 721,978 891,978 914,978 1035,978 1066,978 1155,978 1179,986 1239,986 1262,984 1330,984 1330,1017 1262,1017 1239,1010 1179,1010 1155,1018 1066,1018 1035,1019 914,1019 891,1019 721,1019 698,1011 654,1011 633,1020 486,1020 464,1016 147,1016 125,999 78,999 78,965"/>
<Baseline points="78,999 125,999 147,1016 464,1016 486,1020 633,1020 654,1011 698,1011 721,1019 891,1019 914,1019 1035,1019 1066,1018 1155,1018 1179,1010 1239,1010 1262,1017 1330,1017"/>
<TextEquiv><Unicode>als Generalgouverneur vorläufig die Regierung führen, jedoch nur pro-</Unicode></TextEquiv>
</TextLine>

<TextLine id="line_17">
<Coords points="78,1013 216,1013 231,1023 454,1023 479,1028 655,1028 679,1028 741,1028 758,1036 798,1036 814,1028 868,1028 886,1027 1067,1027 1084,1026 1214,1026 1237,1025 1329,1025 1329,1065 1237,1065 1214,1066 1084,1066 1067,1067 886,1067 868,1059 814,1059 798,1059 758,1059 741,1060 679,1060 655,1068 479,1068 454,1066 231,1066 216,1068 78,1068 78,1013"/>
<Baseline points="78,1068 216,1068 231,1066 454,1066 479,1068 655,1068 679,1060 741,1060 758,1059 798,1059 814,1059 868,1059 886,1067 1067,1067 1084,1066 1214,1066 1237,1065 1329,1065"/>
<TextEquiv><Unicode>viſoriſche Ernennungen vornehmen und an den organiſchen Geſetzen nichts</Unicode></TextEquiv>
</TextLine>

<TextLine id="line_18">
<Coords points="77,1064 196,1064 196,1100 77,1100 77,1064"/>
<Baseline points="77,1100 196,1100"/>
<TextEquiv><Unicode>ändern.</Unicode></TextEquiv>
</TextLine>

<TextLine id="line_19">
<Coords points="159,1116 235,1116 256,1119 338,1119 361,1120 422,1120 443,1120 601,1120 623,1121 709,1121 737,1120 834,1120 857,1121 1037,1121 1065,1120 1116,1120 1137,1120 1329,1120 1329,1158 1137,1158 1116,1151 1065,1151 1037,1157 857,1157 834,1158 737,1158 709,1152 623,1152 601,1160 443,1160 422,1151 361,1151 338,1159 256,1159 235,1149 159,1149 159,1116"/>
<Baseline points="159,1149 235,1149 256,1159 338,1159 361,1151 422,1151 443,1160 601,1160 623,1152 709,1152 737,1158 834,1158 857,1157 1037,1157 1065,1151 1116,1151 1137,1158 1329,1158"/>
<TextEquiv><Unicode>Aber welch eine lächerliche Rolle ſpielte unterdeſſen der Bundestag.</Unicode></TextEquiv>
</TextLine>

<TextLine id="line_20">
<Coords points="77,1154 135,1154 156,1163 397,1163 426,1167 496,1167 523,1168 579,1168 604,1165 878,1165 909,1166 1022,1166 1044,1167 1099,1167 1122,1165 1234,1165 1255,1165 1331,1165 1331,1197 1255,1197 1234,1204 1122,1204 1099,1196 1044,1196 1022,1204 909,1204 878,1204 604,1204 579,1197 523,1197 496,1198 426,1198 397,1205 156,1205 135,1191 77,1191 77,1154"/>
<Baseline points="77,1191 135,1191 156,1205 397,1205 426,1198 496,1198 523,1197 579,1197 604,1204 878,1204 909,1204 1022,1204 1044,1196 1099,1196 1122,1204 1234,1204 1255,1197 1331,1197"/>
<TextEquiv><Unicode>Die Abſtimmungen über den Bundesbeſchluß, welcher den Herzog Karl</Unicode></TextEquiv>
</TextLine>

<TextLine id="line_21">
<Coords points="78,1212 130,1212 145,1211 362,1211 383,1215 433,1215 448,1221 544,1221 560,1212 741,1212 763,1211 899,1211 916,1212 1003,1212 1026,1216 1124,1216 1140,1213 1207,1213 1224,1212 1331,1212 1331,1243 1224,1243 1207,1249 1140,1249 1124,1241 1026,1241 1003,1248 916,1248 899,1249 763,1249 741,1250 560,1250 544,1244 448,1244 433,1245 383,1245 362,1252 145,1252 130,1243 78,1243 78,1212"/>
<Baseline points="78,1243 130,1243 145,1252 362,1252 383,1245 433,1245 448,1244 544,1244 560,1250 741,1250 763,1249 899,1249 916,1248 1003,1248 1026,1241 1124,1241 1140,1249 1207,1249 1224,1243 1331,1243"/>
<TextEquiv><Unicode>zur Anerkennung der neuen Verfaſſung nöthigen ſollte, waren noch immer</Unicode></TextEquiv>
</TextLine>

<TextLine id="line_22">
<Coords points="79,1254 152,1254 174,1260 229,1260 252,1260 451,1260 473,1261 510,1261 526,1260 589,1260 605,1259 683,1259 698,1257 743,1257 757,1257 905,1257 928,1263 984,1263 999,1258 1049,1258 1064,1257 1264,1257 1278,1260 1329,1260 1329,1291 1278,1291 1264,1298 1064,1298 1049,1288 999,1288 984,1288 928,1288 905,1296 757,1296 743,1288 698,1288 683,1297 605,1297 589,1291 526,1291 510,1291 473,1291 451,1300 252,1300 229,1291 174,1291 152,1296 79,1296 79,1254"/>
<Baseline points="79,1296 152,1296 174,1291 229,1291 252,1300 451,1300 473,1291 510,1291 526,1291 589,1291 605,1297 683,1297 698,1288 743,1288 757,1296 905,1296 928,1288 984,1288 999,1288 1049,1288 1064,1298 1264,1298 1278,1291 1329,1291"/>
<TextEquiv><Unicode>nicht alle eingelaufen; da kam ſchon die Nachricht von der Vertreibung des</Unicode></TextEquiv>
</TextLine>

<TextLine id="line_23">
<Coords points="78,1301 263,1301 300,1306 537,1306 560,1311 623,1311 644,1306 694,1306 717,1304 881,1304 918,1304 981,1304 1004,1304 1127,1304 1149,1307 1205,1307 1229,1307 1330,1307 1330,1341 1229,1341 1205,1346 1149,1346 1127,1345 1004,1345 981,1335 918,1335 881,1341 717,1341 694,1335 644,1335 623,1336 560,1336 537,1346 300,1346 263,1344 78,1344 78,1301"/>
<Baseline points="78,1344 263,1344 300,1346 537,1346 560,1336 623,1336 644,1335 694,1335 717,1341 881,1341 918,1335 981,1335 1004,1345 1127,1345 1149,1346 1205,1346 1229,1341 1330,1341"/>
<TextEquiv><Unicode>Böſewichts. Unbeſchreiblich war der Schrecken. Alle fühlten, daß Karl’s</Unicode></TextEquiv>
</TextLine>

<TextLine id="line_24">
<Coords points="77,1349 176,1349 204,1351 455,1351 484,1353 546,1353 569,1350 806,1350 829,1350 875,1350 920,1351 1000,1351 1023,1354 1051,1354 1081,1354 1213,1354 1236,1358 1331,1358 1331,1391 1236,1391 1213,1397 1081,1397 1051,1394 1023,1394 1000,1393 920,1393 875,1390 829,1390 806,1390 569,1390 546,1383 484,1383 455,1391 204,1391 176,1389 77,1389 77,1349"/>
<Baseline points="77,1389 176,1389 204,1391 455,1391 484,1383 546,1383 569,1390 806,1390 829,1390 875,1390 920,1393 1000,1393 1023,1394 1051,1394 1081,1397 1213,1397 1236,1391 1331,1391"/>
<TextEquiv><Unicode>Sturz ſelbſtverſchuldet und unwiderruflich ſei. Doch ſo leichthin wollte</Unicode></TextEquiv>
</TextLine>

<TextLine id="line_25">
<Coords points="76,1397 247,1397 270,1398 365,1398 388,1398 555,1398 576,1398 651,1398 673,1397 851,1397 895,1399 956,1399 979,1402 1089,1402 1110,1404 1185,1404 1194,1432 1201,1432 1230,1406 1331,1406 1331,1447 1230,1447 1201,1445 1194,1445 1185,1447 1110,1447 1089,1436 979,1436 956,1433 895,1433 851,1438 673,1438 651,1438 576,1438 555,1437 388,1437 365,1437 270,1437 247,1438 76,1438 76,1397"/>
<Baseline points="76,1438 247,1438 270,1437 365,1437 388,1437 555,1437 576,1438 651,1438 673,1438 851,1438 895,1433 956,1433 979,1436 1089,1436 1110,1447 1185,1447 1194,1445 1201,1445 1230,1447 1331,1447"/>
<TextEquiv><Unicode>Oeſterreich ſeinen Schützling nicht preisgeben. Die kleinen Höfe, zumal</Unicode></TextEquiv>
</TextLine>

<TextLine id="line_26">
<Coords points="76,1444 118,1444 141,1446 367,1446 383,1446 631,1446 651,1446 703,1446 718,1446 1034,1446 1049,1452 1177,1452 1199,1455 1330,1455 1330,1496 1199,1496 1177,1496 1049,1496 1034,1493 718,1493 703,1478 651,1478 631,1486 383,1486 367,1488 141,1488 118,1479 76,1479 76,1444"/>
<Baseline points="76,1479 118,1479 141,1488 367,1488 383,1486 631,1486 651,1478 703,1478 718,1493 1034,1493 1049,1496 1177,1496 1199,1496 1330,1496"/>
<TextEquiv><Unicode>die weitverzweigte Verwandtſchaft des Braunſchweigiſchen Hauſes, zitterten</Unicode></TextEquiv>
</TextLine>

<TextLine id="line_27">
<Coords points="78,1498 129,1498 154,1499 203,1499 226,1496 440,1496 469,1495 524,1495 554,1495 591,1495 619,1494 663,1494 685,1495 866,1495 890,1501 1088,1501 1119,1505 1176,1505 1206,1505 1331,1505 1331,1545 1206,1545 1176,1537 1119,1537 1088,1544 890,1544 866,1529 685,1529 663,1526 619,1526 591,1535 554,1535 524,1533 469,1533 440,1539 226,1539 203,1530 154,1530 129,1528 78,1528 78,1498"/>
<Baseline points="78,1528 129,1528 154,1530 203,1530 226,1539 440,1539 469,1533 524,1533 554,1535 591,1535 619,1526 663,1526 685,1529 866,1529 890,1544 1088,1544 1119,1537 1176,1537 1206,1545 1331,1545"/>
<TextEquiv><Unicode>vor der Zumuthung, daß ſie die Revolution anerkennen, das legitime</Unicode></TextEquiv>
</TextLine>

<TextLine id="line_28">
<Coords points="79,1540 271,1540 293,1546 468,1546 493,1545 603,1545 641,1543 725,1543 747,1549 858,1549 881,1547 925,1547 947,1548 1138,1548 1161,1556 1246,1556 1271,1555 1332,1555 1332,1588 1271,1588 1246,1597 1161,1597 1138,1594 947,1594 925,1580 881,1580 858,1586 747,1586 725,1577 641,1577 603,1586 493,1586 468,1587 293,1587 271,1588 79,1588 79,1540"/>
<Baseline points="79,1588 271,1588 293,1587 468,1587 493,1586 603,1586 641,1577 725,1577 747,1586 858,1586 881,1580 925,1580 947,1594 1138,1594 1161,1597 1246,1597 1271,1588 1332,1588"/>
<TextEquiv><Unicode>Fürſtenrecht verleugnen ſollten. Wirr wogten die Meinungen durch ein-</Unicode></TextEquiv>
</TextLine>

<TextLine id="line_29">
<Coords points="80,1593 177,1593 200,1605 240,1605 263,1596 372,1596 394,1594 534,1594 557,1599 620,1599 642,1601 697,1601 718,1593 792,1593 814,1603 849,1603 871,1597 986,1597 1023,1601 1085,1601 1106,1604 1233,1604 1256,1606 1332,1606 1332,1638 1256,1638 1233,1645 1106,1645 1085,1634 1023,1634 986,1631 871,1631 849,1634 814,1634 792,1634 718,1634 697,1633 642,1633 620,1625 557,1625 534,1637 394,1637 372,1637 263,1637 240,1629 200,1629 177,1636 80,1636 80,1593"/>
<Baseline points="80,1636 177,1636 200,1629 240,1629 263,1637 372,1637 394,1637 534,1637 557,1625 620,1625 642,1633 697,1633 718,1634 792,1634 814,1634 849,1634 871,1631 986,1631 1023,1634 1085,1634 1106,1645 1233,1645 1256,1638 1332,1638"/>
<TextEquiv><Unicode>ander, an raſches Handeln war gar nicht zu denken. Die rathloſe Ver-</Unicode></TextEquiv>
</TextLine>

<TextLine id="line_30">
<Coords points="79,1637 245,1637 273,1648 425,1648 455,1644 504,1644 533,1644 639,1644 665,1650 726,1650 755,1651 790,1651 813,1645 877,1645 899,1647 1076,1647 1108,1652 1191,1652 1215,1653 1332,1653 1332,1694 1215,1694 1191,1685 1108,1685 1076,1692 899,1692 877,1678 813,1678 790,1682 755,1682 726,1674 665,1674 639,1683 533,1683 504,1685 455,1685 425,1679 273,1679 245,1686 79,1686 79,1637"/>
<Baseline points="79,1686 245,1686 273,1679 425,1679 455,1685 504,1685 533,1683 639,1683 665,1674 726,1674 755,1682 790,1682 813,1678 877,1678 899,1692 1076,1692 1108,1685 1191,1685 1215,1694 1332,1694"/>
<TextEquiv><Unicode>ſammlung ermannte ſich vorerſt nur zu dem Beſchluſſe, einen Bericht</Unicode></TextEquiv>
</TextLine>

<TextLine id="line_31">
<Coords points="79,1683 127,1683 147,1692 446,1692 469,1692 638,1692 661,1690 874,1690 874,1731 661,1731 638,1734 469,1734 446,1735 147,1735 127,1720 79,1720 79,1683"/>
<Baseline points="79,1720 127,1720 147,1735 446,1735 469,1734 638,1734 661,1731 874,1731"/>
<TextEquiv><Unicode>der braunſchweigiſchen Regierung einzufordern.</Unicode></TextEquiv>
</TextLine>

<TextLine id="line_32">
<Coords points="162,1741 226,1741 248,1743 347,1743 370,1742 415,1742 429,1739 687,1739 708,1740 740,1740 763,1740 866,1740 881,1744 953,1744 976,1747 1050,1747 1071,1749 1116,1749 1131,1750 1250,1750 1269,1757 1332,1757 1332,1782 1269,1782 1250,1784 1131,1784 1116,1781 1071,1781 1050,1788 976,1788 953,1785 881,1785 866,1781 763,1781 740,1770 708,1770 687,1781 429,1781 415,1773 370,1773 347,1783 248,1783 226,1774 162,1774 162,1741"/>
<Baseline points="162,1774 226,1774 248,1783 347,1783 370,1773 415,1773 429,1781 687,1781 708,1770 740,1770 763,1781 866,1781 881,1785 953,1785 976,1788 1050,1788 1071,1781 1116,1781 1131,1784 1250,1784 1269,1782 1332,1782"/>
<TextEquiv><Unicode>Wie hätten die Braunſchweiger in ſolcher Lage nicht die Geduld ver-</Unicode></TextEquiv>
</TextLine>

<TextLine id="line_33">
<Coords points="80,1776 167,1776 190,1792 301,1792 345,1790 418,1790 442,1790 605,1790 627,1788 706,1788 731,1788 863,1788 884,1793 1031,1793 1055,1798 1133,1798 1157,1798 1332,1798 1332,1840 1157,1840 1133,1832 1055,1832 1031,1835 884,1835 863,1829 731,1829 706,1822 627,1822 605,1831 442,1831 418,1824 345,1824 301,1829 190,1829 167,1819 80,1819 80,1776"/>
<Baseline points="80,1819 167,1819 190,1829 301,1829 345,1824 418,1824 442,1831 605,1831 627,1822 706,1822 731,1829 863,1829 884,1835 1031,1835 1055,1832 1133,1832 1157,1840 1332,1840"/>
<TextEquiv><Unicode>lieren ſollen? Das aufgeregte Land bedurfte durchaus einer endgiltigen</Unicode></TextEquiv>
</TextLine>

<TextLine id="line_34">
<Coords points="81,1827 241,1827 278,1840 339,1840 354,1840 532,1840 548,1836 768,1836 785,1839 834,1839 858,1843 919,1843 936,1844 1127,1844 1142,1850 1207,1850 1221,1848 1333,1848 1333,1889 1221,1889 1207,1880 1142,1880 1127,1888 936,1888 919,1874 858,1874 834,1878 785,1878 768,1878 548,1878 532,1880 354,1880 339,1873 278,1873 241,1886 81,1886 81,1827"/>
<Baseline points="81,1886 241,1886 278,1873 339,1873 354,1880 532,1880 548,1878 768,1878 785,1878 834,1878 858,1874 919,1874 936,1888 1127,1888 1142,1880 1207,1880 1221,1889 1333,1889"/>
<TextEquiv><Unicode>Ordnung. Die Landſtände verſammelten ſich und überreichten dem Herzog</Unicode></TextEquiv>
</TextLine>

<TextLine id="line_35">
<Coords points="82,1874 218,1874 233,1897 282,1897 293,1891 343,1891 357,1888 534,1888 546,1886 608,1886 619,1886 742,1886 759,1887 852,1887 866,1891 911,1891 928,1894 996,1894 1009,1895 1089,1895 1100,1898 1171,1898 1183,1897 1332,1897 1332,1936 1183,1936 1171,1937 1100,1937 1089,1929 1009,1929 996,1935 928,1935 911,1931 866,1931 852,1921 759,1921 742,1926 619,1926 608,1919 546,1919 534,1929 357,1929 343,1920 293,1920 282,1922 233,1922 218,1922 82,1922 82,1874"/>
<Baseline points="82,1922 218,1922 233,1922 282,1922 293,1920 343,1920 357,1929 534,1929 546,1919 608,1919 619,1926 742,1926 759,1921 852,1921 866,1931 911,1931 928,1935 996,1935 1009,1929 1089,1929 1100,1937 1171,1937 1183,1936 1332,1936"/>
<TextEquiv><Unicode>Wilhelm am 27. September eine Adreſſe, worin ſie, nach einer grell gefärbten</Unicode></TextEquiv>
</TextLine>

<TextLine id="line_36">
<Coords points="82,1921 271,1921 285,1939 335,1939 350,1936 662,1936 686,1934 812,1934 829,1941 1034,1941 1057,1954 1087,1954 1103,1946 1192,1946 1213,1945 1257,1945 1273,1945 1333,1945 1333,1977 1273,1977 1257,1977 1213,1977 1192,1986 1103,1986 1087,1978 1057,1978 1034,1985 829,1985 812,1976 686,1976 662,1976 350,1976 335,1970 285,1970 271,1979 82,1979 82,1921"/>
<Baseline points="82,1979 271,1979 285,1970 335,1970 350,1976 662,1976 686,1976 812,1976 829,1985 1034,1985 1057,1978 1087,1978 1103,1986 1192,1986 1213,1977 1257,1977 1273,1977 1333,1977"/>
<TextEquiv><Unicode>Darſtellung der Landesbeſchwerden, kühnlich ausſprachen, er müſſe die Re-</Unicode></TextEquiv>
</TextLine>

<TextLine id="line_37">
<Coords points="82,1977 200,1977 221,1985 426,1985 449,1985 514,1985 534,1983 645,1983 667,1983 741,1983 764,1987 852,1987 876,1989 931,1989 948,1992 1147,1992 1170,1996 1222,1996 1245,1994 1332,1994 1332,2033 1245,2033 1222,2026 1170,2026 1147,2035 948,2035 931,2022 876,2022 852,2027 764,2027 741,2017 667,2017 645,2025 534,2025 514,2017 449,2017 426,2027 221,2027 200,2032 82,2032 82,1977"/>
<Baseline points="82,2032 200,2032 221,2027 426,2027 449,2017 514,2017 534,2025 645,2025 667,2017 741,2017 764,2027 852,2027 876,2022 931,2022 948,2035 1147,2035 1170,2026 1222,2026 1245,2033 1332,2033"/>
<TextEquiv><Unicode>gierung übernehmen, weil Herzog Karl „nach den Grundſätzen des allge-</Unicode></TextEquiv>
</TextLine>

<TextLine id="line_38">
<Coords points="83,2026 194,2026 210,2034 439,2034 461,2036 497,2036 520,2033 682,2033 706,2033 871,2033 895,2039 993,2039 1038,2043 1105,2043 1128,2044 1215,2044 1239,2042 1333,2042 1333,2082 1239,2082 1215,2083 1128,2083 1105,2076 1038,2076 993,2074 895,2074 871,2075 706,2075 682,2073 520,2073 497,2075 461,2075 439,2075 210,2075 194,2063 83,2063 83,2026"/>
<Baseline points="83,2063 194,2063 210,2075 439,2075 461,2075 497,2075 520,2073 682,2073 706,2075 871,2075 895,2074 993,2074 1038,2076 1105,2076 1128,2083 1215,2083 1239,2082 1333,2082"/>
<TextEquiv><Unicode>meinen Staatsrechts“ ſie unmöglich fortführen könne. Der junge Welfe</Unicode></TextEquiv>
</TextLine>

</TextRegion>
<TextRegion id="block_2" custom="structure {type:pageNum;}">
<Coords points="1261,175 1261,205 1322,205 1322,175 1261,175"/>
<TextLine id="line_39">
<Coords points="1261,175 1322,175 1322,205 1261,205 1261,175"/>
<Baseline points="1261,205 1322,205"/>
<TextEquiv><Unicode>105</Unicode></TextEquiv>
</TextLine>

</TextRegion>
<TextRegion id="block_3" custom="structure {type:note;}">
<Coords points="207,2121 207,2167 207,2156 104,2156 104,2199 104,2200 204,2200 204,2247 204,2235 103,2235 103,2272 103,2268 205,2268 205,2325 1179,2325 1179,2268 369,2268 369,2272 369,2235 1335,2235 1335,2247 1335,2200 723,2200 723,2199 723,2156 1334,2156 1334,2167 1334,2121 207,2121"/>
<TextLine id="line_40">
<Coords points="207,2121 321,2121 338,2131 362,2131 381,2126 509,2126 527,2131 560,2131 578,2123 724,2123 747,2126 784,2126 806,2127 881,2127 917,2130 1013,2130 1030,2134 1073,2134 1090,2133 1200,2133 1220,2132 1334,2132 1334,2164 1220,2164 1200,2167 1090,2167 1073,2161 1030,2161 1013,2165 917,2165 881,2160 806,2160 784,2151 747,2151 724,2156 578,2156 560,2151 527,2151 509,2159 381,2159 362,2151 338,2151 321,2154 207,2154 207,2121"/>
<Baseline points="207,2154 321,2154 338,2151 362,2151 381,2159 509,2159 527,2151 560,2151 578,2156 724,2156 747,2151 784,2151 806,2160 881,2160 917,2165 1013,2165 1030,2161 1073,2161 1090,2167 1200,2167 1220,2164 1334,2164"/>
<TextEquiv><Unicode>Miniſter v. Ompteda an Bernſtorff, 14. Sept. Bericht des hannov. Miniſte-</Unicode></TextEquiv>
</TextLine>

<TextLine id="line_41">
<Coords points="104,2156 161,2156 179,2165 211,2165 229,2162 258,2162 278,2164 394,2164 412,2166 468,2166 491,2168 529,2168 550,2166 627,2166 650,2165 723,2165 723,2190 650,2190 627,2195 550,2195 529,2192 491,2192 468,2199 412,2199 394,2199 278,2199 258,2189 229,2189 211,2186 179,2186 161,2182 104,2182 104,2156"/>
<Baseline points="104,2182 161,2182 179,2186 211,2186 229,2189 258,2189 278,2199 394,2199 412,2199 468,2199 491,2192 529,2192 550,2195 627,2195 650,2190 723,2190"/>
<TextEquiv><Unicode>riums an K. Wilhelm IV., 14. Sept. 1830.</Unicode></TextEquiv>
</TextLine>

<TextLine id="line_42">
<Coords points="204,2200 321,2200 339,2206 458,2206 484,2206 584,2206 605,2205 644,2205 664,2205 704,2205 725,2204 801,2204 839,2207 950,2207 975,2219 1008,2219 1026,2214 1073,2214 1091,2213 1201,2213 1221,2212 1335,2212 1335,2244 1221,2244 1201,2247 1091,2247 1073,2240 1026,2240 1008,2239 975,2239 950,2243 839,2243 801,2238 725,2238 704,2230 664,2230 644,2230 605,2230 584,2233 484,2233 458,2239 339,2239 321,2231 204,2231 204,2200"/>
<Baseline points="204,2231 321,2231 339,2239 458,2239 484,2233 584,2233 605,2230 644,2230 664,2230 704,2230 725,2238 801,2238 839,2243 950,2243 975,2239 1008,2239 1026,2240 1073,2240 1091,2247 1201,2247 1221,2244 1335,2244"/>
<TextEquiv><Unicode>Bülow’s Berichte, London 16. 20. Sept. Münſter an das hannov. Miniſte-</Unicode></TextEquiv>
</TextLine>

<TextLine id="line_43">
<Coords points="103,2235 154,2235 173,2245 196,2245 214,2240 274,2240 297,2246 369,2246 369,2272 297,2272 274,2269 214,2269 196,2263 173,2263 154,2264 103,2264 103,2235"/>
<Baseline points="103,2264 154,2264 173,2263 196,2263 214,2269 274,2269 297,2272 369,2272"/>
<TextEquiv><Unicode>rium, 5. Oct. 1830.</Unicode></TextEquiv>
</TextLine>

<TextLine id="line_44">
<Coords points="205,2279 341,2279 358,2286 451,2286 469,2286 554,2286 572,2285 612,2285 629,2284 662,2284 681,2283 806,2283 828,2268 928,2268 946,2293 988,2293 1008,2293 1084,2293 1106,2293 1179,2293 1179,2317 1106,2317 1084,2325 1008,2325 988,2318 946,2318 928,2317 828,2317 806,2319 681,2319 662,2317 629,2317 612,2317 572,2317 554,2314 469,2314 451,2321 358,2321 341,2317 205,2317 205,2279"/>
<Baseline points="205,2317 341,2317 358,2321 451,2321 469,2314 554,2314 572,2317 612,2317 629,2317 662,2317 681,2319 806,2319 828,2317 928,2317 946,2318 988,2318 1008,2325 1084,2325 1106,2317 1179,2317"/>
<TextEquiv><Unicode>Vollmacht Herzog Karl’s für H. Wilhelm, London 21. Sept. 1830.</Unicode></TextEquiv>
</TextLine>

</TextRegion>
</Page>
</PcGts>