1600 2472
731 145 1089 181 V. 2. Die Kriegsgefahr.
288 229 1535 274 die Intelligenz des Volksſtammes ankommt und „die dieſſeitige Infanterie,
289 278 1537 323 wenn ſie auch wenig Paradedreſſur haben mag, doch deſto felddienſttüch-
288 325 1537 370 tiger erſcheint.“ Nicht einmal zu gemeinſamen Vorſchriften für den
289 372 1539 416 Wachtdienſt und den militäriſchen Gruß wollte ſich der Bundestag ver-
300 428 392 457 ſtehen.
374 467 1540 510 Nachdem man ſich alſo mit Müh und Noth über einen möglichſt
289 514 1540 559 inhaltloſen Beſchluß geeinigt hatte, begann alsbald ein neuer Zank wegen
288 562 1541 606 der Frage, welche Staaten die Bundesinſpectoren ſtellen ſollten. König
290 610 1539 656 Wilhelm von Württemberg hatte ſehr lange widerſtrebt und ſich erſt durch
274 658 1538 703 das Zureden ſeines alten Waffengefährten FML. Latour davon überzeugen
290 707 1539 750 laſſen, daß ſeiner Souveränität keine Gefahr drohe. Indeß wollte er ſeine
292 755 1539 797 Schwaben weder durch Oeſterreich noch durch Hannover muſtern laſſen,
291 803 1538 845 weil er den alten tiefen Groll gegen die Hofburg noch nicht verwunden
291 851 1540 894 hatte und mit dem verhaßten Welfenkönige noch immer um den Vorrang
292 898 1541 943 ſtritt. Er erzwang auch, daß ſtatt des Hannoveraners ein däniſcher
292 947 1539 990 General nach Stuttgart kam; den Oeſterreicher aber erließ man ihm nicht,
292 994 1540 1039 und er rächte ſich nach ſeiner Weiſe, indem er den k. k. Feldmarſchall-
293 1041 1336 1084 leutnant Sunſtenau mit ausgeſuchter Grobheit behandelte.
377 1088 1541 1133 Auch dieſer Streit hörte endlich auf, und jeder der zehn Inſpections-
277 1136 1541 1183 bezirke wurde wirklich von drei Generalen anderer Bundesſtaaten beſichtigt.
292 1185 1584 1232 Als aber die Berichte der Inſpectoren einliefen, da zeigte ſichs mit er-
293 1235 1580 1282 ſchreckender Klarheit, wie die große Lüge dieſer Bundesverfaſſung Alles
293 1286 1580 1331 was mit ihr in Berührung kam anſteckte und ſogar die ſprichwörtliche Ehr-
293 1336 1542 1380 lichkeit des deutſchen Offizierſtandes verdarb. Die inſpicirenden Generale,
293 1384 1543 1429 unter denen ſich viele Prinzen befanden, waren durch mannichfache poli-
293 1432 1544 1477 tiſche Rückſichten beengt; die meiſten dachten auch mit ſtiller Angſt an
293 1478 1543 1523 den Jammer ihres heimathlichen Heerweſens und verfuhren wie die Krähen,
294 1525 1580 1571 ſie urtheilten ſanftmüthig um nicht ihr eigenes engeres Vaterland hartem
294 1570 1544 1615 Tadel auszuſetzen. Sogar die preußiſchen Generale, die in den Klein-
295 1619 1544 1667 ſtaaten durch ihre ſtrenge Wachſamkeit und den Freimuth ihrer Rügen
294 1668 1545 1715 überall Schrecken erregten, ſprachen in den amtlichen Berichten doch bei
295 1715 1579 1764 Weitem nicht ſo ſcharf wie in ihren vertrauten Briefen. Daher lobte
295 1764 1545 1813 die Bundesmilitärcommiſſion, als ſie nach faſt zwei Jahren (Juli 1843)
296 1812 1580 1862 über das Geſammtergebniß der Inſpection berichtete, mit warmen Worten
296 1860 1580 1910 „den echt föderativen Geiſt“ der Regierungen und verſicherte, es ſeien
297 1909 1584 1958 „die Armeecorps zum größeren Theil in ganz vollkommen kriegsver-
297 1958 1582 2007 faſſungsmäßigem Stande“; der preußiſche Bundesgeſandte aber bemerkte
297 2006 1598 2056 ſarkaſtiſch: zu einer zweiten Inſpection wird ſich der Bundestag wohl
298 2056 1580 2103 ſchwerlich entſchließen, da ja dieſe erſte faſt gar keine Mängel im Bundes-
300 2103 1546 2154 heere aufgefunden hat. Wer zwiſchen den Zeilen der höflichen Be-
286 151 327 181 98
429 2186 914 2222 Sydow’s Bericht, 18. Juni 1841.
430 2226 1243 2262 Berichte von Rochow, 2. Oct., von Maltzan, Oct. 1841.
431 2268 902 2301 Bülow’s Bericht, 15. Oct. 1841.
