1600 2472
180 225 1340 282 Um die Verwirrung zu vollenden ſendete Metternich von Zeit zu Zeit
96 270 1342 337 übellaunige Depeſchen; der konnte ſich gar nicht darüber tröſten, daß die
97 317 1343 382 Entſcheidung nicht mehr in ſeinen Händen lag und fürchtete immer, Ruß-
97 364 1343 436 lands kopfloſe Politik würde ſich in den engliſchen Netzen verfangen.
97 411 1341 483 Auch der türkiſche Geſandte Shekib Paſcha vermehrte die Mißklänge dieſes
97 457 1343 529 ſeltſamen Concerts; er gehorchte blindlings den Rathſchlägen des öſterreichi-
98 504 1342 577 ſchen Bevollmächtigten Neumann, der ausdrücklich beauftragt war ſich ſeiner
97 554 1343 627 zu bemächtigen (s’emparer). Da Lord Ponſonby die Pforte, trotz ihrer
97 599 1340 660 Niederlage, beſtändig zur Erneuerung des Krieges drängte, ſo zeigte ſich
96 646 1343 707 der Türke ſehr zuverſichtlich und beſchwor die Mächte um baldige Ver-
97 693 703 742 urtheilung des ägyptiſchen Rebellen.
182 740 1344 804 Die Verwicklung ward unerträglich, beinahe lächerlich. Der preußi-
101 784 1344 854 ſche Geſandte Heinrich von Bülow, der zu Anfang März 1840 nach langem
99 831 1345 902 Urlaub wieder in London eingetroffen war, ſchrieb im Juni, nachdem er
100 881 1344 949 ſich viele Wochen hindurch vergeblich um die Ausſöhnung der Streiten-
97 930 1344 1000 den bemüht hatte, ganz verzweifelt: „Was iſt unter ſolchen Umſtänden
98 982 1344 1049 von dem Fortgang der hieſigen Verhandlungen zu erwarten? Schimpf
97 1029 1345 1096 und Schande! Man thäte beſſer ſie abzubrechen.“ Endlich einigten
98 1074 1345 1145 ſich die Geſandten der drei Oſtmächte zu einem letzten Verſuche; ſie ver-
97 1122 1346 1192 langten von Palmerſton vertrauliche Berathungen ohne Frankreich, das
97 1173 1347 1234 man vorläufig doch nicht gewinnen könne. Seit dem 21. Juni ver-
98 1215 1345 1288 ſammelten ſich nunmehr die Geſandten der vier Mächte, hinter Guizot’s
99 1261 1347 1333 Rücken, zu regelmäßigen Sonntagsſitzungen bei Palmerſton; die Stille
98 1310 1348 1384 des engliſchen Sabbaths kam dem Geheimniß zu ſtatten. Der europäiſche
99 1357 1347 1427 Congreß, zu dem man Frankreich förmlich eingeladen hatte, verwandelte
99 1408 1347 1477 ſich alſo in eine geheime Conferenz der Vier. Dies hinterrückige, aller-
99 1457 1346 1528 dings durch Frankreichs Haltung mitverſchuldete Verfahren mußte den
99 1505 1348 1582 franzöſiſchen Stolz tief verletzten ſobald es ruchbar ward. Die Gefahr
99 1554 1346 1629 eines europäiſchen Krieges rückte ſo nahe, daß der friedfertige Miniſter Wer-
98 1604 1347 1678 ther ſchwer erſchrocken dem Geſandten Bülow ſein Befremden ausſprach und
97 1653 1349 1727 ihm nochmals einſchärfte, auf jeden Fall der Krone Preußen die ſo oft aus-
98 1703 1348 1779 bedungene Neutralität vorzubehalten. Die Vier einigten ſich in ihren
99 1750 1348 1826 Sonntagsſitzungen über die Grundzüge eines Vertrags zur Rettung des
101 1800 1347 1877 Sultans, aber zum förmlichen Abſchluß gelangte man noch immer nicht,
99 1852 1264 1921 weil Palmerſton der Zuſtimmung ſeines Cabinets nicht ſicher war.
183 1903 1349 1968 Vergeblich mahnte Metternich in mehreren Depeſchen: die Türkei könne
98 1946 1348 2019 den Zuſtand der Ungewißheit nicht länger mehr ertragen; komme man
1300 156 1338 185 75
374 143 1049 181 Verhandlungen der vier Mächte. H. v. Bülow.
223 2049 1321 2110 Maltzan’s Bericht, 2. Jan. Metternich an Trauttmansdorff, 7. März 1840.
223 2089 711 2135 Maltzan’s Bericht, 3. März 1840.
223 2129 1345 2185 Shekib Paſcha’s identiſche Noten an die Geſandten der fünf Mächte, 2. Juni 1840.
225 2168 885 2214 Bülow’s Berichte, 3. März ff. 12. Juni 1840.
226 2207 881 2253 Werther, Weiſung an Bülow, 16. Juli 1840.
227 2246 777 2290 Bülow’s Berichte, 23. 30. Juni 1840.
