1600 2452
203 216 1418 271 Grafen Buol, nach Verabredung mit den zu Karlsbad verſammelten
202 263 1418 316 Staatsmännern: nöthigenfalls müſſe der Bundestag ſelbſt aus den be-
200 312 1418 369 nachbarten Garniſonen Truppen herbeirufen, da der Frankfurter Senat
200 358 1001 400 ſich gegen die Unruhſtifter allzu ſchwach zeige.  —
280 403 1413 457 Wer die anſteckende Kraft des politiſchen Verbrechens kennt, wird
195 447 1413 505 nicht beſtreiten, daß die Kronen, nach Allem was geſchehen, ſo berechtigt
192 491 1411 545 wie verpflichtet waren, durch eine ſtrenge Unterſuchung die letzten Gründe
191 535 1408 597 der beiden Gewaltthaten zu erforſchen und gegen einige Schriftſteller,
188 579 1409 642 welche den Meuchelmord offen vertheidigten, ſcharf einzuſchreiten. Da
188 625 1408 694 beide Mörder den Unbedingten angehörten, ſo war auch die Schließung
187 674 1408 739 der Burſchenſchaft mindeſtens für einige Zeit unvermeidlich. Aber nur
185 723 1407 791 ein muthiges, feſtes, ruhiges Auftreten der Regierungen konnte die halt-
185 771 1407 839 loſe öffentliche Meinung wieder zur Beſinnung bringen, und von ſolcher
183 818 1404 886 ſtaatsmänniſchen Sicherheit zeigte ſich an den deutſchen Höfen keine Spur.
181 862 1404 930 Es giebt finſtere Zeiten, in denen ſelbſt edle Völker wie von einer epide-
180 906 1401 970 miſchen Geiſteskrankheit ergriffen ſcheinen. So glaubte einſt unter Karl II.
178 952 1383 1020 ganz England ſteif und feſt an die eingebildete papiſtiſche Verſchwörung;
177 999 1398 1063 ſo unterlagen jetzt faſt ſämmtliche deutſche Regierungen einem finſteren
177 1045 1397 1111 Verfolgungswahne. Die beiden räthſelhaften Verbrechen, die aufgeregte
176 1091 1396 1150 Sprache der Zeitungen, unter denen namentlich die Iſis und die Neue
177 1137 1394 1200 Stuttgarter Zeitung ſich ſehr thöricht äußerten, die ſtürmiſchen Verhand-
174 1184 1392 1243 lungen der beiden erſten Landtage, dies Alles im Verein ſtimmte die kleinen
172 1230 1390 1300 Höfe ängſtlich, und dazu das dunkle Gefühl, daß die Nation wahrlich
170 1277 1132 1338 keinen Grund hatte, ſich der Wiener Verträge zu freuen.
253 1330 1389 1389 Am Beſorgteſten äußerten ſich grade die ſüddeutſchen Höfe, die in
168 1376 1387 1434 der Preſſe als Träger des conſtitutionellen Gedankens gefeiert wurden.
166 1424 1387 1484 König Wilhelm von Württemberg ſendete dem Petersburger Hofe eine
166 1470 1385 1536 ſo finſtere Schilderung von der revolutionären Geſinnung der deutſchen
164 1516 1384 1577 Jugend, daß Stourdza laut triumphirte und ſelbſt der hochconſervative
164 1561 1383 1622 Blittersdorff dieſen Hilferuf eines deutſchen Fürſten an das Ausland ver-
162 1607 1380 1678 ächtlich fand.  Der Münchener Hof wendete ſich ſofort an Oeſterreich
161 1655 1380 1716 und Preußen, bat dringend um gemeinſame Maßregeln gegen die Uni-
160 1701 1379 1761 verſitäten, ließ einige Lehrer, welche ihre Freude über Kotzebues Tod aus-
160 1749 1376 1809 geſprochen haben ſollten, ohne Weiteres ſuspendiren, und da Sand ſeinem
157 1795 1374 1861 Könige aus dem Kerker ſagen ließ, er habe für ſich nichts zu fürchten,
156 1841 1375 1904 ſo zog der furchtſame Max Joſeph daraus den Schluß, daß offenbar
154 1888 1373 1949 gegen andere deutſche Fürſten gottloſe Abſichten gehegt würden.  Vollends
153 1936 1371 2005 die badiſche Regierung, in deren Lande das Verbrechen geſchehen war,
667 151 963 188 Die Judenverfolgung.
1360 165 1419 194 529
196 2229 1165 2281 Treitſchke, Deutſche Geſchichte. II. 34
260 2066 1227 2116 Metternich an Buol, 14. Aug.; Bernſtorff an Goltz, 15. Aug. 1819.
256 2105 1045 2149 Blittersdorffs Berichte, Petersburg 26., 30. April 1819.
255 2144 1367 2202 Kruſemarks Bericht, 21. Mai; Zaſtrows Berichte, 14. April, 4. Aug.; Mini-
148 2181 758 2221 ſterialſchreiben an Zaſtrow, 23. April 1819.
