1600 2516
232 223 1488 275 reichs Hilfe und erbot ſich, die Krone der Jagellonen irgend einem Erz-
232 271 972 320 herzoge, welcher es auch ſei, zu verſchaffen.
319 319 1488 369 Das Alles war verlorene Mühe, obwohl die polniſchen Blätter be-
231 367 1489 418 ſtändig von der günſtigen Geſinnung des Wiener Hofes fabelten. Andert-
231 415 1486 467 halb Jahre früher, zur Zeit des Türkenkrieges, hätte Metternich die pol-
229 462 1487 512 niſche Revolution vielleicht willkommen geheißen; jetzt da er den Bund
229 511 1487 563 der Oſtmächte wieder feſter zu ſchließen ſuchte, war ſie ihm nur „eine
232 558 1487 612 Revolution wie alle anderen“. Eine Hinterthür hielt er ſich freilich offen,
228 604 1485 658 indem er den k. k. Conſul Oechsner, zum Befremden des Czaren, während
228 654 1487 707 des Krieges in Warſchau bleiben ließ; jedoch die Erwählung eines Erz-
228 700 1484 753 herzogs wies er als einen „abſurden“ Gedanken kurzweg ab. Um ſeinen
227 749 1484 803 Abſcheu kräftig zu bekunden, bereicherte er ſogar das Wörterbuch ſeiner
226 798 1484 852 Angſt-Sprache um eine ſechſte Metapher und nannte dies Polen „ein
227 846 1484 901 Pulvermagazin“, das alle Nachbarn in die Luft zu ſprengen drohe. Auch
226 893 1484 948 Gentz, der alte Gegner Rußlands, mußte zugeſtehen, daß Oeſterreich jetzt
227 941 1483 997 nicht viel anders handeln durfte als Preußen. In der That gab Kaiſer
226 990 1482 1045 Franz den Polen faſt dieſelbe Antwort wie König Friedrich Wilhelm;
225 1039 1482 1093 nur dem Fürſten Czartoryski, der bei Hofe wohlgelitten war, und einigen
223 1087 1481 1140 ſeiner Standesgenoſſen verſprach man unter der Hand ein Aſyl in
223 1136 1482 1191 Oeſterreich. Die galiziſche Grenze wurde ſtark beſetzt und dem ruſſiſchen
222 1186 1324 1235 Heere die Zufuhr von Lebensmitteln freundnachbarlich geſtattet.
306 1236 1480 1284 Da die Oſtmächte feſt zuſammenſtanden, ſo konnte Czar Nikolaus
220 1283 1479 1332 ſich jede Einmiſchung Frankreichs von Haus aus ſcharf verbitten. In
221 1329 1480 1385 hoffärtigem Tone ſchrieb Neſſelrode nach Paris: „Wenn die Regierung
220 1376 1480 1433 des Königs Ludwig Philipp bisher ſcheinbar mit Ungeduld den rechten
220 1425 1479 1482 Augenblick erwartet hat um Europa eine Bürgſchaft der Sicherheit zu
219 1474 1478 1532 geben und ſich das Vertrauen des Kaiſers zu erwerben, ſo darf ſie nicht
220 1522 1478 1577 verſäumen, die gegenwärtige Gelegenheit weiſe zu benutzen. Ihre Würde
219 1570 1479 1629 wie ihr Intereſſe gebieten ihr dies zu thun.“ Die herriſche Mahnung
219 1619 1479 1677 fand willige Hörer. Ludwig Philipp wußte wohl, daß der völlig aus-
217 1666 1477 1723 ſichtsloſe Verſuch in die polniſchen Händel einzugreifen, nur den Feinden
217 1715 1477 1771 ſeines Hauſes zu gute kommen konnte. Denn obwohl alle Parteien
217 1763 1477 1825 Frankreichs für dies Belgien des Oſtens, dies „liberale und katholiſche
216 1813 1477 1872 Volk, den natürlichen Bundesgenoſſen der Franzoſen“ ſchwärmten, ſo
215 1862 1476 1921 zeichneten ſich doch die Republikaner und die verkappten Bonapartiſten
215 1911 1476 1970 durch verdächtigen Eifer aus. Dieſelben Blätter, welche den Grundſatz
214 1959 1477 2019 der Nicht-Einmiſchung als die Heilswahrheit neu-franzöſiſcher Freiheit
213 2009 1475 2062 prieſen, forderten mit der unbefangenen Logik des Radicalismus die
214 2057 1476 2115 Einmiſchung zu Gunſten der Polen. Der greiſe Lafayette erhob in einer
213 2105 1474 2165 ſchwülſtigen Erklärung feierlichen Einſpruch gegen das Vorgehen der
511 142 1215 180 IV. 1. Die Juli-Revolution und der Weltfriede.
235 140 276 179 64
342 2221 1388 2269 Maltzahn’s Berichte, 18. 28. Januar, 21. Februar, 4. September 1831.
342 2262 1305 2307 Neſſelrode, Weiſung an Pozzo di Borgo, 28. Nov. (a. St.) 1830.
