1600 2516
192 231 1445 275 das unzuverläſſige litthauiſche Corps des Generals Roſen, und bald ſah
191 278 1445 322 ſich Diebitſch genöthigt noch weiter oſtwärts zurückzugehen. Die Garden
190 328 1445 370 trafen auf ihrem Pariſer Siegeszuge grade noch rechtzeitig ein um in
191 374 1445 419 Polen das Verderben aufzuhalten. Ein langer und ſchwerer Krieg ſtand
191 424 1444 467 bevor; mit heller Schadenfreude verkündeten die europäiſchen Zeitungen,
190 471 1446 515 wie ſchwach der gefürchtete nordiſche Koloß ſich erwieſen habe. Auf viele
192 517 1445 563 Monate hinaus war Rußland außer Stande in die Händel Weſteuropas
189 566 573 609 thätig einzugreifen. —
275 614 1445 658 Aber auch die beiden anderen Theilungsmächte wurden durch die
190 662 1444 706 polniſche Revolution gelähmt. Wieder wie einſt beim Beginne des erſten
191 710 1445 754 Revolutionskrieges ſtand Preußen in Gefahr zwiſchen zwei Feuer zu ge-
189 760 1445 803 rathen; kein preußiſcher Staatsmann durfte verkennen, was die Pflicht
189 807 1444 852 der Selbſterhaltung gebot. Blieb der Aufſtand in Warſchau ſiegreich, ſo
190 856 1445 899 waren Poſen und Weſtpreußen ſchwer gefährdet, und in Frankreich gelangte
190 904 1444 946 vorausſichtlich die Partei der revolutionären Propaganda ans Ruder.
192 951 1445 995 An dieſer handgreiflichen Wahrheit konnten die glatten Worte der Polen
191 999 1446 1045 nichts ändern. Graf Titus Dzialynski, das Oberhaupt der Poſener
190 1046 1444 1094 Verſchwörer, eilte ſobald die Revolution ausgebrochen war, nach Warſchau,
190 1095 1445 1140 um anzufragen, ob eine Schilderhebung in Poſen rathſam ſei. Die
188 1144 1446 1191 proviſoriſche Regierung aber, die noch unter Czartoryski’s behutſamer
188 1193 1445 1238 Leitung ſtand, wies ihn ab und beeilte ſich, in einem um einen Tag
188 1242 1445 1286 vordatirten Briefe dem preußiſchen Conſul Schmidt unaufgefordert zu
187 1292 1444 1335 erklären: ſie hege „die feſte Abſicht, gewiſſenhaft die Grenzen aller Staaten
188 1338 1445 1384 Sr. Maj. des Königs von Preußen zu achten.“ Zum Ueberfluß kam
188 1386 1445 1433 der harmloſe Poſener Graf ſelber zu dem Conſul und verſicherte gemüth-
187 1434 1408 1481 lich, er ſei nur nach Warſchau gereiſt um ſeine Mutter zu beſuchen.
187 1482 1445 1528 Wen ſollten ſolche Künſte täuſchen? Während Tag für Tag Ueberläufer aus
190 1529 1445 1580 Preußen in das polniſche Heer eintraten — darunter auch der aus Glogau
189 1578 1446 1628 entflohene General Uminski — und ſogar eine Poſener Reitertruppe ge-
188 1628 1446 1677 bildet wurde, rechneten die Warſchauer Gewalthaber noch immer auf
188 1675 1446 1726 die deutſche Gutherzigkeit und ließen den König durch General Kniaziewicz
189 1725 1446 1775 um ſeine Vermittlung bitten. Friedrich Wilhelm lehnte das Geſuch ſchroff
188 1774 1446 1823 ab und gab den Aufſtändiſchen den Rath, ſich ihrem Könige zu unter-
188 1822 1446 1872 werfen. Er durfte in ihnen nur Feinde ſeines eigenen Staates ſehen, rief
187 1870 1445 1921 ſeinen Conſul aus Warſchau zurück und ſtellte die in Berlin verwahrten
187 1920 1402 1970 Gelder der polniſchen Bank dem rechtmäßigen Könige zur Verfügung.
276 1968 1445 2019 Als die Dinge ernſter wurden, ließ er die 130 Meilen lange Grenz-
187 2020 1444 2068 linie durch Truppen der vier öſtlichen Armeecorps beſetzen. Gneiſenau
465 145 1170 180 IV. 1. Die Juli-Revolution und der Weltfriede.
191 146 232 175 62
318 2149 1445 2190 Schreiben der Proviſoriſchen Regierung an Schmidt, 4. December. Schmidt’s
186 2191 630 2229 Berichte, 5. 9. December 1830.
316 2231 1444 2271 Schmidt’s Bericht, 27. December 1830. Ancillon’s Weiſung an Schöler 19. Ja-
186 2277 347 2303 nuar 1831.
