1600 2516
157 176 1409 238 ſich unterſtehen dürfen, ſeinen König zur Beraubung des Hauſes Oranien
154 229 362 264 zu verleiten!
239 276 1410 335 Durch alle dieſe Zettelungen wurde die Kriegsgefahr wieder näher
154 323 1409 383 gerückt. Czar Nikolaus knirſchte vor Zorn, als er den Einmarſch der
154 367 1404 428 Franzoſen erfuhr. Er ließ den deutſchen Mächten feierlich verſichern —
153 415 1406 477 dies ſeine ſeine eigenen Worte —: augenblicklich werde ſein Reich noch
152 463 1405 523 durch innere Verlegenheiten, durch den polniſchen Krieg und die Cholera
152 512 1406 570 gehemmt; aber „wenn ihm auch nur ein einziges Regiment zur Verfügung
151 555 1404 616 bliebe, ſo würde er es ſenden um in den Reihen des öſterreichiſchen und
150 609 1405 665 preußiſchen Heeres zu kämpfen, damit im Angeſichte Europas die unzer-
150 654 1404 714 trennliche Verbindung der drei Mächte des Feſtlandes ſich bewähre.“
151 697 1404 761 Als Rußland bald darauf durch den Fall von Warſchau wieder freie
150 743 1398 814 Hand erhielt, ſchlug Metternich den Oſtmächten vor, ihr altes Bündniß
151 802 1402 858 enger zu ſchließen, einen ſtändigen diplomatiſchen Ausſchuß, ein centre
149 842 1403 907 d’entente zur Leitung der gemeinſamen Politik einzuſetzen, da auf Eng-
149 889 1402 954 land doch nicht mehr zu rechnen ſei. Der Plan gelangte jedoch nicht
147 944 1401 1004 zur Reife. Das Friedensbedürfniß war überall zu ſtark; alle Mächte
147 987 1401 1053 wünſchten den leidigen belgiſchen Handel endlich aus der Welt zu ſchaffen.
229 1040 1400 1099 Die Londoner Conferenz nahm ihre Verſöhnungsverſuche wieder auf,
145 1087 1400 1143 jetzt aber mit etwas veränderter Geſinnung. Die Kriegsthaten des hollän-
144 1130 1398 1191 diſchen Heeres übten doch ihre Wirkung, Belgien war durch ſeine offen-
144 1178 1399 1240 barte Schwäche tief in der allgemeinen Achtung geſunken, die Oſtmächte
143 1226 1399 1287 beſtanden darauf, daß der unbeugſame Oranier nicht allzu hart behandelt
143 1275 1399 1338 würde. Am 14. October ſtellte die Conferenz in Vierundzwanzig
142 1320 1398 1387 Artikeln neue Friedenspräliminarien feſt, welche für Holland günſtiger
142 1369 1398 1434 lauteten als die Achtzehn Artikel: der Streit über die Grenzen ſollte da-
142 1416 1397 1484 durch geſchlichtet werden, daß Belgien einen Theil der Provinz Limburg
143 1469 1398 1530 abtrat und dafür die weſtliche Hälfte von Luxemburg eintauſchte — immer
142 1517 1397 1582 mit Vorbehalt der Rechte des Deutſchen Bundes. Die Belgier murrten;
141 1564 1397 1629 ihr König aber ſah weiter, er verkannte nicht, daß ſein ungerüſteter Staat
141 1610 1396 1679 keinen Widerſtand wagen durfte, und nahm die Vierundzwanzig Artikel
142 1668 1395 1726 an. König Wilhelm hingegen hatte aus den Erfolgen ſeines Heeres neuen
144 1706 1394 1776 Muth geſchöpft und ließ in Berlin durch Prinz Albrecht von Preußen
141 1756 1395 1818 ſchroff erklären, „den ſchmachvollen Untergang Hollands“ könne er nimmer-
141 1809 1395 1873 mehr genehmigen. Dabei blieb er, auch als die preußiſche Regierung ihm
141 1858 1394 1921 in einer ausführlichen Denkſchrift vorhielt, daß Holland nach den Vier-
142 1904 1393 1970 undzwanzig Artikeln noch immer ein größeres Gebiet behalte als zu den
142 1949 1393 2019 Zeiten der Republik. Der kluge Coburger hatte alſo nochmals die großen
497 105 1066 145 Die 24 Artikel der Londoner Conferenz.
1372 114 1410 142 79
266 2050 1163 2099 Neſſelrode an Tatiſtſchew, in Berlin überreicht 30. Aug. 1831.
266 2090 1392 2140 Ancillon an Maltzahn, 23. Sept. 18. Oct., Neſſelrode an Tatiſtſchew, 7. Oct. 1831.
265 2129 799 2167 Neſſelrode an Lieven, 17. Nov. 1831.
268 2169 1392 2220 Witzleben an Ancillon, 22. Oct. Eichhorn’s Denkſchrift über die niederländiſche
138 2193 455 2240 Frage, 25. Oct. 1831.
