1600 2472
550 131 1139 167 V. 1. Die frohen Tage der Erwartung.
218 212 1460 261 volle Neigung, die Geſchäfte an der falſchen Stelle anzufaſſen; in beſter
218 260 1461 310 Abſicht verwirrte und verwickelte er die Frage alſo, daß beide Theile
219 308 1462 357 zugleich Recht und Unrecht hatten. Die Mehrzahl der Miniſter be-
219 356 1461 404 trachtete die ſtändiſche Geſetzgebung der Monarchie als endgiltig abge-
221 403 1461 451 ſchloſſen und verwarf jede Neuerung. Rochow vornehmlich, der vor acht-
222 450 1463 498 zehn Jahren den Verhandlungen der Notabeln über die Errichtung der
221 497 1461 544 Provinzialſtände beigewohnt, verſicherte in einer Denkſchrift zuverſichtlich,
221 543 1462 592 damals hätte „man allſeitig die allgemeine Verfaſſungsfrage für abgethan
222 591 1462 641 gehalten“. In ähnlichem Sinne äußerte ſich Gerlach; der nachdrücklich
222 639 1462 688 hervor hob, daß die zur Huldigung einberufenen Stände ſich unmöglich
223 687 1463 736 für befugt halten könnten eine ſo wichtige Angelegenheit alsbald zu ent-
224 735 1464 783 ſcheiden. Vor dieſem allgemeinen Widerſpruche verlor der König den
224 783 1465 830 Muth. Er legte ſich nicht die Frage vor, ob es nicht rathſam ſei, ſtatt
224 831 1464 876 der geplanten bedenklichen Halbheit vielmehr eine ganze Gewährung zu
225 879 1464 924 wagen und den Preußen ſogleich bei der Huldigung die Einberufung eines
225 928 1465 971 wirklichen, mit allen verheißenen Rechten ausgeſtatteten Reichstags anzu-
225 974 1466 1019 kündigen. Für ſolche Pläne konnte er an Radowitz oder Canitz freudige
226 1021 1466 1070 Helfer finden. Da er aber durchaus ſelbſt regieren wollte und in ſeinen
228 1069 1466 1116 Räthen immer nur gleichgiltige Werkzeuge ſah, ſo koſtete es ihn auch
227 1118 1466 1163 wenig Ueberwindung, ſich vorderhand noch mit Miniſtern zu behelfen,
227 1167 1467 1212 welche ſeinen reichsſtändiſchen Abſichten widerſtrebten. Schon halb ent-
228 1216 1468 1261 ſchloſſen die unbequemen Pläne vorerſt zu vertagen, beſuchte er den be-
227 1264 1469 1311 freundeten ſächſiſchen Hof und traf dort in Pillnitz, am 13. Auguſt mit
227 1312 1469 1358 dem Fürſten Metternich zuſammen. Er beſprach ſich mit ihm über die
228 1360 1468 1409 gemeinſamen Rüſtungen gegen Frankreich, über die nothwendige Reform
228 1410 1439 1456 der Bundesverfaſſung, nebenbei auch über die preußiſche Verfaſſungsfrage;
228 1456 1468 1502 und da der Oeſterreicher, wie zu erwarten ſtand, den Bedenken der preu-
229 1501 1468 1550 ßiſchen Miniſter lebhaft beipflichtete, ſo ließ der König für jetzt von ſeinen
229 1549 1469 1596 Vorſätzen ab. Alſo verſäumte er zum erſten male eine wunderbar günſtige
231 1598 1470 1644 Stunde; und oft genug hat er ſpäterhin bitterlich geklagt: „ich beweine
231 1647 1470 1690 eine neue verlorene Gelegenheit, wie deren ſo viele!!! ſeit Jahren
230 1697 1470 1743 verloren ſind.“ Auch jetzt ſchon war er keineswegs mit ſich zufrieden,
232 1745 1470 1792 ſondern ſagte traurig: „man wird ſehen, welche üblen Folgen das haben
230 1798 332 1833 wird.“
315 1842 1473 1889 Der Teſtamentsentwurf des alten Königs blieb alſo unausgeführt
232 1891 1472 1938 und wurde auf Befehl des Nachfolgers fortan ſtreng geheim gehalten.
232 1938 1472 1985 Nunmehr faßte Friedrich Wilhelm den Plan, die Befugniſſe der Pro-
231 1986 1473 2034 vinzialſtände Schritt für Schritt zu erweitern und dergeſtalt durch die
232 2035 1474 2080 belobte organiſche Entwicklung die dereinſtige Berufung der Reichsſtände
217 138 259 166 36
319 2121 586 2154 S. o. III. 237.
363 2156 1473 2194 Rochow’s Denkſchrift, 27. Juli; eine andere Denkſchrift ohne Unterſchrift, offen-
230 2201 693 2234 bar von Gerlach, 4. Aug. 1840.
356 2237 1096 2277 König Friedrich Wilhelm an Thile, 10. Juni 1847.
