1600 2516
117 216 1374 260 auf, ſeine Kriegsluſt war kaum mehr zu bändigen. „Ich habe“, ſagte er
116 262 1375 309 heftig, „von vornherein für die Legitimität kämpfen wollen und mich nur,
117 311 1377 358 weil ich der Jüngere bin, der reiferen Erfahrung des Königs gefügt.“
117 359 1377 405 Jetzt aber glaubte er zu wiſſen, daß nicht bloß die königlichen Prinzen,
118 406 1378 452 ſondern auch ſein Schwiegervater ſelber ſeine Anſicht theile und allein
119 452 1379 498 Bernſtorff mit den anderen Miniſtern die lauen Maßregeln Preußens
120 501 1381 547 veranlaßt habe. Nur ſchwer gab er dieſen Verdacht auf, den wahr-
119 549 1336 595 ſcheinlich Metternich’s Mittheilungen an Orlow hervorgerufen hatten.
205 598 1380 643 Schon längſt hatte er zu rüſten begonnen; nun befahl er neue Aus-
120 643 1379 692 hebungen und ließ ſie, „um die Revolution zu ſchrecken“, ganz gegen den
120 694 1380 741 ruſſiſchen Brauch in den Zeitungen veröffentlichen. Erſt auf Schöler’s
120 740 1382 789 dringende Vorſtellungen geſtattete er endlich, daß Neſſelrode in einem
122 786 1382 837 beſchwichtigenden Rundſchreiben an die Geſandtſchaften den Ernſt dieſer
122 833 1383 885 Drohungen etwas abſchwächte: die angeordneten Vorbereitungen, hieß es
122 884 1384 934 da, verfolgten nur die Abſicht, den Frieden und die vertragsmäßige Ord-
123 934 1385 983 nung Europas aufrechtzuerhalten; hoffentlich werde ſchon die Ankündigung
125 980 1385 1031 genügen, um „dieſen Zweck der Erhaltung“ zu erreichen. Unterdeſſen
126 1028 1386 1077 erſchöpfte Diebitſch in Berlin ſeine ganze Beredſamkeit, um immer wieder
124 1075 1386 1125 zu beweiſen, wie nothwendig der große Krieg und wie leicht er zu führen ſei.
125 1121 1386 1171 Doch ſeine diplomatiſchen Künſte, die ſich vor’m Jahre in Adrianopel ſo
126 1169 1387 1217 glänzend bewährt hatten, verſagten diesmal. Friedrich Wilhelm blieb feſt,
127 1219 1387 1265 und als der Feldmarſchall endlich in den erſten Decembertagen heim-
126 1264 1388 1315 kehrte, gab man ihm eine große, ſorgfältig vorbereitete Denkſchrift mit
128 1313 1388 1358 auf den Weg, welche dem Czaren noch einmal die leitenden Gedanken
126 1357 1155 1411 der preußiſchen Friedenspolitik vor die Augen führen ſollte.
215 1406 1103 1454 Nichts lag dem Könige ferner als der Gedanke einer Annäherung an
129 1455 1391 1515 den liberalen Weſten. Auf dem Bunde der Oſtmächte fußten alle ſeine
130 1503 1234 1568 Pläne, und auch der alten übermäßigen Vorliebe für die Ruſſen hatte er
130 1553 1392 1613 keineswegs entſagt. „Rußland“, ſo ſagte er, „iſt und bleibt die kräftigſte
132 1602 1393 1661 Stütze der Allianz, ſowohl wegen des hochherzigen Charakters ſeines Souve-
131 1651 1393 1710 räns, als wegen der Trefflichkeit ſeiner Heere.“ Er wollte nicht den Frieden
134 1700 1393 1760 um jeden Preis, ſondern verlangte, die großen Mächte ſollten dem Hofe
133 1749 1393 1803 des Palais Royal gemeinſam erklären, daß ſie die Politik der revolutio-
134 1798 1394 1859 nären Propaganda nicht dulden würden. Bei offenbarer Feindſeligkeit
134 1847 1395 1906 Frankreichs war er bereit, den Krieg ſogar ohne Englands Mitwirkung
134 1897 1394 1954 zu beginnen, während man in Petersburg ſelbſt noch immer an die Fort-
1334 134 1374 162 55
597 135 883 170 Ruſſiſche Rüſtungen.
263 1998 743 2034 Schöler’s Bericht 21. Nov. 1830.
204 2060 1395 2123 Schöler, Verbalnote an Neſſelrode, 8. November/27. October 1830; Neſſelrode, Circular-
136 2117 1051 2170 Depeſche 29. October a. St., nebſt Begleitſchreiben an Schöler.
261 2160 1397 2210 Bernſtorff, Mémoire sur la position de la grande alliance relativement
139 2199 1398 2252 à la France et à l’Europe, 24. November 1830. Entwurf dazu v. 9. Nov., nebſt
140 2240 722 2281 „Fragen und Anweiſungen“ des Königs.
