1600 2472
145 226 1391 274 nur erſchweren. In der That mußte Preußen wieder ins Mittel
144 225 1389 338 treten. Radowitz der vielgeplagte reiſte im Januar 1842 nochmals nach
145 316 1389 385 Wien, München, Stuttgart und brachte mit unſäglicher Mühe einen Ver-
144 365 1388 440 gleich zu Stande, kraft deſſen Württemberg den Gouverneur, Baiern den
145 410 1388 480 Commandanten der zukünftigen Feſtung ernennen ſollte. Ein Glück
144 462 1387 529 nur, daß der preußiſche Major Prittwitz, einer der tüchtigſten Ingenieure
143 508 1387 579 aus Aſter’s Schule, ſich durch ſein anſpruchsloſes Weſen und unbeſtreit-
141 552 1387 624 bares Talent das perſönliche Vertrauen König Wilhelm’s gewann; ſo
141 598 1272 672 ließ man ihn bei ſeinen Ulmer Bauplänen ziemlich frei gewähren.
223 650 1386 723 Im October 1844 wurde der Grundſtein für die beiden Feſtungen
141 695 1385 755 gelegt, und nunmehr ſchritt der Bau langſam aber ununterbrochen vorwärts.
141 740 1385 817 Rothſchild mußte die 20 Mill. Fr. die ihm ſo vielen Segen gebracht, nach
140 790 1385 869 und nach herauszahlen; er hatte ſie in den letzten Jahren, auf Preußens
140 834 1386 902 Andringen, etwas höher als früher, mit 3—3½ Procent verzinſt; jetzt
140 888 1385 946 zog er bei jeder Rückzahlung ½ Procent Proviſion ab, und der Bundes-
142 931 1384 997 tag ließ ſich dieſe vertragswidrige Uebervortheilung gefallen, weil die Frank-
141 975 1384 1046 furter Bankiers, die es mit dem mächtigen Hauſe nicht verderben wollten,
138 1022 1385 1097 inbrünſtig betheuerten, günſtigere Bedingungen könne Niemand ſtellen.
221 1075 1383 1143 Das war das einzige werthvolle Geſchenk, das der Deutſche Bund
138 1119 1384 1192 ſeinem begeiſterten königlichen Verehrer verdankte, und es ward dargebracht
137 1167 1384 1242 mit einer Großmuth, welche der wohlberechtigten Anſprüche Preußens gar
137 1213 1383 1289 nicht gedachte. Friedrich Wilhelm verſuchte nicht einmal, für ſeine Truppen
136 1259 1381 1337 das Mitbeſatzungsrecht in den oberdeutſchen Bundesfeſtungen zu fordern,
137 1304 1382 1378 ſondern bewilligte ganz unbedenklich, daß Oeſterreich im Frieden für Ulm
137 1350 1381 1425 einen Theil der Artillerie, für Raſtatt die Pioniere, im Kriege für beide
137 1399 1382 1477 Feſtungen ein Drittel der Beſatzung ſtellen ſollte; ließ man die Oeſter-
135 1449 1382 1521 reicher alſo bis zum Oberrhein vorgehen, ſo ſchien der preußiſche Staat
135 1499 1381 1576 auf die Vertheidigung Süddeutſchlands, die er doch 1831 und 1840 für
134 1548 1383 1625 ſich gefordert hatte, für die Zukunft freiwillig zu verzichten. Daß Raſtatt
133 1594 1380 1675 jemals, ſo wie es im Jahre 1870 wirklich geſchah, einen Angriff auf Straß-
132 1644 1379 1724 burg unterſtützen könnte, ward noch gar nicht als möglich angenommen;
133 1696 1378 1772 nur Vertheidigungszwecken ſollte die neue Bundesfeſtung dienen und auch
131 1740 1379 1815 die Arbeiten der ſüddeutſchen Generalſtabsoffiziere erörterten immer nur
131 1789 1378 1870 die klägliche Frage, wohin man ſich bei einem franzöſiſchen Angriffe
132 1840 440 1887 zurückziehen müſſe.
216 1889 1377 1965 Seit im Frühjahr 1841 die Kriegsrufe der Franzoſen ſchwächer wurden,
130 1932 1375 2012 ließ der politiſche Eifer der kleinen Höfe überall nach; ſie alle prieſen ſich
129 1980 1377 2059 im Stillen glücklich, daß der Deutſche Bund wieder in ſeine Nichtigkeit
129 2033 1376 2106 zurückſank. Baden hatte noch zu Anfang des Jahres einen recht ver-
1330 157 1389 185 103
637 145 890 180 Ulm und Raſtatt.
252 2155 866 2202 Bülow’s Bericht, Frankfurt 24. Dec. 1891.
254 2195 747 2240 Rochow’s Bericht, 16. Febr. 1842.
252 2234 1209 2293 Berichte von Bülow, 7. März 1842, von Dönhoff, 2. Febr. 1847.
