1600 2452
115 222 1333 274 den Brief des Großherzogs: das Schreiben werde allgemein getadelt „als
118 268 1333 321 ein unangemeſſenes, im beſten Falle überflüſſiges Vortreten, bei welchem
117 318 1332 367 man nichts anders als eine Zurückweiſung erwarten kann.“ Gleich nach-
113 362 1332 413 her brach er das Amtsgeheimniß und ſendete den tadelnswerthen Brief
114 411 1331 458 an jene Hamburger Zeitung. Der Schlag gelang; faſt die geſammte Preſſe
114 456 1331 504 ſprach ſich für das gute Recht Badens aus, ſelbſt die Augsburger Allge-
112 502 1331 550 meine Zeitung nahm Partei gegen Baiern, da der kluge Cotta die Gunſt
112 548 1329 597 des Königs von Württemberg nicht verlieren wollte. Und nun ſchrieb
112 593 1331 644 Varnhagen unſchuldsvoll: die unbefugte Veröffentlichung errege großes
112 639 1331 693 Aufſehen, der Erfolg ſcheine aber dem badiſchen Hofe günſtig; „die Be-
111 687 1331 742 rufung auf die öffentliche Meinung in dem Schreiben des Großherzogs
111 734 1331 790 neigt deren Gunſt mit Macht auf die Seite, wo ſie ſich geſchmeichelt fühlt.“
194 783 1332 838 Sollte dieſe Gunſt der öffentlichen Meinung der badiſchen Sache
111 827 1332 881 erhalten bleiben, ſo mußte man entſchloſſen in das Fahrwaſſer der con-
111 871 1315 926 ſtitutionellen Politik einlenken. Reitzenſtein täuſchte ſich nicht darüber;
111 916 1331 971 er ſah auch ein, daß die Verkündigung der Verfaſſung das einzige Mittel
110 962 1330 1018 war um dem murrenden Volke wieder Vertrauen auf die Zukunft des
111 1007 1339 1065 Staates einzuflößen und zugleich dem Hauſe Zähringen die Gnade des
109 1053 1329 1111 Kaiſers Alexander wiederzugewinnen. Der Czar zeigte ſich ſehr kühl
111 1101 1328 1154 gegen das Recht ſeiner badiſchen Vettern; er war es ſogar, der auf dem
109 1148 1328 1204 Wiener Congreſſe den unglücklichen Gedanken des Rückfalls der Pfalz
110 1196 1327 1242 zuerſt angeregt hatte — ſo verſicherte wenigſtens Wrede dem General
109 1243 1326 1298 Zaſtrow. Von München aus ward nichts verſäumt um den ruſſiſchen
110 1292 1327 1346 Gönner bei guter Stimmung zu halten; der Geſandte Graf Bray legte
109 1340 1326 1394 alle die neuen Verfaſſungsgeſetze, die für Baiern geplant wurden, dem
108 1387 1326 1443 Czaren zur Genehmigung vor, und dieſem war niemals ein Vorſchlag
108 1431 1325 1490 freiſinnig genug. Die chriſtlich-liberale Begeiſterung des Selbſtherrſchers
108 1478 1326 1538 erreichte eben in dieſen Tagen ihren Siedepunkt. Für die beſorgten Briefe
108 1522 1325 1580 Metternichs, der ſeinem Freunde Neſſelrode beſtändig „die ſchwere Krank-
106 1567 1306 1631 heit Europas“ ſchilderte, hatte Alexander nur ein überlegenes Lächeln;
108 1615 1324 1677 wie viel ſtolzer klang es doch, wenn der bewegliche Kapodiſtrias, jetzt ſein
107 1661 1323 1722 nächſter Vertrauter, in feuriger Rede den Kernſatz ausführte: „Inſtitu-
105 1708 1321 1764 tionen ſind die große Forderung des Jahrhunderts!“ Am 27. März 1818
106 1755 1322 1811 eröffnete der Kaiſer den erſten Reichstag des neuen Königreichs Polen
104 1800 1322 1858 mit einer ſchwungvollen Thronrede, die in ganz Europa mächtig wider-
104 1846 1320 1909 hallte. Sie forderte die Polen auf, den Zeitgenoſſen zu beweiſen, daß
104 1895 1322 1953 die liberalen Inſtitutionen mit der Ordnung vereint das wahre Glück
104 1945 1322 2004 der Völker begründen, und verſprach den Ruſſen, auch ſie ſollten in einiger
104 1991 840 2036 Zeit des gleichen Glückes theilhaftig werden.
1272 165 1331 193 371
589 154 861 188 Varnhagen v. Enſe.
1071 2247 1118 2272 24*
245 2112 905 2149 Varnhagens Berichte, 18. März, 6. Mai 1818.
241 2151 833 2188 Zaſtrows Bericht, München 2. Nov. 1818.
242 2189 969 2236 Blittersdorffs Bericht, Petersburg 17. Auguſt 1818.
