1600 2472
247 211 1490 264 Rachſucht des Czaren befriedigt, Englands mediterraniſche Herrſchaft be-
246 259 1490 313 feſtigt und für ſich ſelbſt nichts davon getragen hätte als einige werthloſe
247 306 792 352 Grenzplätze in Elſaß-Lothringen.
328 355 1488 408 König Friedrich Wilhelm ließ ſolche Erwägungen gar nicht an ſich
244 401 1489 454 herankommen; für ihn hatte der Gedanke eines dritten Pariſer Einzugs
245 448 1489 500 keinen Reiz. Er wollte den Frieden, nichts als den Frieden. Erſt als
242 496 1488 549 die franzöſiſchen Drohungen unſere Weſtgrenze gefährdeten, rüſtete er ſich
241 544 1489 596 zur Abwehr, und für dieſen beſcheidenen Zweck der Vertheidigung Deutſch-
241 591 1489 638 lands arbeitete die preußiſche Politik, die ſich in den internationalen Lon-
241 640 1488 692 doner Verhandlungen ſo ſchwächlich, ſo widerſpruchsvoll gezeigt hatte, mit
240 687 1486 741 ehrenwerther Umſicht und Beharrlichkeit. Der König dachte die Gelegen-
240 736 1486 788 heit zu benutzen und mit dem Bundesheerweſen zugleich die geſammte
239 783 1485 835 deutſche Bundespolitik, die ſeinem Herzen ſo theuer blieb, neu zu beleben.
238 831 1469 885 „Zu Frankfurt“, ſo geſtand er einem Vertrauten, „brau’ ich mein Eigenſtes;
238 879 1483 934 zu keiner Geſandtſchaft ſteh’ ich in ſo unmittelbarem Verhältniß als zu
237 927 1482 980 dieſer.“ Er wußte, wie eifrig ſein Vater ſich während der letzten Jahre
237 975 1484 1025 bemüht hatte, in Frankfurt durch Radowitz eine Verbeſſerung der elenden
237 1022 1484 1078 Bundeskriegsverfaſſung zu bewirken, und wie kläglich alle dieſe Bemüh-
238 1070 1483 1118 ungen an der Gleichgiltigkeit Oeſterreichs geſcheitert waren. Gerade in
229 1118 1482 1168 den Tagen des Thronwechſels berichtete Radowitz hoffnungslos über die
235 1166 1481 1219 Haltung der Hofburg: „Bei völliger Kenntniß und Einſicht in die vor-
235 1215 1484 1270 handenen Gebrechen iſt dennoch das Intereſſe an deren Heilung nicht
234 1264 1424 1318 groß genug oder die Berückſichtigung anderweiter Motive zu vorwiegend.“
234 1314 1480 1365 Durch den Zauber ſeiner Beredſamkeit hoffte der neue König dieſen Wider-
232 1364 1479 1416 ſtand zu überwinden; ſchon auf der Pillnitzer Zuſammenkunft ſagte er
231 1412 1478 1461 zu Metternich tiefbewegt, fortan müſſe eine neue Zeit auch für die Bundes-
230 1460 1477 1510 politik kommen. Der Oeſterreicher wich aber aus und vermied auch ferner-
232 1507 1173 1551 hin ängſtlich jedes Geſpräch über den Deutſchen Bund.
319 1554 1476 1609 Metternich verbrachte den Auguſt und September in Königswart,
232 1600 1476 1653 wohin er die Geſandten aller Großmächte nebſt dem päpſtlichen Nuntius
231 1648 1476 1706 eingeladen hatte. Mit Spannung beobachtete die diplomatiſche Welt dieſen
230 1696 1477 1756 geheimnißvollen Congreß. Fleißiger denn je arbeitete Metternich’s Feder;
230 1744 1476 1801 ungezählte Depeſchen flogen aus ſeinem böhmiſchen Schloſſe in alle Welt
231 1793 1476 1852 und ſie klangen alle in hohem Tone. „Die Frage iſt ganz einfach die
224 1841 1476 1901 des die Pforte zu ſeinem Vortheil freſſen wollenden Paſchas von Aegypten,“
228 1890 1473 1946 ſo ſchrieb er nach Frankfurt. Die orientaliſche Verwicklung war und
226 1939 1472 1996 blieb ihm nur ein Kampf zwiſchen der Revolution und dem legitimen
228 1988 1471 2044 Sultan; den Bürgerkönig ſuchte er zu erſchrecken durch den Bericht eines
226 2038 1471 2095 k. k. Agenten, der ſeit Jahren allen Pariſer revolutionären Clubs ange-
225 2087 1469 2142 hörte und beſtimmt verſicherte, die Radikalen planten einen neuen Streich
689 132 1052 171 V. 2. Die Kriegsgefahr.
246 127 288 156 90
351 2168 1114 2204 König Friedrich Wilhelm an Rochow, 9. April 1842.
350 2208 1467 2256 Radowitz, Bericht an Werther, 2. Juni. Eichhorn an den Kriegsminiſter v. Rauch,
221 2249 420 2279 9. Juli 1840.
