1600 2528
272 236 1518 292 Dictator auftreten durfte. Seine Abſicht, das Repräſentativſyſtem überall
271 284 1516 344 durch landſtändiſche Verfaſſungen zu verdrängen, war in Karlsbad ge-
270 333 1518 391 ſcheitert; um wie viel weniger konnte ſie hier in Wien durchdringen, auf
270 382 1516 438 umſtändlichen, förmlichen Miniſterconferenzen, wo die Künſte der Ein-
269 430 1514 487 ſchüchterung und der Ueberraſchung nichts ausrichteten. Er fügte ſich alſo
268 476 1515 535 klug in die Umſtände und gab ſchon dem Einladungsſchreiben, das am
270 526 1514 582 16. Oktober an die kleinen Souveräne abging, eine beſcheidene, unver-
268 573 1512 630 fängliche Form: nur „eine vorbereitende Rückſprache“ zwiſchen den deut-
265 620 1513 680 ſchen Regierungen ſei beabſichtigt, damit der Bundestag für die wichtigen
263 669 1512 725 Beſchlüſſe, welche Graf Buol am 20. September angekündigt, überein-
263 716 845 762 ſtimmende Inſtruktionen erhalte.
347 765 1510 819 Als nun in der zweiten Hälfte des Novembers die geladenen Be-
262 812 1510 870 vollmächtigten aller ſiebzehn Stimmen des engeren Rathes ſich bei ihm
261 859 1509 917 meldeten, da fand er die meiſten wohlgeſinnt, bereit zu Allem, was den
260 908 1508 968 Beſtand des „monarchiſchen Princips“ irgend befeſtigen konnte, aber auch
260 957 1509 1017 voll Furcht vor einer neuen Schmälerung ihrer Souveränität, und willig
259 1004 1507 1064 ging er auf die verſöhnlichen Rathſchläge ein, welche ihm Bernſtorff in
259 1052 1506 1112 vertraulichen Vorbeſprechungen ertheilte. Die Beiden wurden einig, von
256 1101 1506 1161 den September-Beſchlüſſen „nicht um ein Haar“ abzuweichen, auch keine
257 1151 1505 1212 erneute Beſprechung des Geſchehenen zu geſtatten; fortan aber ſollte ſich
256 1198 1506 1260 die Karlsbader Politik „in den Grenzen des Ausführbaren“ halten, auf
255 1248 1505 1308 dem Wege des „Glimpfs und der Eintracht“ nach einer Ausgleichung mit
254 1297 1504 1355 den anders geſinnten Bundesgenoſſen ſtreben, bei der ſchwierigen Ausle-
253 1347 1504 1400 gung des Art. 13 zugleich das monarchiſche Princip und die Bundesein-
252 1393 1503 1455 heit ſichern und doch Schonung üben gegen die Staaten, welche bei ihrem
251 1443 1501 1503 Verfaſſungswerk „jene doppelte Rückſicht großentheils ſchon aus den Augen
248 1491 1501 1552 verloren hatten“. Um den Argwohn der kleinen Höfe von vornherein
249 1541 1502 1602 zu beſchwichtigen, erging ſich Metternich in brünſtigen Betheuerungen ſeiner
249 1588 1499 1651 Bundestreue: die Bundesakte, ſo verſicherte er gleich in der erſten Sitzung,
246 1636 1500 1700 ſei für den Wiener Hof ſchlechthin heilig; ſelbſt wenn ſich ein Sprach-
248 1684 1498 1742 fehler darin nachweiſen ließe, würde Kaiſer Franz niemals ein Wort in
244 1733 1499 1798 dieſer heiligen Urkunde abändern laſſen. Damit war unzweideutig ange-
246 1782 1496 1846 kündigt, daß Oeſterreich eine willkürliche Verſtärkung der Bundesgewalt,
246 1830 1495 1895 wie ſie in Karlsbad beſchloſſen worden, für jetzt nicht wieder beabſichtigte.
330 1879 1496 1941 Die Vertreter der beiden Großmächte erwarteten anfangs eine leb-
244 1928 1495 1992 hafte Oppoſition von Seiten Baierns und Württembergs, doch ſahen ſie
244 1976 1493 2042 ſich bald angenehm enttäuſcht. Der bairiſche Bevollmächtigte, Zentner
243 2028 1493 2091 verſtand den Wünſchen beider Parteien des Münchener Cabinets zu ge-
653 155 1111 195 III. 1. Die Wiener Conferenzen.
273 149 292 178 6
368 2119 1491 2174 Metternich an Berſtett, 16. Okt. 1819, nebſt Einladungsſchreiben an die Groß-
241 2159 622 2195 herzöge von Heſſen u. ſ. w.
365 2200 1490 2252 Bernſtorff’s Bericht, 24. Nov.; Bernſtorff an Ancillon, 23. Nov. 1819, an
239 2240 558 2277 Goltz, 25. März 1820.
361 2282 1488 2334 Bernſtorff’s Berichte, 30. Nov., 7. Dec.; Bernſtorff an Ancillon, 30. Nov. 1819.
