1600 2472
238 223 1484 271 entgegenſetzen, daß vielleicht die Türkei ſelbſt darüber in Trümmer gehen
238 271 1483 318 könnte. Palmerſton kannte die augenblickliche Lage beſſer, er verſprach ſich
238 319 1485 365 einen raſchen Erfolg von den Zwangsmaßregeln gegen den Aegypter. Die
240 366 1484 413 Verhandlungen zogen ſich durch mehrere Monate ohne Entſcheidung dahin.
238 411 1485 458 Unterdeſſen klagten die Geſandten der drei Oſtmächte laut und lauter
236 461 1485 506 über die „ſubverſive“ Politik der Tuilerien, die Londoner Regierungsblätter
239 508 1484 553 ſprachen von Frankreich in einem anmaßenden Tone, der von drüben
239 556 1487 602 ebenſo kräftig erwidert wurde. Palmerſton fühlte ſich durch den hart-
238 602 1485 648 näckigen Widerſpruch der Franzoſen ſchwer gereizt und ſagte in einem
238 650 1484 698 Artikel ſeines Morning Chronicle drohend: England würde ſich gezwungen
238 698 1485 748 ſehen den alten Vierbund der conſervativen Mächte zu erneuern. Brunnow,
238 746 1486 794 der mit ſeiner glatten, kühlen Freundlichkeit dem ungeſtümen Lord immer
237 794 1486 843 überlegen blieb, half in der Stille nach. Mehr und mehr befreundeten
238 842 1485 891 ſich die Geſandten mit der ruſſiſchen Anſicht, daß man die orientaliſche
237 892 1365 939 Frage auch zu Vieren, ohne Frankreichs Mitwirkung, löſen könne.
322 940 1486 986 Dennoch zauderte Palmerſton noch lange. Die ſchwache, von Lord
238 986 1486 1036 Melbourne ſehr ſchlaff geleitete Whig-Regierung hatte ſich längſt über-
237 1035 1485 1083 lebt. Schon vor’m Jahre war ſie durch das Parlament geſtürzt und nur
236 1082 1486 1133 durch den lächerlichen Zwiſchenfall der ſogenannten Schlafſtubenfrage vor-
237 1130 1484 1181 läufig wieder aufgerichtet worden. Damals hatte die junge Königin zum
236 1178 1484 1228 erſten male etwas gezeigt was einem politiſchen Willen ähnlich ſah und
238 1227 1485 1280 ſich entſchieden geweigert ihre whiggiſtiſchen Hofdamen, wie die Torys
238 1277 1485 1327 verlangten, zu entlaſſen. Nur dieſer perſönlichen Vorliebe der Monarchin
240 1328 1484 1376 verdankten die Whigs die Wiederherſtellung ihrer Herrſchaft, welche ſchon
236 1377 1485 1427 ſeit Jahren nicht mehr auf eine feſte Mehrheit im Parlamente zählen
236 1427 1483 1473 konnte. Und dies altersmüde Cabinet war über die Fragen der großen
237 1474 1484 1522 Politik keineswegs eines Sinnes. Die Lords Holland, Clarendon, Grenville,
235 1522 1484 1571 viele andere der nächſten Freunde und Amtsgenoſſen Palmerſton’s hielten
237 1569 1483 1616 einen Bruch mit Frankreich für rein undenkbar; auf der entente cor-
238 1615 1484 1667 diale oder ihrem Namen beruhte ja die ganze Stellung, welche England
235 1664 1484 1717 während des letzten Jahrzehntes in Europa eingenommen hatte. Selbſt
236 1711 1484 1766 unter den Torys war die Meinung weit verbreitet, daß die Quadrupel-
237 1759 1484 1814 allianz der liberalen Weſtſtaaten den Weltfrieden, das Gleichgewicht Euro-
236 1808 1484 1863 pas aufrecht erhalten habe und nimmermehr durch die Erneuerung des
236 1858 1483 1911 alten conſervativen Vierbundes erſetzt werden dürfe. Alſo wurde Pal-
236 1906 1484 1960 merſton zwiſchen den verſchiedenſten Bedenken hin und her geſchleudert
235 1955 1484 2010 und gelangte immer wieder zu dem Schluſſe: man müſſe die Dinge hin-
237 2003 1484 2058 zuhalten ſuchen. Er hoffte kaum noch den Tuilerienhof umzuſtimmen
235 2053 1483 2106 und wollte doch den Bruch vermeiden. Noch am 11. Juni ſchrieb er
235 2102 1484 2155 dem drängenden öſterreichiſchen Bevollmächtigten Neumann: „Ich ziehe
234 2150 1482 2199 eine zeitweilige Verzögerung einem ſofortigen ſchlechten Ende vor.“
684 139 1043 177 V. 2. Die Kriegsgefahr.
239 138 281 166 74
361 2224 995 2257 Bülow’s Berichte, 26. Mai, 26. Juni 1840.
361 2264 974 2298 Palmerſton an Neumann, 11. Juni 1840.
