1600 2528
622 154 1090 196 III. 1. Die Wiener Conferenzen.
231 233 1488 297 richtet, energiſch, blieb er fortan durch viele Jahre eine Säule der hoch-
233 282 1487 342 conſervativen Partei in Süddeutſchland. Otterſtedt, der ſich ſeines be-
231 331 1484 385 ſonderen Vertrauens erfreute, urtheilte über ihn: „er lebt nur in und
229 378 1484 439 mit dem monarchiſchen Princip, das er wie ein wahrer Chevalier zu ver-
230 426 1483 489 theidigen verſteht.“ Die Stimmung des Prinzen verdüſterte ſich noch
228 474 1481 533 mehr, da eben in dieſen Tagen auch die alte feſte Mannszucht des kleinen
225 520 1481 581 Heeres, dem er mit Leib und Seele angehörte, zu wanken ſchien. Leut-
226 570 1480 632 nant Schulz, jener Genoſſe der Unbedingten, der das revolutionäre Frag-
226 618 1480 680 und Antwortsbüchlein unter die Bauern geworfen hatte, wurde vom Kriegs-
222 665 1479 729 gerichte freigeſprochen. Ein ſo ungerechter Wahrſpruch — Grolmann ſelbſt
221 714 1478 775 konnte das nicht in Abrede ſtellen — wäre vor einem Jahre noch un-
221 763 1477 826 möglich geweſen; es ließ ſich nicht verkennen, daß die aufregenden Nach-
218 811 1476 866 richten von den ſpaniſchen und italieniſchen Soldatenmeutereien das mi-
219 858 1464 921 litäriſche Pflichtgefühl der Offiziere des Kriegsgerichts verwirrt hatten.
303 906 1475 972 Auch du Thil, der an dem entſcheidenden Beſchluſſe des Miniſte-
216 953 1473 1019 riums keinen Antheil genommen, ſprach ſich ſehr beſorgt aus. Er gab
219 1002 1471 1062 wohl zu, daß der Beſtand einer Verfaſſung beruhigend wirken könne:
217 1052 1472 1110 denn wie die Welt vor dreihundert Jahren für und wider die Trans-
218 1100 1471 1159 ſubſtantiation kämpfte, ſo „iſt Conſtitutionsſucht heute die Modekrank-
213 1148 1469 1214 heit“. Dennoch hielt er es für „eine unbegreifliche Unbeſonnenheit, das
213 1197 1469 1265 furchtbare Beiſpiel zu geben, daß die Volksvertretung mit der Regierung
211 1246 1467 1312 über die Verfaſſung unterhandelt.“ Otterſtedt vollends, der ewig Auf-
209 1298 1464 1363 geregte, redete in ſeinen Berichten, als ob die Jakobiner obenauf wären;
211 1347 1465 1413 er beſchwor ſeine Regierung, in einem Miniſterialſchreiben ihre förmliche
209 1393 1462 1463 Mißbilligung auszuſprechen: auf keinen Fall dürfe Grolmann, nach ſolchen
206 1446 1463 1510 Beweiſen der Unzuverläſſigkeit, das Miniſterium des Auswärtigen be-
205 1496 317 1538 halten.
288 1547 1462 1604 Der alte Großherzog ſelber begann bereits wieder zu ſchwanken und
203 1596 1459 1651 verſprach ſeinem Sohne Emil im tiefſten Vertrauen, daß Grolmann das
205 1643 1460 1704 auswärtige Amt an du Thil abtreten ſolle, ſobald die großen Mächte es
202 1689 1461 1756 verlangten. Die Diplomaten der Nachbarſchaft blickten voll Angſt auf
202 1738 1459 1802 „das Theater der Intrigue“, das ſich in Darmſtadt aufgethan; Goltz in
202 1786 1458 1854 Frankfurt hielt für ausgemacht, daß der Unheilsmann Wangenheim auch
201 1835 1457 1902 hier wieder die Hand im Spiele gehabt, und Marſchall ſchalt: ſo laſſe
200 1884 1456 1950 „ein ſchwacher Regent und ein unerfahrener unbeholfener Miniſter die
198 1933 1454 2001 Zügel aus der Hand“ gleiten. Der preußiſche Hof aber bewahrte auch
196 1983 1454 2049 diesmal, wie noch bei allen Verfaſſungskämpfen des Südens, eine wohl-
196 2032 1453 2099 wollende Zurückhaltung. Der vielgeſchäftige Geſandte erhielt die ſtrenge
234 148 275 177 64
321 2125 1345 2174 Otterſtedt’s Bericht, 23. Okt.; Grolmann an Otterſtedt, 19. Okt. 1820.
320 2166 874 2206 Du Thil an Otterſtedt, 23. Okt. 1820.
317 2206 1449 2264 Otterſtedt’s Berichte, 18., 23., 29. Okt. Prinz Emil v. Heſſen an Otterſtedt,
192 2249 394 2278 29. Okt. 1820.
322 2289 1334 2335 Goltz an Hardenberg, 21. Nov.; Marſchall an Berſtett, 16. Okt. 1820.
