1600 2444
525 144 1010 182 Preußiſche Entwürfe im December.
151 217 1379 265 jetzt gegen jede Kreiseintheilung. Auch Münſter ſtimmte dem öſterreichi-
151 263 1377 310 ſchen Freunde bei, ſobald dieſer ihm das Schreckgeſpenſt der norddeutſchen
151 315 680 357 Hegemonie vor die Augen hielt.
235 356 1378 404 So geſchah es, daß Humboldt jetzt gleichzeitig zwei Entwürfe für
150 402 1379 447 die Bundesacte ausarbeiten mußte, den einen mit, den anderen ohne
151 449 1379 498 Kreiſe; in beiden waren die weſentlichen Grundgedanken der Zwölf Ar-
152 497 1380 545 tikel beibehalten. Am 9. December erörterte der Raſtloſe in einer Denk-
153 546 1380 591 ſchrift die Vorzüge der Kreisverfaſſung: ſie ſei unentbehrlich um den
152 591 1381 639 kleinſten Staaten einen geordneten Inſtanzenzug für ihr Gerichtsweſen
153 638 1381 688 zu ſichern und die militäriſche Kraftanſpannung ſchon im Frieden vor-
154 684 1382 733 zubereiten; das Gegentheil ging nur an unter „dem bonapartiſtiſchen
157 730 1383 780 Syſteme“, das in beſtändigem Kriegszuſtande lebte und vor keinem
155 777 1382 826 Mittel zurückſchrak. Zugleich verſucht er den Klagen der Kleinſtaaten
155 824 1383 872 über Unterdrückung zu begegnen und ſchlägt vor, außer Baden und
154 871 1384 920 Kurheſſen noch drei jährlich wechſelnde Mitglieder des Fürſtenrathes in
155 918 1385 967 den Rath der Kreisoberſten aufzunehmen. Zwei Tage ſpäter über-
157 963 1383 1011 ſandte er die vollendeten Entwürfe dem Staatskanzler, betonte nochmals,
157 1009 1384 1056 wie wichtig die Kreisverfaſſung für Preußens zerſtückelte Lage ſei, rieth
157 1056 1385 1102 aber trotzdem nicht allzu ängſtlich auf dieſer Forderung zu beſtehen, denn
158 1101 1386 1150 unſere Stärke in Deutſchland werde immer zum Theil eine moraliſche
159 1148 1387 1198 ſein, und viel komme darauf an, „daß Preußen den kleinen Fürſten nicht
159 1195 1386 1242 als eine Gefahr, ſondern als ein Schutz erſcheine.“ Jetzt endlich, nach
158 1244 1387 1292 faſt drei Monaten fruchtloſer Verhandlungen, ſtieg dem geiſtvollen Manne
160 1292 1386 1340 eine Ahnung, aber auch nur eine Ahnung auf von Oeſterreichs bundes-
159 1339 1387 1387 freundlichen Abſichten. „Man hat uns, ſchrieb er, gern bei der deutſchen
162 1383 1389 1432 Verfaſſungsangelegenheit vorangeſtellt und uns leicht und gern in Allem
161 1427 1388 1478 nachgegeben, weil man es lieber mochte, wenn lieber wir (da man auch
162 1473 1388 1522 von uns wußte, daß wir immer eine feſte und kräftige Verfaſſung wollen
162 1520 1389 1568 würden) den Fürſten, denen allen die Feſſeln einer Conſtitution läſtig
163 1568 1390 1619 ſind, unangenehm würden und gefährlich erſchienen.“ Daß aber die Hof-
162 1617 1391 1667 burg ſelber eine feſte und kräftige Verfaſſung nicht wollen konnte, war
162 1665 1393 1715 ihm noch immer nicht klar geworden; vielmehr hoffte er ſich raſch mit
165 1714 1391 1762 Oeſterreich und Hannover über einen der beiden Entwürfe zu verſtändigen
165 1760 1392 1807 und etwa in acht Tagen die Verhandlungen mit Baiern und Württem-
164 1804 1391 1853 berg wieder aufzunehmen. Während die preußiſchen Staatsmänner
165 1846 1390 1900 alſo, treufleißig und arglos, Waſſer in das deutſche Danaidenfaß ſchöpften,
165 1893 1392 1945 verhandelte Metternich mit Münſter insgeheim über den Plan eines Deut-
169 1949 651 1991 ſchen Bundes ohne Preußen!
252 1983 1392 2037 Stein verſah die Arbeit Humboldts mit ſeinen Bemerkungen, for-
1314 142 1376 173 689
222 2218 1194 2253 Treitſchke, Deutſche Geſchichte. I. 44
279 2100 1394 2148 Humboldts Denkſchrift über die beiden neuen Entwürfe zur Bundesacte, 9. De-
170 2152 351 2179 cember 1814.
282 2183 909 2221 Humboldt an Hardenberg, 11. Decbr. 1814.
