1600 2516
495 148 1193 187 IV. 1. Die Juli-Revolution und der Weltfriede.
211 229 1462 279 wurde leicht gewonnen. Der Hartnäckigkeit des Königs der Niederlande
212 276 1462 333 aber ließ ſich mit Ueberredung nicht beikommen. Obwohl er in die Thei-
210 323 1462 380 lung ſeines Königreichs längſt gewilligt hatte und nur noch gegen einzelne
210 370 1460 428 Artikel des Vertrages ſachliche Einwände erhob, ſo fühlte er ſich doch
209 419 1461 471 durch das rückſichtsloſe Verfahren der Conferenz tief beleidigt. Er wollte
210 466 1462 522 dem Coburgiſchen Thronräuber nicht verzeihen und hoffte insgeheim auf
210 513 1459 567 einen allgemeinen Krieg, der Hollands Entwürdigung noch abwenden
209 560 1459 617 ſollte. „Nach Allem was geſchehen“, ſchrieb er ſeinem Schwager, „iſt es
208 607 1458 665 mir unmöglich, in Leopold nicht nach wie vor meinen Feind zu ſehen.
209 653 1459 711 Meine Sache iſt nicht meine eigene, ſie iſt allen rechtmäßigen Regie-
207 703 1457 760 rungen gemeinſam.“ Vergeblich hielt ihm Friedrich Wilhelm vor, daß
206 747 1458 805 Holland ſich durch ſeine Unverſöhnlichkeit den Beiſtand ſeiner Verbün-
206 796 601 842 deten ſelbſt verſcherze.
291 844 1457 903 Der Oranier nahm dieſe Drohung nicht für Ernſt; er zählte auf
207 891 1549 951 Rußlands Beiſtand, denn Nikolaus wiederholte beſtändig: ich ratificire
206 938 1455 999 nicht eher, als bis der rechtmäßige König die Belgier aus dem Unterthanen-
205 988 1455 1047 verbande entlaſſen hat. So drehte man ſich im Kreiſe; die beiden Legi-
203 1035 1455 1092 timiſten in Petersburg und im Haag verſteckten ſich einer hinter dem
204 1086 1455 1136 andern. Da Ancillon’s Denkſchriften auf den Czaren keinen Eindruck
203 1134 1454 1193 machten, ſo ſchrieb König Friedrich Wilhelm ſelbſt: er achte, ja er theile
202 1184 1452 1240 die Gefühle ſeines Schwiegerſohnes, aber „ich habe meinem Herzen
202 1232 1453 1288 Schweigen auferlegt um den Geboten der politiſchen Vernunft zu ge-
201 1279 1452 1334 horchen“; nicht um der Oranier ſondern um Europas willen ſei Belgien
202 1325 1453 1382 einſt mit Holland vereinigt worden, alſo dürfe man auch bei der Tren-
200 1378 1452 1433 nung nur das allgemeine Intereſſe im Auge haben; bei einem allge-
200 1422 1451 1482 meinen Kriege bilde Rußland doch nur die Nachhut, die Laſt des Kampfes
200 1470 1452 1530 falle auf Deutſchland, darum ſei es Pflicht der drei Oſtmächte, im Haag
199 1518 1213 1572 gemeinſam zu erklären, daß ihre Geduld Grenzen habe.
285 1567 1451 1627 Nach langem Widerſtreben und mehrfachen Rückfällen ließ ſich der Czar
199 1616 1449 1676 überzeugen und ſendete im Februar 1832 ſeinen Vertrauten Orlow nach
198 1661 1449 1724 dem Haag, um dort noch einen letzten Verſuch zu wagen. Als Orlow,
198 1712 1450 1768 wie zu erwarten ſtand, bei dem Oranier nichts ausrichtete, erklärte er
197 1759 1448 1821 ihm am 22. März rundweg, ſein Kaiſer könne nunmehr die Ratifi-
198 1806 1448 1867 cation nicht länger verſchieben und überlaſſe alle Verantwortung dem
197 1854 1446 1916 Könige. Bei allen dieſen Verhandlungen wähnte Nikolaus noch immer,
213 144 253 173 92
325 1969 1446 2022 Oberſt Scharnhorſt’s Bericht an den König, 28. Aug. Witzleben an Ancillon
197 2010 1445 2061 22. Oct. Eichhorn’s Denkſchrift für Prinz Albrecht 25. Oct. K. Wilhelm d. Niederl.
195 2049 1060 2095 an K. Friedrich Wilhelm 5. Dec. Antwort 24. Dec. 1831.
322 2090 1445 2144 Ancillon, Rundſchreiben an die Geſandtſchaften, 18. Dec. 1831. K. Friedrich
193 2130 1107 2178 Wilhelm an K. Nikolaus, nebſt Memorandum, 12. Jan. 1832.
321 2171 1444 2223 K. Nikolaus an K. Wilhelm der Niederl. 18. Jan. a. St. Ruſſiſche Denk-
191 2212 1443 2264 ſchrift, zur Beantwortung des preußiſchen Memorandums, Febr. Neſſelrode, Weiſung
191 2252 610 2286 an Lieven, Ende März 1832.
