1600 2452
491 139 1192 176 II. 4. Die Eröffnung des Deutſchen Bundestages.
232 213 1454 258 der beiden Großmächte bewegte ſich ſtets in den verbindlichſten Formen,
234 260 1454 307 ſie theilten ſich ſogar wechſelſeitig ihre Inſtruktionen mit. Dabei zeigte
233 307 1455 354 ſich freilich, wie weit die Abſichten der beiden Höfe in zwei weſentlichen
233 353 1456 400 Fragen auseinandergingen. In der öſterreichiſchen Inſtruktion wurde die
232 399 1456 444 Bundesakte kurzab für heilig und unverletzlich erklärt; Hardenberg dagegen
233 445 1457 490 bedauerte lebhaft, daß es in Wien nicht gelungen ſei dem Bunde „mehr
234 492 1455 535 die Natur eines Bundesſtaates zuzueignen“, und erbot ſich zu jeder noch
234 538 1457 584 möglichen Reform. Und während Graf Buol den kleinen Geſandten, auf
235 583 1457 628 Metternichs Befehl, betheuerte, ſein Hof werde ſich in Bundesangelegen-
235 630 1457 677 heiten niemals auf Sonderverhandlungen einlaſſen, wiederholte der preu-
236 676 1458 722 ßiſche Staatskanzler ſeinem Wiener Freunde unabläſſig: nur durch unmittel-
236 723 1458 768 bare Verſtändigung zwiſchen Oeſterreich und Preußen könne „der Bund
237 770 1345 815 zur Conſiſtenz gelangen und der Parteigeiſt vernichtet werden“.
320 817 1460 859 Dieſe geheime Meinungsverſchiedenheit zwiſchen den beiden führenden
237 865 1459 909 Höfen ward zunächſt noch wenig bemerkbar, da die Thätigkeit der Bundes-
237 913 1460 956 verſammlung lange Zeit faſt gänzlich in der Erledigung von Penſionsan-
239 962 1460 1005 ſprüchen und anderen Privat-Angelegenheiten aufging. Eine Fluth von
237 1011 1462 1054 Bitten und Beſchwerden überſchwemmte den Bundestag; alle die Unglück-
238 1058 1461 1103 lichen, welche die wilde Kriegszeit in ihren Rechten gekränkt hatte, ſuchten
237 1105 1462 1151 Hilfe in Frankfurt. Da kamen die Biſchöfe und Geiſtlichen vom linken
238 1152 1463 1199 Rheinufer und forderten ihre Penſionen auf Grund des Reichsdeputations-
237 1198 1463 1246 hauptſchluſſes; desgleichen die Herren vom Deutſchen Orden und die Mit-
239 1241 1463 1291 glieder der aufgelöſten Domkapitel; alsdann die Advocaten und Procura-
238 1288 1463 1333 toren des Reichskammergerichts; dann Joſeph Fahrenkopf in Mainz, der
238 1335 1463 1382 im Jahre 1796 für die Reichsfeſtung Mainz unbezahlte Bauarbeiten ge-
240 1384 1463 1432 liefert hatte, und mit ihm eine ganze Schaar von Gläubigern der letzten
242 1432 1464 1479 Reichsoperationskaſſe, jener böſen Zahlerin, die während des Revolutions-
242 1480 1465 1528 krieges niemals aus der Geldnoth herausgekommen war; dann die Be-
243 1530 1465 1576 ſitzer der kurpfälziſchen Obligationen Lit. D., eines berüchtigten Staats-
241 1577 1466 1624 papiers, über deſſen Verzinſung Baiern und Baden, die Rechtsnachfolger
243 1626 1466 1669 von Kurpfalz, ſich ein Menſchenalter hindurch in grimmigen Noten ſtritten;
243 1670 1465 1718 und ſo weiter eine unendliche Reihe von Bittſtellern, bis herab zu kleinen
243 1716 1466 1770 Handwerkern, denen ihre durchlauchtigen Landesherren die Bezahlung ihrer
245 1769 975 1816 Schuſterrechnungen hartnäckig vorenthielten.
328 1812 1466 1861 Mit löblichem Eifer nahm ſich der Bundestag dieſes Jammers an.
243 1861 1468 1907 Aber wie konnte eine Diplomatenverſammlung alle die verwickelten Rechts-
244 1909 1466 1959 fragen, die ſich hier ergaben, mit Sicherheit entſcheiden? Ein Glück nur,
244 1956 1468 2007 daß ſich mindeſtens einige tüchtige Juriſten in ihren Reihen fanden, ſo
246 2003 1468 2053 namentlich der hannoverſche Geſandte Martens, der bekannte Völkerrechts-
246 2050 1470 2102 lehrer. Dazu die immer wieder auftauchenden Zweifel an der Zuſtändigkeit
246 2097 1469 2147 der Bundesverſammlung; ſie hörten auch dann nicht auf, als die Ver-
235 141 294 172 148
356 2162 1440 2206 Oeſterreichiſche Inſtruktion v. 24. Oktober, Preußiſche v. 30. November 1816.
354 2202 1452 2245 Metternich an Buol 2. Auguſt. Hardenberg an Metternich 30. Novbr. 1816.
