1600 2516
146 206 1406 262 dern kraft ſeines eigenen Rechtes als nächſter Erbe ohne Weiteres die
145 255 1405 311 Krone. Die ſchwierige Frage des Erbfolgerechtes der Nachkommen wird
146 303 1404 361 für jetzt offen gelaſſen, da die herzoglichen Brüder beide noch unvermählt
146 353 1403 409 ſind, und gegebenen Falles ſpäterhin noch eine Entſcheidung getroffen
145 403 365 440 werden kann.
229 453 1404 501 So Preußens Rath. In einer ergänzenden Denkſchrift geſtand
145 494 1402 549 Eichhorn nachher ſelber: dieſe Sätze „ſind wirklich als ein Extrem zu
144 542 1402 596 betrachten, über welches ohne Verletzung des Legitimitätsprincips nicht
144 588 1402 643 hinausgegangen werden könnte“. In Wahrheit enthielten Preußens
145 637 1402 691 Vorſchläge ſchon einen offenbaren Bruch des legitimen Rechtes; denn ſie
144 686 1402 739 verlangten, daß ein unverantwortlicher Souverän zur Strafe für ſeine
144 731 1402 787 Unthaten abgeſetzt würde. Dies ließ ſich rechtlich um ſo weniger begrün-
146 777 1400 836 den, da Herzog Karl nicht einmal förmlich gehört wurde, und der Rath
145 826 1401 884 der Agnaten nur aus den regierenden Herren der beiden welfiſchen Linien
143 875 1401 933 beſtand, von denen der eine, Herzog Wilhelm, unzweifelhaft ein Uſur-
143 928 1401 980 pator wider Willen war. Aber nach Allem, was geſchehen, war der
143 970 1399 1028 Rechtsbruch unvermeidlich, an die Wiederherſtellung des Vertriebenen ließ
144 1018 1398 1077 ſich gar nicht mehr denken, und entſchloß man ſich einmal anzuerkennen,
143 1065 1399 1125 daß Noth kein Gebot kennt, ſo blieb es immerhin noch der leidlichſte Aus-
143 1118 1398 1169 weg, wenn der jüngere Bruder kraft Geburtsrechts in die Stelle des
143 1162 1397 1217 Entthronten eintrat. Die Vertagung der Erbfolgefrage ergab ſich von
143 1210 1396 1266 ſelbſt aus der Verlegenheit, denn aus einem Rechtsbruche laſſen ſich
143 1256 1398 1316 Rechtsgrundſätze ſchlechterdings nicht ableiten. Man ſcheute ſich die Rechts-
143 1310 1398 1362 verletzung weiter zu treiben, als es die Nothlage des Augenblicks ver-
142 1351 1397 1413 langte, und die Nachkommenſchaft Herzog Karl’s ihrer Erbanſprüche
143 1408 1397 1462 geradezu zu berauben; aber man wollte dieſe Rechte auch nicht aus-
143 1448 1397 1511 drücklich anerkennen, damit nicht Karl eine Ehe ſchlöſſe, welche die Ver-
144 1501 1397 1560 wirrung in dem Ländchen nur ſteigern konnte. Warum der Zukunft
144 1551 1396 1609 vorgreifen? War es nicht möglich, daß eine förmliche Entſcheidung der
143 1593 1396 1657 Frage ganz überflüſſig wurde? daß der ausſchweifende Karl frühzeitig
143 1640 1395 1706 kinderlos ſtarb und dann das Thronfolgerecht der Nachkommen Herzog
143 1690 1394 1754 Wilhelm’s unanfechtbar daſtand? Solche Erwägungen lagen nahe genug.
204 1751 1395 1800 Schon während der Verhandlungen der letzten Monate hatten beide wel-
142 1784 1393 1850 fiſche Höfe, zuerſt Braunſchweig, dann Hannover, die Meinung geäußert,
141 1841 1394 1898 man handle vielleicht am klügſten, wenn man die „allerdings delicate“
142 1881 848 1943 Erbfolgefrage vorderhand unberührt laſſe.
224 1939 1394 1996 Als nun die Vorſchläge Preußens einliefen, ergriffen die Agnaten noch-
141 1983 1395 2045 mals mit Freuden die dargebotene Hand. Der Herzog von Cambridge
498 132 1045 169 Preußen treibt die Agnaten vorwärts.
1341 138 1403 167 115
222 2116 237 2132 8*
265 2118 1394 2169 Denkſchriften des Auswärtigen Amtes: für die Agnaten 9. Januar, für den
180 2157 530 2200 Wiener Hof 4. März 1831.
262 2199 1394 2249 Zuerſt das braunſchweigiſche Miniſterium in ſeiner Denkſchrift für Stralenheim
155 2234 484 2274 vom 4. December 1830.
