1600 2528
441 164 959 201 Der Bundestag und die Schlußakte.
79 241 1325 309 wurde ſodann noch der den Württembergern anſtößige Name „Supple-
79 293 1324 356 mentar-Akte“ geſtrichen, auch ſollte die Schlußakte in Wien nicht förmlich
79 336 1327 390 ratificirt, ſondern erſt in Frankfurt auf Grund einer gleichförmigen In-
78 383 1325 438 ſtruktion an die Bundesgeſandten zum Bundesgeſetze erhoben werden.
77 430 1326 498 König Wilhelm ſelbſt richtete an Kaiſer Franz ein unterwürfiges Antwort-
78 479 1326 534 ſchreiben, und da er den Unmuth über die erlittene Niederlage doch irgend-
77 526 1325 596 wie auslaſſen mußte, ſo überhäufte er Trott mit Auszeichnungen und be-
77 573 1328 630 rief bald nachher den unglücklichen Mandelsloh unter allen Zeichen der
80 622 1328 678 Ungnade von ſeinem Wiener Geſandtſchaftspoſten zurück, was die Hofburg
79 668 1131 726 als einen Beweis boshafter Geſinnung ſehr übel aufnahm.
162 718 1328 786 Am 24. Mai wurden die Conferenzen geſchloſſen, und nachdem das
79 762 1329 834 Wiener Drama beendet war, mußten die Satyrn des Bundestags ihren
79 809 1330 870 Fackeltanz beginnen. Wie viel anzügliche Bemerkungen über ihre Unthä-
79 855 1329 919 tigkeit hatten dieſe Armen unterdeſſen von der liberalen Preſſe hinnehmen
79 905 1331 968 müſſen. Am 10. April, nach Ablauf ſeiner verlängerten Ferien, trat der
78 951 1331 1017 Bundestag wieder vertraulich zuſammen und beſchloß, auf eine Weiſung
79 998 1332 1063 Metternich’s, vorläufig nur vertrauliche Sitzungen zu halten, da die Wiener
79 1048 1332 1113 Conferenz noch nicht beendet ſei. Am 20. April verſammelte er ſich wie-
79 1096 1332 1162 der und faßte den Beſchluß, acht Tage darauf abermals vertraulich zu-
79 1145 1332 1211 ſammenzukommen. Goltz aber geſtand kummervoll, dies ſei nur geſchehen
79 1197 1332 1259 „zur Beſchönigung der fortdauernden Unthätigkeit der Verſammlung in
77 1241 1332 1306 den Augen des Publikums“; der Zuſtand ſei drückend und compromittirend
78 1288 1334 1356 in den Augen der Welt; noch ſchlimmer freilich, wenn der Bundestag
80 1339 1333 1405 ergänzen müßte was in Wien unvollendet bliebe, dann würde ſicherlich
78 1387 1333 1450 gar nichts fertig werden! So ging es weiter, in unverbrüchlicher Ver-
78 1432 1333 1499 traulichkeit. Immer wieder klagte der preußiſche Geſandte über den „gänz-
79 1479 1334 1545 lichen Mangel an Berathungsſtoff“. Ein Votum Württembergs über
78 1530 1334 1597 die Exterritorialität der Mainzer Unterſuchungscommiſſion, eine Anzeige
78 1579 1329 1645 Dänemarks über die erfolgte Ernennung zweier Cenſoren für Holſtein —
78 1630 1333 1698 ſolche Staatsgeheimniſſe bildeten den einzigen Inhalt dieſer vertraulichen
78 1680 1335 1745 Berathungen. Endlich am 8. Juni hielt der Bundestag, zum erſten male
78 1728 1333 1795 in dieſem Jahre, eine öffentliche Sitzung. Die Verſammlung „bildete ſich
78 1779 1334 1843 zu einem Plenum“, die Wiener Schlußakte ward verleſen. Nach einem
78 1826 1335 1892 kurzen Präſidialvortrage erklärten die beiden Großmächte ihre Zuſtim-
78 1879 1333 1936 mung, und dann erſchöpften die Vertreter der übrigen 61 Stimmen den
79 1927 1333 1988 ganzen Floskelreichthum der deutſchen Kanzleiſprache um in verſchiedenen
78 1973 1335 2036 Wendungen verabredetermaßen alle genau das Nämliche zu ſagen. Nur
78 2022 1335 2084 Württemberg konnte ſich’s nicht verſagen, ſeiner Zuſtimmung einige bos-
78 2069 1334 2133 hafte Bemerkungen über die Unregelmäßigkeit des Verfahrens voranzu-
1284 163 1321 191 27
206 2197 1333 2246 Kruſemark’s Bericht, 10., 21. Juni; Küſter’s Bericht, Stuttgart, 13. Juni,
79 2235 268 2266 4. Juli 1820.
205 2278 1334 2325 Berichte von Goltz, 11., 25. April, von Leg.-Rath Küpfer, 16., 23. Mai 1820.
