1600 2516
474 125 1175 163 IV. 1. Die Juli-Revolution und der Weltfriede.
192 208 1445 257 Bewachung der Grenzen im Oſten und im Weſten aufgeboten waren.
194 255 1446 305 Mit großer Offenheit ließ das Auswärtige Amt dieſe Vorſichtsmaßregeln
193 303 1446 353 dem Pariſer Hofe mittheilen; ſelbſt der Schein einer Herausforderung
192 351 600 391 ſollte vermieden werden.
278 397 1446 450 Die Kriegsgefahr rückte noch näher, als der Brüſſeler Congreß zur
193 445 1446 496 Königswahl für den neuen Staat ſchritt. Nachdem er ſchon im No-
194 493 1446 543 vember die Entthronung der Oranier ausgeſprochen hatte, war er jetzt
193 539 1444 590 keineswegs geſonnen ſeinen Beſchluß zurückzunehmen. Geſichert durch
192 585 1444 639 das Spiel und Gegenſpiel der großen Mächte hielten die Belgier ſich
194 633 1445 685 für unangreifbar. Auf dem Namen König Wilhelm’s laſtete ſeit der Be-
192 678 1443 731 ſchießung von Antwerpen ein furchtbarer Haß, und der ehrgeizige Prinz von
193 724 1443 781 Oranien hatte in jüngſter Zeit eine ſo zweideutige Rolle zwiſchen den
193 773 1444 827 Parteien geſpielt, daß ſein eigener Vater ihm die belgiſche Krone kaum noch
193 820 1444 875 wünſchte. Die Oſtmächte begannen daher bereits an den Ausſichten des
192 868 1444 923 Hauſes Oranien zu verzweifeln. Bernſtorff bekannte dies ſchon um Mitte
191 917 1443 971 Decembers; kaum vier Wochen ſpäter ließ Metternich in Petersburg die
192 963 1443 1019 gleiche Meinung ausſprechen und fügte betrübt hinzu: „was nicht Frank-
192 1013 1442 1065 reich und England mit Wärme unterſtützen kann nicht durchgeſetzt werden.“
192 1061 1443 1115 Selbſt Czar Nikolaus konnte ſich der hoffnungsloſen Stimmung ſeiner
190 1111 1442 1162 Bundesgenoſſen nicht ganz erwehren; er befahl ſeinen Bevollmächtigten
190 1160 1443 1209 in London, die belgiſche Krone für den Prinzen von Oranien zu fordern;
191 1210 1442 1256 würden ſie jedoch überſtimmt, dann behalte ſich der Kaiſer vor zu ent-
190 1257 1384 1305 ſcheiden, ob ihm ein anderer Thronbewerber ungefährlich erſcheine.
275 1304 1443 1357 Deſto kecker ſchritt der belgiſche Congreß vorwärts. Obgleich ſeine
191 1348 1441 1404 Mehrheit die Einverleibung in Frankreich nicht wünſchte, ſo meinte ſie doch,
190 1397 1441 1452 daß ihr Land nur von den Franzoſen Hilfe zu erwarten habe. Um ſich dieſen
190 1445 1442 1502 Beiſtand zu ſichern und das Intereſſe des furchtſamen Bürgerkönigs für
189 1494 1441 1550 immer an Belgien anzuketten wollte man ſeinem zweiten Sohne, dem
189 1541 1441 1600 Herzog von Nemours, den neuen Thron anbieten. Welch eine Dreiſtig-
190 1589 1440 1647 keit revolutionärer Selbſtüberhebung! Wie konnte man glauben, daß die
189 1636 1440 1695 großen Mächte dieſem Orleans, der kürzlich erſt demüthig um ſeine eigene
190 1686 1529 1744 Anerkennung gebettelt hatte, jemals geſtatten würden ſich noch eine zweite
188 1734 1529 1791 Krone für ſein Haus zu erſchleichen? Und welch ein Hohn auf die ſo-
189 1780 1439 1838 eben beſchloſſene, von den Belgiern ſelbſt freudig begrüßte Neutralität des
189 1830 1438 1887 neuen Staates, wenn man hier eine franzöſiſche Nebenkrone gründete!
188 1877 1438 1937 Ludwig Philipp erkannte auch ſofort, daß ſeine übermüthigen belgiſchen
188 1926 1526 1984 Freunde gradeswegs auf einen allgemeinen Krieg losſteuerten, und ließ in
187 1973 1438 2034 Brüſſel wie in London erklären, an die Annahme dieſer Krone ſei nicht
187 2022 1438 2080 zu denken. Doch mittlerweile tauchte ein neuer Throncandidat auf, der
194 124 235 154 72
317 2104 1436 2152 Protokoll der Conferenz von Bernſtorff, Gneiſenau u. A. 7. Febr. Cabinets-
186 2121 974 2187 ordre an Prinz Wilhelm d. Aelt. 16. Febr. 1831.
313 2184 1436 2235 Bernſtorff, Weiſung an Bülow, 17. December 1830. Metternich an Ficquel-
185 2225 1177 2273 mont, 10. Januar. Weiſung an Lieven, 19. Januar (a. St.) 1831.
