1600 2528
257 245 1510 297 hörte Aeußerung preußiſchen Uebermuthes erfuhr und gleichzeitig Bern-
257 294 1508 348 ſtorff in einem neuen Mahnſchreiben an die Köthener Regierung offen
257 343 1506 397 ausſprach: „die norddeutſchen Staaten haben den Schutz für ihre Exiſtenz,
255 390 1506 444 ihre Wohlfahrt und Selbſtändigkeit und ihre gemeinnützigen Anſtalten
255 441 1506 494 von Preußen zu erwarten.“ Der Herzog, der grade mit ſeinem könig-
254 488 1505 540 lichen Schwager zugleich in Karlsbad verweilte, berichtete ſofort Alles an
254 536 1505 591 Marſchall. „Ich ſchmeichle mir, ſo ſchrieb er, daß alle Gutgeſinnten auf
251 585 1503 634 meiner Seite ſtehen und nicht zugeben, daß es Preußen erlaubt wird
251 634 1501 685 ſich Alles zu erlauben. Ob einem Cabinet, das durch einen ſolchen Mann
249 684 1502 734 repräſentirt iſt, zu trauen iſt, laſſe ich dahingeſtellt.“ Dann fuhr er
248 731 1501 782 höhniſch fort: „das Spaßhafteſte iſt, daß der König mit uns ebenſo freund-
248 778 1499 831 lich als ſonſt iſt“ — und bat den Naſſauer, auch fernerhin auf Wittgen-
246 826 1499 881 ſtein, „der ganz im guten Geiſte iſt“, wirken zu laſſen, damit die Partei,
246 876 1500 926 welche das Zollgeſetz halte, zu Falle komme. Im gleichen Tone antwortete
245 923 1498 973 Marſchall: „Man hat zwar bisher ähnliche Phraſen in dem Munde deut-
244 972 1497 1024 ſcher Revolutionäre gehört, nicht aber in dem eines Repräſentanten eines
243 1022 1497 1077 deutſchen Königs. Wenn Preußen das nördliche Deutſchland und ganz
242 1070 1495 1124 Deutſchland ſchützt, ſo ſchützt umgekehrt das nördliche Deutſchland und
241 1119 1495 1175 ganz Deutſchland Preußen. Rechte und Verbindlichkeiten ſind durchaus
240 1168 1495 1224 wechſelſeitig. Wer das Gegentheil behauptet, verletzt die erſte und Haupt-
240 1216 1493 1267 grundlage des Bundes und bewegt ſich außerhalb des Bundes. Na-
237 1266 1493 1320 mentlich hat der mächtigſte der deutſchen Bundesſtaaten, ſowohl im Bunde
239 1316 1492 1370 als in Europa, bei jeder Gelegenheit den entgegengeſetzten Grundſatz laut
236 1366 1315 1416 ausgeſprochen und bei jeder Veranlaſſung geltend gemacht.“
320 1415 1490 1469 Dieſer mächtigſte der Bundesſtaaten trieb unterdeſſen ſein doppeltes
235 1465 1492 1518 Spiel weiter. Metternich, der ebenfalls in Karlsbad anweſend war, hielt
232 1516 1490 1567 zwar, auf Preußens Wunſch, einige Unterredungen mit dem Herzog, an-
231 1562 1490 1617 geblich um den Streit beizulegen. Aber zur nämlichen Zeit reichte die
230 1610 1489 1660 Köthener Regierung eine Klage beim Bundestage ein und forderte die
229 1657 1486 1716 Herausgabe eines dem Köthener Kaufmann Friedheim gehörigen Elbſchiffes,
229 1708 1487 1763 das beim preußiſchen Zollamte Mühlberg an der Kette lag, weil der
229 1756 1486 1811 Schiffer für den Betrag der preußiſchen Zölle keine Sicherheit ſtellen wollte.
228 1805 1485 1859 Nachher ergab ſich — der öſterreichiſche Bevollmächtigte Münch in Dres-
226 1855 1484 1908 den mußte es ſelber dem preußiſchen Geſandten eingeſtehen — daß Adam
226 1902 1482 1957 Müller den Friedheim zu ſeiner Weigerung aufgeſtiftet hatte um den
225 1952 930 2003 Streit vor den Bundestag zu bringen.
308 2000 1481 2057 Da Preußen unerſchütterlich blieb, ſo bequemten ſich die drei anhalti-
222 2048 1482 2108 ſchen Herzoge ſchließlich doch zu einem Zugeſtändniß und verſprachen auf
261 158 301 187 42
583 163 1112 201 III. 1. Die Wiener Conferenzen.
348 2143 1314 2188 Bernſtorff an die herz. Landesregierung in Köthen, 30. Juni 1820.
346 2184 1478 2228 Herzog Ferdinand von Köthen an Marſchall, Karlsbad 22. Juli; Antwort
218 2224 587 2261 Marſchall’s, 3. Aug. 1820.
343 2266 1475 2310 Fürſt Hatzfeldt an Metternich, Karlsbald 10. Juli, an Bernſtorff, 14. Juli 1820.
346 2307 959 2342 Jordan’s Bericht, Dresden 12. Nov. 1821.
