1600 2516
116 204 1372 271 Oeſterreich für den verächtlichſten der deutſchen Fürſten. Aber Nagler blieb
114 253 1371 320 ſtandhaft, und am 4. November — zwei Monate nach der Flucht des
113 301 1371 369 Welfen — beſchloß die Bundesverſammlung dem Herzog Karl zu eröffnen,
113 348 1372 416 daß er die Landſchaftsordnung von 1820 nur auf verfaſſungsmäßigem
113 399 1368 466 Wege abändern dürfe. Wie lächerlich auch dieſer Beſchluß in der gänzlich
113 450 1368 511 veränderten Lage klingen mochte, er war doch nothwendig, er ſicherte den
112 497 1369 559 unglücklichen Braunſchweigern mindeſtens ihre neue Verfaſſung. Preußens
112 542 1368 603 Triumph war vollſtändig, und ingrimmig nannte Metternich im vertrauten
110 587 1367 651 Kreiſe den einſt ſo hochgeſchätzten Nagler einen verkappten Jacobiner.
112 635 1368 703 Außer Oeſterreich hatten nur der unverbeſſerliche Kurfürſt von Heſſen
112 686 1369 748 und Münch’s getreuer Trabant, der Stimmführer der ſechzehnten Curie
111 728 1368 794 Leonhardi gegen den Beſchluß geſtimmt. Nun erſt konnte man an die
111 776 1367 847 Frage des Augenblicks herantreten. An die Wiedereinſetzung des Herzogs
110 824 1366 894 Karl glaubte eigentlich Niemand mehr, nicht einmal der ſtrengſte aller
110 872 1367 943 Legitimiſten Czar Nikolaus. Der antwortete auf den Hilferuf des Flüch-
109 923 1366 990 tigen: „Wenn ich die Ereigniſſe, von denen Sie mir ſprechen, beklage, ſo
109 968 1367 1038 beklage ich doch nicht weniger die verhängnißvollen Verirrungen, welche
109 1016 1366 1087 ſie hervorgerufen haben, und die Täuſchungen, welche Ew. Durchlaucht
109 1069 1366 1134 noch über ihre unvermeidlichen Folgen zu hegen ſcheinen.“ Auch Met-
108 1114 1364 1180 ternich hatte dem preußiſchen Geſandten wiederholt ausgeſprochen, daß
107 1158 1365 1226 Karl jetzt unmöglich ſei, und Kaiſer Franz ſogar einen freundlichen Brief
108 1215 1364 1270 an Herzog Wilhelm gerichtet. Aber wie zweideutig blieb bei Alledem
108 1255 1364 1321 Oeſterreichs Haltung. Als der neue k. k. Geſandte, Hruby, in Braun-
107 1303 1364 1374 ſchweig erſchien, brachte er ein Beglaubigungsſchreiben an Herzog Karl
107 1358 1362 1425 mit, und dies Schreiben ſollte er dem Bruder des Herzogs als deſſen
108 1400 1363 1472 Stellvertreter überreichen. Münch begann unterdeſſen wieder ſein altes
140 1458 1362 1522 Spiel gegen Nagler, und bei der ängſtlichen Zerfahrenheit der Verſamm-
106 1494 1360 1571 lung durfte er wohl hoffen die Entſcheidung abermals hinauszuzögern.
106 1543 1360 1621 Da wurde der Bundestag durch eine neue Thorheit des flüchtigen Welfen
104 1600 537 1656 zum Handeln gezwungen.
148 1653 1361 1718 Am 8. November hatte Karl die Verhandlungen mit den engliſchen
106 1686 1361 1766 Miniſtern plötzlich abgebrochen, am folgenden Tage war er aus England
105 1741 1360 1814 verſchwunden. Acht Tage ſpäter tauchte er in der Frankfurter Gegend
119 1792 1360 1863 wieder auf; der Jude Henrici, der ſoeben aus dem Londoner Schuldge-
104 1831 1360 1912 fängniß entlaſſene vormalige bairiſche Lieutenant Bender v. Bienenthal
104 1888 1358 1960 und einige andere Abenteurer gleichen Schlages bildeten ſein Gefolge.
102 1928 1359 2007 Er kam mit gefüllten Taſchen und war entſchloſſen, ſich mit einer Frei-
102 1977 1360 2058 ſchaar die Krone zurückzuerobern. Da Herzog Wilhelm ſeiner Vollmacht
102 2032 1357 2107 nicht öffentlich erwähnt hatte, ſo betrachtete Karl ihn fortan als Feind,
1312 146 1372 175 109
507 135 980 174 Verhandlungen mit Herzog Karl.
224 2122 887 2165 Nagler’s Berichte, 26. 31. Oct. 6. Nov. 1830.
221 2163 1336 2219 Kaiſer Nikolaus an Herzog Karl von Braunſchweig, 25. Nov. (a. St.) 1830.
223 2203 1355 2262 Maltzahn’s Bericht, 7. Oct. Kaiſer Franz an H. Wilhelm v. Braunſchweig,
118 2230 309 2273 17. Oct. 1830.
