1600 2528
630 132 1095 173 III. 1. Die Wiener Conferenzen.
245 212 1497 272 durfte. Die Fürſten und Grafen waren mit Alledem nicht befriedigt und
242 260 1497 322 blieben, bis auf Einen, ſämmtlich dem Landtage fern, obſchon ſie ſelbſt
243 308 1484 367 ſchon vor Jahren die Berufung der Stände ſtürmiſch verlangt hatten.
241 354 1494 416 Durch Grolmann’s Klugheit wurde die Gefahr noch zur rechten Zeit be-
241 402 1493 463 ſchworen. Nüchtern genug um die Stimmung des Landes richtig zu wür-
239 450 1492 513 digen und beſcheiden genug um den begangenen Mißgriff einzugeſtehen,
238 498 1493 557 bewog er den Großherzog zur Nachgiebigkeit. In einer gnädigen Antwort
237 547 1490 610 gewährte der alte Herr die Bitte der Gagern’ſchen Partei und verſprach,
236 595 1490 654 daß den Ständen einige organiſche Geſetze zur Ergänzung des März-Edikts
236 644 1489 702 vorgelegt werden ſollten. Nach dieſer Zuſage ließen auch mehrere Mit-
233 691 1488 751 glieder der entſchiedenen Oppoſition ihren Widerſpruch fallen, und am
233 742 1487 802 27. Juni konnte der Landtag endlich eröffnet werden. Die unbelehrbaren
231 789 1487 846 Eidverweigerer wurden aus der Kammer ausgeſchloſſen, und die Neu-
230 837 1485 899 wahlen vollzogen ſich überall ohne Widerſtand. Der Landtag errang ſich
229 884 1484 948 ſogleich die Oeffentlichkeit ſeiner Sitzungen und damit ein großes Anſehen,
228 934 1483 997 da das geſammte Volk mit geſpannter Aufmerkſamkeit den Berathungen
227 981 1483 1046 folgte; aber er mißbrauchte ſeine Macht nicht, die Miniſter kamen ihm
226 1030 1481 1094 willfährig entgegen, und unter der ſachkundigen Leitung des Präſidenten
225 1078 1479 1144 Eigenbrodt, des berühmten Forſtmannes, nahmen die Verhandlungen
224 1128 809 1180 anfangs einen friedlichen Verlauf.
308 1179 1479 1242 Alles ſchien auf dem beſten Wege. Sogar Marſchall, der bisher
222 1226 1478 1290 nach ſeiner Weiſe die Darmſtädter Demagogen bei allen Höfen verläſtert
222 1275 1476 1341 hatte, meinte jetzt beruhigt: die Regierung habe das Heft in der Hand
219 1324 1475 1384 behalten, das monarchiſche Princip ſei genugſam gewahrt. Grolmann
219 1375 1474 1438 aber mußte bald fühlen, wie ſchwer es hielt, ſelbſt mit dieſer beſonnenen
216 1425 1474 1489 Kammer zum Abſchluß zu gelangen. Er befand ſich in einer unhalt-
215 1476 1470 1538 baren Stellung; denn die Geſetzentwürfe über ſtaatsbürgerliche Rechte,
214 1526 1471 1586 über Miniſterverantwortlichkeit und Steuerbewilligungsrecht, welche er
213 1573 1469 1636 jetzt dem Landtage vorlegte, enthielten in Wahrheit nicht die Ergänzung,
214 1623 1468 1682 ſondern die Aufhebung des März-Edikts, und unter den Abgeordneten
213 1670 1466 1732 äußerte ſich immer vernehmlicher das Verlangen, daß auch Heſſen, wie
212 1717 1467 1777 die anderen ſüddeutſchen Staaten eine förmliche, das geſammte Staats-
210 1766 1467 1831 recht umfaſſende Verfaſſungsurkunde erhalten müſſe. Wie viel einfacher
210 1815 1464 1875 doch, wenn man den Ständen dieſen Herzenswunſch erfüllte! Der Mi-
209 1864 1464 1926 niſter berieth ſich insgeheim mit ſeinem Schwager, dem Kanzler der Uni-
208 1915 1461 1979 verſität Gießen, Arens, einem namhaften Juriſten, dann mit Staatsrath
206 1962 1461 2026 Hofmann, der das Finanzweſen ſehr geſchickt leitete, endlich auch mit einem
204 2013 1461 2077 jüngeren liberalen Beamten, Geh. Rath Jaup. Mit Ausnahme Jaup’s
205 2062 1459 2127 war keiner dieſer vier Männer conſtitutionell geſinnt, ſie Alle betrachteten
204 2112 1459 2176 eine Verfaſſung beſten Falles als ein nothwendiges Uebel, Arens gehörte
248 126 288 155 62
330 2229 1203 2278 Eingabe der Standesherren an den Großherzog, März 1816.
327 2270 1110 2313 Marſchall an den Herzog von Naſſau, 30. Juni 1820.
