1600 2516
163 232 1428 279 ſo feſter ſtand er in der Gunſt ſeines Miniſters; er war die Seele jener
162 280 1428 328 Altenſtein’ſchen Kirchenpolitik, welche die römiſche Kirche nach ſtreng katho-
162 328 1427 375 liſchen Grundſätzen von Staatswegen zu gängeln ſuchte. Mit dem Erz-
160 378 1424 423 biſchof Spiegel, der ihm zu weltlich ſchien, vertrug er ſich wenig, und in
160 424 1283 471 Bunſen haßte er begreiflicherweiſe den unberufenen Nebenbuhler.
246 471 1426 518 Durch wiederholte Reiſen ſuchte er ſich über das Leben der katholiſchen
159 518 1424 566 Kirche Deutſchlands zu unterrichten. Sie führten ihn nach Bamberg, wo
160 567 1425 611 er den milden Erzbiſchof Frauenburg als einen Freund Preußens und Be-
160 615 1424 662 wahrer des confeſſionellen Friedens hochſchätzen lernte, aber auch in ſeine
159 666 1423 712 Heimath, nach Münſter. Hier fühlte er ſich ganz bezaubert durch den
160 714 1426 760 Verkehr mit dem vormaligen Generalvicar Clemens Auguſt Droſte-Viſche-
157 765 1425 808 ring, dem blindeſten aller ultramontanen Eiferer, dem einzigen der preu-
159 812 1425 855 ßiſchen Prälaten, der bisher offene Auflehnung gegen die Staatsgewalt
157 859 1423 904 gewagt hatte. Schon vor Jahren, während des Kampfes zwiſchen Droſte
158 907 1424 951 und der Regierung, war Schmedding der Meinung geweſen, daß die Be-
157 954 1425 998 hörden zu weit gegangen ſeien. Als er nun den frommen Prieſter
157 1001 1424 1044 unter den barmherzigen Schweſtern beten ſah, als er ſich mit ihm „über
156 1048 1422 1096 das große Thema unſerer Zeit, die Wechſelwirkung von Staat und Kirche“
157 1095 1420 1139 unterredete und immer nur ſalbungsvolle Antworten erhielt, da glaubte
156 1143 1421 1194 er, dem Entlaſſenen ſei ſchweres Unrecht widerfahren und er freute ſich
154 1191 1421 1242 ihm mindeſtens die Stelle eines Weihbiſchofs wieder verſchaffen zu können.
154 1240 1419 1289 Nach der Erledigung des Gneſener erzbiſchöflichen Stuhles, im Jahre
158 1289 1420 1336 1826, ſchlug er Droſte unbedenklich als Nachfolger vor, und der Antrag
155 1338 1420 1386 ward nur deshalb nicht angenommen, weil Altenſtein auf dieſe Stelle einen
156 1392 558 1436 Polen berufen wollte.
237 1437 1422 1484 Kaum kam die Kunde von der tödlichen Erkrankung des Kölner Erz-
154 1486 1422 1536 biſchofs, ſo entwarf Schmedding ſchon am 25. Juli 1835, noch bevor Graf
156 1535 1427 1584 Spiegel die Augen geſchloſſen hatte, mit unanſtändiger Eile eine Denkſchrift,
154 1585 1421 1631 welche den Münſterſchen Weihbiſchof als den einzig möglichen Nachfolger
154 1633 1422 1681 empfahl: die preußiſchen Biſchöfe ſeien alleſammt entweder ungeneigt oder
154 1682 1422 1731 ungeeignet. Von den anderen deutſchen Prälaten war gar keine Rede;
153 1731 1419 1774 dagegen wurden Droſte’s gottſeliger Sinn, ſein reiner Wandel, ſeine Bil-
153 1780 1423 1828 dung an Geiſt und Herz, ſeine reiche ſeelſorgeriſche Erfahrung kräftig ge-
153 1829 1422 1877 prieſen und namentlich hervorgehoben, wie er in den letzten Jahren „als
153 1878 1422 1927 ein Engel des Friedens“ nur für thätiges Chriſtenthum, „alſo zum Beſten
145 1929 1425 1977 des Staates“ gewirkt habe. So ſollte denn in einem Augenblicke ſchwie-
154 1978 1422 2025 riger Verwicklungen auf die erſte geiſtliche Stelle der Monarchie gerade der
520 149 1065 185 Spiegel’s Tod. Droſte’s Ernennung.
1364 153 1426 181 689
206 2325 1218 2361 Treitſchke, Deutſche Geſchichte. IV. 44
283 2079 1042 2120 Schmedding an Altenſtein, Bamberg 29. Sept. 1828.
284 2125 494 2154 S. o. III. 216.
279 2164 866 2202 Schmedding an Altenſtein, 5. Mai 1818.
287 2205 868 2243 Schmedding an Altenſtein, 2. Oct. 1826.
286 2244 1424 2284 Schmedding, geheimes Promemoria, die Krankheit des Erzbiſchofs von Köln
155 2275 464 2316 betr., 25. Juli 1835.
