1600 2528
105 244 1362 292 natürlich durfte Ladenberg, der unerbittliche Sparer, dabei nicht fehlen.
106 292 1362 338 Und noch einmal drängte ſich ein Gewirr von Reformvorſchlägen an den
106 340 1361 385 Thron. Die altſtändiſche Partei und mehrere der Oberpräſidenten kamen
107 389 1361 435 wieder auf ihren alten Lieblingsplan, auf die Provinzialminiſter zurück,
104 436 1360 479 weil oder obgleich der greiſe Staatskanzler noch kurz vor ſeinem Tode drin-
103 485 1359 526 gend vor dieſer Verſtärkung des Particularismus gewarnt hatte. Von
103 532 1361 574 den Rheinländern und einzelnen ſtrammen Bureaukraten ward die Ein-
103 579 1361 623 führung des Präfekturſyſtems empfohlen, und der unglückliche Vorſchlag
102 626 1361 670 gewann einmal ſogar auf kurze Zeit die Mehrheit im Miniſterrathe, weil
103 673 1360 717 man um jeden Preis ſparen wollte. Die Frage, wie die Einheit des Staats-
102 720 1358 766 willens neben der freien Bewegung der Theile beſtehen ſolle, ſchien in
102 768 1359 814 den verwickelten Verhältniſſen Preußens ſo ſchwierig, daß ſelbſt erfahrene
102 816 1358 862 und einſichtige Staatsmänner in ihrem Urtheil ſchwankten. Motz, der
103 864 1359 909 neue Oberpräſident von Sachſen, wollte den Schwerpunkt der Verwaltung
101 912 1359 959 in die Provinzialinſtanz verlegen und an die Spitze jeder Provinz ein
101 960 1360 1006 großes Regierungscollegium ſtellen, das nur ausführende, abhängige Mit-
100 1009 1360 1054 telbehörden unter ſich hätte. Er erkannte jedoch bald, daß die Größe der
100 1058 1358 1103 preußiſchen Provinzen dieſen geiſtreichen Gedanken unausführbar machte,
100 1108 1359 1152 und ſchlug nunmehr vor, die Oberpräſidenten ſollten drei Monate im
99 1156 1359 1199 Jahre zu Berlin leben, um die Bezirksregierungen mit der Centralver-
99 1204 1358 1249 waltung im Einklang zu erhalten; ſo ließen ſich die Vorzüge der Fach-
98 1253 1062 1295 miniſterien mit denen der Provinzialminiſter vereinigen.
186 1300 1358 1343 Alle dieſe Vorſchläge wurden verworfen. Die Wiedereinführung der
99 1347 1355 1390 Provinzialminiſter erſchien jetzt, nach der Errichtung der Provinzialſtände,
98 1395 1355 1438 ſchlechthin gefährlich für die Staatseinheit. Die Härte des Präfekturſyſtems
99 1443 1353 1485 aber war dem Könige von Haus aus widerwärtig, und wie er dachte das
98 1491 1354 1534 Volk in den alten Provinzen; hier war die altgewohnte collegialiſche Verwal-
98 1541 1353 1586 tung der Regierungen ſehr tief eingewurzelt, außer den Landräthen konnten
98 1591 1353 1635 Einzelbeamte hier niemals auf das öffentliche Vertrauen zählen. Auf den
98 1639 1355 1685 Vorſchlag der Commiſſion befahl der König am 31. Auguſt 1824, daß die
99 1689 1299 1732 neue Verwaltungsordnung im Weſentlichen unverändert bleiben ſollte;
97 1738 1355 1782 nur die Oberpräſidenten erhielten durch eine neue Inſtruction (31. Dec.)
98 1785 1354 1830 abermals erweiterte Befugniſſe. Im Einzelnen dagegen wurde rückſichts-
97 1833 1354 1880 los und nicht ohne Härte aufgeräumt. Die Oberpräſidenten hatten fort-
98 1881 1355 1928 an neben ihrem Amte auch den Vorſitz in dem Regierungscollegium der
97 1928 1354 1979 Provinzialhauptſtadt zu führen; die Stellen der Vicepräſidenten und der
1301 165 1362 195 419
511 162 958 198 Vereinfachung der Verwaltung.
1097 2327 1145 2351 27*
222 2035 1353 2078 Hardenberg, P. M. über die Verbeſſerung der jetzigen Organiſation der Mini-
98 2075 751 2115 ſterien und Provinzialbehörden. Sept. 1822.
224 2116 1260 2158 (Daniels) F. C. A. v. Motz. Eine Biographie. Erfurt 1833. S. 187.
221 2155 1349 2198 Motz, Denkſchrift über die Vereinfachung der Verwaltung, Magdeburg, 9. Okt.
97 2196 727 2234 1823, der Immediat-Commiſſion eingereicht.
223 2234 1350 2273 Hauptbericht der Commiſſion, 4. Juli; Cabinetsordre vom 31. Aug.; Wei-
95 2275 1121 2314 ſungen des Königs an Klewiz, Schuckmann, Altenſtein, 31. Aug. 1824.
