1600 2390
228 296 1366 339 Roux war es, der zuerst durch den Versuch nachwies, dass
229 353 1366 395 die Differenzirung des Eies zum Embryo jedenfalls nicht von
228 408 1365 451 ausserhalb des Eies gelegenen Einwirkungen hervorgerufen
228 464 1363 508 wird, sondern von innen heraus erfolgt. Pflüger hatte ge-
227 521 1364 565 zeigt, dass beim Froschei immer der nach oben gerichtete Theil
227 576 1363 621 des Eies sich zum animalen Pol des Embryo gestalte, mochte
225 633 1363 677 man das Ei in dieser oder jener Zwangslage festhalten, und er
225 688 1361 733 glaubte dies auf eine „richtende Wirkung der Schwerkraft“
225 745 1362 786 beziehen zu müssen; Roux aber wies nach, dass Froscheier,
226 792 1361 845 welche in einer Verticalebene langsam rotirten, sich ebenso
223 859 1361 899 gut entwickelten als solche, auf welche die Schwerkraft ein-
222 914 1362 958 wirkte, und Born fügte hinzu, dass bei Entwickelung eines
222 971 1362 1015 Eies in Zwangslage zwar der Zellkörper sich zunächst nicht
222 1027 1359 1070 mit verschiebe, dass aber der Kern eine Verlagerung erleide,
222 1084 1360 1124 indem er sehr bald den höchsten Punkt im Ei aufsuche, von
222 1140 1361 1183 dem dann die Entwickelung ausgehe. Damit war unzweifelhaft
221 1197 1360 1238 nachgewiesen, dass die gestaltenden Kräfte im Ei selbst ihren
223 1252 1358 1291 Sitz haben, aber es war noch nicht darüber entschieden, ob
220 1308 1359 1350 die Differenzirung desselben wesentlich nur in den einzelnen
222 1365 1357 1406 Zellen zu suchen ist, ob also Selbstdifferenzirung jeder ein-
221 1421 1358 1464 zelnen Zelle bestehe, die ihre Entwickelungsbahn nöthigenfalls
220 1477 1356 1519 auch ohne die übrigen Embryonalzellen durchlaufen würde,
221 1534 1357 1576 oder ob die Aufeinanderwirkung der verschiedenen Zellen des
219 1591 1355 1633 Embryo sie gegenseitig differenzire, ob gewissermassen ein be-
217 1646 1358 1689 stimmender Einfluss des Ganzen auf die Theile ausgeübt
217 1702 1083 1735 werde und den Zellen ihr Geschick vorschreibe.
770 214 829 245 181
345 1785 1355 1819 Wilhelm Roux, „Beiträge zur Entwickelungsmechanik des
216 1830 609 1863 Embryo“, München 1885.
344 1867 1357 1907 Pflüger, „Über den Einfluss der Schwerkraft auf die Theilung
215 1912 1356 1950 der Zellen und auf die Entwickelung des Embryo“. Arch. f. Physiol.,
214 1957 593 1992 Bd. XXXII, p. 68, 1883.
342 2000 1354 2037 Born, „Biologische Untersuchungen“, I, Arch. f. mikr. Anat.,
214 2048 324 2075 Bd. 24.
