1600 2468
280 241 1512 281 verbreiter der eleatischen lehre, Zenon und Melissos, ist keine spur. die
279 291 1513 331 zeitgenössischen philosophen kennt er wenig. auf Empedokles deutet
281 341 1512 382 nichts. Diogenes von Apollonia wird nur einmal so berücksichtigt, daſs
280 391 1510 432 das schlagwort seines systemes in einer aufzählung von δόξαι erscheint .
278 442 1511 483 Leukippos ist, wie zu erwarten, unbekannt: denn die bei Demokritos
279 491 1510 533 allerdings stark hervortretende ansicht von der gewalt des νόμος als
278 543 1508 574 des nicht im wesen ruhenden conventionellen hat nichts mit der atomen-
280 594 1508 634 lehre zu tun: das kann ebensogut von protagoreischem und auch von elea-
277 644 1506 683 tischem standpunkte vertreten werden; wahrscheinlich stammt es von
277 694 1506 734 Archelaos. Euripides hat es, wie natürlich, sehr fruchtbar gefunden und
276 745 1506 802 bis in die letzten consequenzen verfolgt (Hek. 799). die orphischen
276 795 1506 835 poesien waren ein attisches erzeugnis; sie hatten stark auf Pindaros ge-
275 845 1505 885 wirkt, einigermaſsen auf Aischylos: daſs Euripides sie kannte, ist natür-
275 895 1504 935 lich. und er hat zwar an sühnungen und ihren einfluſs auf das leben
274 946 1507 986 im jenseits nicht geglaubt , auch dem widerwillen der menge wider
274 996 1502 1036 ihr pharisäertum mit wohlgefallen worte geliehen (Hipp. 953), aber in
274 1046 1505 1078 den Kretern ihre doctrinen im feierlichsten ernste behandelt. schon dieses
272 1096 1503 1136 führt auf die Pythagoreer. Euripides redet zwar nicht von der zahl noch
271 1147 1503 1185 von der harmonie, auch nicht vom sündenfall der geister und der seelen-
270 1197 1503 1236 wanderung. aber er hat nicht nur auf einen ethischen ausspruch des
271 1247 1505 1289 Pythagoras so bestimmt verwiesen, daſs er die existenz einer schrift
270 1297 1502 1339 unter Pythagoras namen zu bezeugen scheint , sondern er hat mehr-
280 157 320 186 28
717 156 1074 190 Das leben des Euripides.
355 1402 1600 1441 Tr. 884 γῆς ὄχημα κἀπὶ γῆς ἔχων ἕδραν Ζεύς Hippokrat. π. φυσῶν 3
268 1446 1171 1483 (ἀἡρ) γῆς ὄχημα; dies ist eine schöne entdeckung von Diels.
353 1485 1501 1523 Überhaupt an kein leben nach dem tode. τίς οἶδεν εἰ τὸ ζῆν μὲν ἔστι
267 1530 1499 1565 κατϑανεῖν gehört in die heraklitische lehre; der so ganz modern anmutende spruch
267 1572 1499 1609 Hipp. 194 constatirt nur das ewige rätsel, auf das er nicht mehr antwort gibt als
264 1618 372 1644 Hamlet.
413 1656 1498 1691 Fgm. 392 (Theseus spricht; drama unbekannt, d. h. Aigeus Theseus Hippo-
267 1698 1498 1735 lytos I möglich; da der spruch für einen knaben nicht paſst, wol der letzte) ἐγὼ
265 1864 1496 1898 δάκνοι. Poseidonios (auf den das citat bei Cicero, Galen, Ps.-Plutarch an Apollon.
262 1906 1497 1942 zurückgeht) hat in Anaxagoras jenen weisen gesehen, doch ohne anhalt. das richtige
262 1942 1496 1982 hat Cobet entdeckt: Jamblich vit. Pyth. 196 ἦν αὐτοῖς παράγγελμα, ὡς οὐδὲν δεῖ τῶν
262 1988 1496 2027 ἀνϑρωπίνων συμπτωμάτων ἀπροσδόκητον εΐναι παρὰ τοῖς νοῦν ἔχουσι. das steht
263 2032 1495 2065 hier in einer partie, deren herkunft unbekannt ist; wahrscheinlich stammt es von Ari-
262 2074 1496 2108 stoxenos. die benutzung einer Pythagorasschrift durch beide ist nicht abzuweisen. aber
262 2114 1495 2148 es ist auch durchaus verkehrt, diese alle als junge fälschungen zu betrachten. die
259 2156 1495 2192 reste bei Diogenes zeigen ja ionischen dialekt, der zwar dem Samier und dem phi-
