1600 2316
380 147 1152 181 III. 10. Die παϱαγϱαφὴ und Lysias gegen Pankleon.
161 230 1373 273 mit dem kläger, für den er als zeuge auftritt, ein par tage später den
163 278 1374 317 Pankleon mit berechtigter selbsthilfe als sclaven zu greifen. der kläger
161 326 1374 370 war, schwerlich zufällig, zur stelle. aber Pankleon setzte sich mit seinem
161 373 1373 421 anhange zur wehre, es kam zu einer prügelei, und schlieſslich giengen
162 422 1375 464 die leute auseinander, nachdem sie stipulirt hatten, am folgenden tage
163 471 1374 512 wolle Pankleon einen bruder mitbringen, der ihn, sei es daſs Niko-
163 520 1374 565 medes freiwillig zurückträte, sei es durch anstrengung eines formellen
162 570 1376 616 vindicationsprocesses, frei machen würde. zu dieser verhandlung er-
163 619 1376 664 schien auch, vorsorglich mit zeugen, der kläger. da er keinen hatte,
163 667 1378 709 konnte Pankleon keinen bruder mitbringen; er half sich damit, daſs er
164 716 1378 765 ein weib vorschob, das dem Nikomedes sein herrenrecht bestritt, weil
164 765 1379 809 Pankleon vielmehr ihr gehöre. ein weib kann zwar eigentlich nicht
165 814 1379 858 besitzerin sein, aber durch die verhältnisse von erbtöchtern und mitgift
166 862 1379 911 war sie es oft genug factisch, und daſs ihr κύϱιος zunächst im hinter-
166 913 1380 962 grunde blieb, war für Pankleon höchstens ein schlauer kniff. natürlich
165 964 1381 1011 verlief die verhandlung wieder resultatlos, die rotte Pankleons brauchte
166 1015 1381 1060 schlieſslich gewalt und befreite ihn. damit war dies intermezzo zu ende.
248 1064 1380 1105 Es kam nun zu der gerichtlichen verhandlung, die sich auf den
168 1112 1381 1155 einspruch des als metoeken verklagten Pankleon bezog, daſs er Plataeer
168 1158 1383 1201 wäre. der kläger berichtet und beweist durch zeugenaussagen was ich
168 1204 1383 1245 ihm nacherzählt habe. aber er folgert nunmehr nicht was er eigent-
169 1252 1382 1295 lich zu beweisen übernommen hatte, daſs Pankleon metoeke wäre, son-
170 1300 1384 1344 dern was sich ihm wider erwarten ergeben hat, daſs er sclave ist: das
1313 147 1370 174 371
1144 2136 1196 2161 24*
295 1397 1386 1440 In den paragraphen 7. 8 wird er nicht genannt. dann werden zeugen auf-
172 1436 1386 1484 gerufen, und es folgt 9 ὑπὸ Νικομήδους ὃς ἐμαϱτύϱησεν αὐτοῦ δεσπότης εἶναι: das
172 1476 1386 1520 heiſst ‘der eben als zeuge aufgetreten ist und beschworen hat, er wäre sein herr’.
172 1520 1386 1558 es ist also für die wirklich vor gericht gesprochene rede berechnet. die worte, die
172 1560 1387 1600 man athetiert hat, halten die ganze rede zusammen, und weil sie nicht das leere
172 1601 1387 1644 lemma μάϱτυϱες, sondern die wirkliche zeugenaussage voraussetzen, beweisen sie am
173 1647 735 1684 besten, daſs es eine wirkliche rede ist.
306 1682 1388 1722 Wo diese prügeleien stattfanden, ist gleichgültig; man denkt in Athen
175 1721 1390 1760 natürlich an den markt. der wird jetzt genannt in den worten ἐπὶ τούτοις ἐγγυη-
175 1762 1389 1809 σάμενοι παϱέξειν (nämlich den bruder) εἰς ἀγοϱὰν ᾤχοντο ἀπιόντες. neben dem
175 1806 1391 1848 verbum der bewegung wird man ein εἰς ἀγοϱάν nur ungern wo anders hin beziehen,
177 1848 1392 1890 allein das ist nötig: die leute giengen nicht auf den markt, es tut nichts zur sache,
177 1890 1393 1931 wohin sie giengen, sie giengen eben weg, discedebant. also die unbequeme ver-
176 1933 1394 1972 bindung εἰς ἀγοϱὰν παϱέξειν. dabei tut wieder nichts zur sache, wohin der bruder
178 1973 1393 2009 geliefert wird, zumal sonst keinerlei bestimmung da steht. es geht aber weiter,
177 2011 1393 2058 τῇ δ̕ ὑστεϱαίᾳ. dies moment, daſs die verabredung für den nächsten morgen galt,
177 2052 1393 2093 ist wesentlich und ist nirgend ausgesprochen. also halte ich für evident, daſs
178 2096 715 2132 παϱέξειν εἰς αὔϱιον zu schreiben ist.
