1600 2316
147 202 1353 243 eine abweichung von dem prinzipe der localen kreise ist zudem sicher:
145 251 1352 292 Hekale gehört zur Leontis und lag, wir wissen nicht wo, aber so, daſs
145 299 1354 338 Theseus auf dem wege von der stadt nach Marathon dort nachtquartier
144 348 1352 387 machen konnte, also sicherlich auſser contact mit den übrigen demen.
144 396 1351 435 den Kleisthenes hat hier wieder die tendenz geleitet die alte cultgenossen-
144 444 1351 485 schaft des Zeus, deren centrum Hekale war, zu sprengen. wir wissen
146 493 1160 533 nur noch nicht, welche gemeinden sonst an ihr teil hatten.
226 542 1353 582 Schwieriger stellt sich die Antiochis. zwar für den stadtkreis
141 590 1354 633 haben wir Alopeke und den Kolonos des marktes, und der küstenkreis
140 639 1351 678 ist durch Thorai Aigilia Anaphlystos gegeben, mit denen man bequem
141 686 1351 724 die landeinwärts anstoſsenden Besa Atene und Amphitrope verbindet.
140 735 1349 769 aber wo bleibt der landkreis? Melainai am Kithairon, vereinzelt an dem
140 783 1352 828 küstenkreis der Hippothontis klebend, betrachte ich als eine schöpfung
141 833 1352 874 der zeit nach Kleisthenes, wie Graes und Psaphis. Semachidai in der
141 882 1354 925 Epakria ist mit absicht von dieser losgetrennt, und muſs so angesetzt
141 934 1352 973 werden, daſs es Pentele, die steinbrüche des Brilettos, also seine kuppe,
142 983 1354 1022 angliedern kann. beides sind kleine gemeinden. die hauptfrage ist
141 1028 1351 1070 hier die ansetzung von Pallene, um die durch Brückners gedankenreichen
141 1079 1353 1118 aufsatz (Mitteil. Ath. XVI) ein streit entbrannt ist, den leider die kreistei-
141 1124 1350 1164 lung nicht sicher entscheidet. immerhin ist der platz in der nähe von
143 1171 1352 1210 Gargettos durch die Aigeis occupirt, eine lage im anschluſs an Pentele
141 1219 1352 1259 und Semachidai nicht wol angängig. dagegen gelingt es Brückners ansatz
142 1268 1351 1309 von Pallene in Koropi mit der südlichen demengruppe der Antiochis zu
142 1318 1353 1360 vereinen, da ein vorkleisthenischer Eroiade ein denkmal erhalten hat,
143 1369 1353 1412 das in den Kalyvia von Kuvaraes gefunden ist. und nach dem ge-
1295 121 1351 149 157
608 121 886 148 Leontis. Antiochis.
1373 551 1491 571 Antiochis.
144 1449 1355 1485 also die bergwerke von der heimat her kannte) in den küstenkreis gehöre, sind mir
146 1490 1353 1527 sehr ansprechend, doch nur so weit als ich sie hier reproducire. fester anhalt fehlt.
285 1535 1353 1567 Zu Hekale kann der Kolonos der Leontis gehören, denn bei Kallimachos
143 1573 1353 1609 sagte jemand ἔκ με Κολωνάων τις ὁμέστιος ἤγαγε δήμου τῶν ἑτέϱων, fgm. 428.
286 1615 1114 1650 Die prytanenliste II 869 ist nicht nach trittyen geordnet.
292 1651 1355 1685 Strabon 398 setzt zwischen Thorai und Aigilia in seiner aufzählung der
144 1688 1355 1730 küstenplätze Lamptra. in der tat öffnet sich die küste zwischen Vari-Anagyrus und
144 1727 1355 1769 Phinikia-Aigilia zweimal, zwischen den bergen Keramoti und H. Dimitrios und bei
145 1769 1355 1810 dem kirchlein des heiligen dieses namens, wo eine alte ansiedelung bemerkt ist.
145 1813 1356 1845 nur kann man diese schlecht für das untere Lamptra halten und Thorai westlich
145 1854 1356 1891 von ihr unterbringen, und sicherlich hatte die alte phylenordnung diese durch-
145 1887 1078 1930 brechung nicht beabsichtigt, wenn nicht gar ein irrtum vorliegt.
286 1937 1356 1972 Die existenz der gemeinde Pentele für das vierte jahrhundert beweist der
145 1973 778 2011 metöke Menes Πεντελῆσι οἰκῶν II 834c 37.
295 2017 1357 2052 Auf dem rätselhaften steine I 492 = IV p. 118 ist wenigstens hιεϱός
143 2055 491 2090 εἰμι το̃ hεϱοιάδο sicher.
