1600 2316
223 193 1426 228 race, einem wirklich einheitlichen und seiner einheit sich bewuſsten
224 241 1428 283 volke mit ganz bestimmter sprache und sinnesart vollzogen, bevor der
226 289 1428 329 nebel der sage sich lichtet; auch Eleusis macht keine ausnahme. es ist
227 333 1157 379 die einheit des ‘Athenervolkes’, des δῆμος Ἀϑηναίων.
307 387 1428 428 Dem entspricht die verfassung. wer sich an das wort hält, muſs
224 436 1427 476 behaupten, daſs die demokratie Athens einzige verfassung ist, muſs dann
225 484 1429 524 aber dasselbe von Sparta sagen. die verfassungskämpfe drehen sich
225 534 1429 572 darum, wer zum demos gehören soll, und in wie weit der demos seine
226 577 1430 623 souveränetät selbst in der executive betätigen will oder auf die männer
226 630 1429 673 seiner wahl, einzelbeamte oder collegien, übertragen. die entwickelung
226 679 1431 720 geht dahin, den begriff des demos möglichst weit, seine regierung immer
225 728 1431 768 unmittelbarer zu machen. die beamten aber, ursprünglich einzelne, be-
225 777 1432 814 fugt sich ihre subalternen selbst zu ernennen, werden immer mehr
226 824 1431 862 gebunden und beschränkt durch die collegialität, durch die annuität,
227 871 1430 914 durch die prüfung vor dem antritte auf ihre qualification, die prüfung
229 917 1432 961 nach dem abtritte vor dem übergange in den Areopagitenrat, durch die
230 964 1433 1013 aufzeichnung ihrer instruction, der gesetze, endlich durch die bindung
230 1011 1433 1054 ihrer richterlichen entscheidung an den wahrspruch eines beirates. diese
230 1061 1433 1104 entwickelung hat schon manchen schritt zurückgelegt, aber um dem
228 1111 1435 1154 wesen gerecht zu werden, müssen wir die verfassung alles andere eher
228 1162 1433 1206 als demokratisch nennen. denn der demos, der träger der souveränetät,
227 1212 1436 1256 ist ein stand, der adel, und zwar bereits ein denaturirter adel, nicht
230 1261 1434 1305 auf dem blute, sondern auf dem grundbesitze begründet. die formen
231 1308 1434 1354 des staates sind jedoch immer noch die des reinen geschlechterstaates.
230 1355 1435 1401 der zeitpunkt, wo staat und gesellschaft leidlich klar vor uns liegen,
229 1402 1436 1450 kann zur zeit noch nicht wol früher angesetzt werden als auf 683/2,
605 111 1041 144 II. 2. Von Kekrops bis Solon.
222 116 260 142 40
94 393 192 414 Die alte
77 418 215 444 verfassung.
353 1481 1464 1522 Isokrates (9, 61) hat es fertig gebracht, den ruhm Spartas darin zu finden, ὅτι μάλιστα δημοκϱατούμενοι τυγχάνουσιν. im Menexenos wird Athen als muster
230 1561 1436 1601 der ἀϱιστοκϱατία hingestellt. mit worten geht alles. in der tat ist die souverä-
229 1600 1437 1640 netät auch in Sparta bei dem δᾶμος. aber dieser δᾶμος ist der stand, beschränkt
230 1644 1437 1681 durch die forderung sowol des blutes wie der standesgemäſsen lebensführung, womit
230 1685 1437 1719 auch ein gewisser besitz gefordert war. der δᾶμος übt seine souveränetät fast
231 1723 1439 1759 nur durch die wahlen einiger behörden; könige und rat sind lebenslängliche amts-
232 1761 1438 1801 stellen. die gesetze sind nicht aufgeschrieben, die beamten an keinen beirat ge-
232 1800 1438 1836 bunden. die wurzel ist also sehr ähnlich wie in Athen, aber das gewächs ist ein
234 1839 846 1875 anderes, und dem entsprechen die früchte.
373 1880 1456 1915 Das hat gedauert für die beisitzer der drei oberbeamten und für die sub-
233 1919 1431 1961 alternofficiere, die der oberst ernennt. die ersteren aber haben beamtenqualität
232 1958 1439 2000 sie zeugen also für das alte recht der oberbeamten. die vom Areopag ernannten
232 2002 1439 2040 beamten waren mindestens zumeist auch wirklich seine organe, später die des rates
233 2046 349 2073 der 500.
