1600 2468
67 250 1314 290 sprecher eine andere person zu wählen, da er ja seiner herkunft nach
68 301 1315 340 indifferent war, und so gut wie eins konnte man mehrere epeisodia zu-
68 351 1314 391 lassen; den sprecher hinausgehen und sich umkleiden zu lassen war ja
69 393 1339 479 ungleich leichter. die aischyleische poesie hält in älterer zeit noch völlig
69 452 1315 491 daran fest, daſs sich das einzelne stück durch die einführung einer neuen
69 501 1318 543 person in ἐπεισόδια gliedert, wie dieser name fordert; die zahl ist nicht
69 553 1317 593 festgestellt. dagegen muſs sich schon früh die vierzahl für den costum-
71 603 1317 643 wechsel des chores festgesetzt haben, eine weit wichtigere aber quali-
71 654 1317 695 tativ ganz analoge erscheinung. dadurch gliederte sich also die aufführung
71 705 1319 746 in vier stücke. ob diese für sich ein jedes oder alle zusammen erst
72 755 1316 796 eine einheit im dichterischen sinne bilden, hängt lediglich von dem können
72 806 1316 846 und wollen des dichters ab. nachweislich ist von Aischylos beides neben
71 857 1319 896 einander geübt worden, doch so, daſs schon bei ihm die tendenz mächtig
72 907 1318 946 war, die einzelnen chöre oder ‘stücke’ immer selbständiger zu gestalten,
71 958 1319 998 was später feststehende regel ist, auch wenn zwischen ihnen ein bezug
71 1009 1319 1049 waltet. auſserdem gilt es bereits, daſs der satyrchor an letzter stelle
72 1060 1319 1100 stehen muſs, und seine verbindung mit den andern dramen ist eine losere,
73 1111 1318 1149 auch wenn sie inhaltlich vorhanden ist . wie es zu diesen regeln
73 1161 1320 1201 gekommen ist und durch wen, ist gar nicht möglich zu vermuten. die
70 1212 1320 1251 jüngeren dichter überkommen die institution als eine durchaus feste,
510 164 863 198 Satyrspiel und tragödie.
1273 165 1312 192 89
73 1294 1321 1328 eine schlimme zeit. die belebenden gewässer blieben aus; die felder verdorrten, Inachos
74 1336 1320 1370 selbst ward fast zu einer trocknen mumie, spinneweben füllten die leeren scheuern.
73 1378 1321 1411 lo ward zur kuh und ein schauerlicher wächter saſs neben ihr und blies die schalmei,
75 1421 1320 1454 während die menschen mit wehmütigen gesängen die gute alte zeit feierten. — so
75 1463 1321 1497 weit die reste, die man nachlese. daſs ein glückliches ende kam, indem Argos durch
75 1503 1322 1539 Hermes erschlagen ward und Hera sich versöhnte, ist selbstverständlich. τὰ τοῦ δρά-
73 1541 1322 1583 ματος πρόσωπα: χορὸς Ἀργείων, Ἴναχος Ἰώ Ἄργος Ἑρμῆς Ἶρις. die beiden himm-
75 1589 1322 1621 lischen diener ersetzen die herren, die zu vornehm für solch ein spiel sind. die
75 1628 1323 1666 diener waren beide auf der bühne, schol. Ar. Vög. 1203 = fgm. 251 ὁ Ἑρμῆς ἄγγελος
75 1671 1321 1709 ὢν (d. h. τῆς Διὸς ὡς Πλούτου ἐπεισόδου) παρὰ Σ. ἐν Ἰ. ἐπὶ τῆς Ἴριδος (so Rav.
75 1712 1322 1750 nach Martin) “γυνὴ τίς ἥδε· κυκλὰς Ἀρκάδος κυνῆς;”. denn so hat Toup richtig
75 1754 1321 1791 verbessert ἥ δε συληνᾶς Α. κυνῆ B. V.), wie für κυνῆς andere citate, für den sinn
75 1799 1321 1833 die aristophanische copie zeigt. merkwürdig ist, wie unter den liebenswürdigen
75 1840 1322 1876 scherzen sich die symbolik der das δίψιονἌργος angehenden fabel nicht verloren hat.
220 1882 1322 1917 Die Amymone der Danais und der Lykurgos der Lykurgie mögen die ge-
76 1925 1321 1959 schichte fortgeführt haben. die Sphinx der Thebais aber hätte zeitlich zwischen
76 1966 1322 2001 Laios und Oidipus gehört, der Proteus der Orestie zwischen Choephoren und Eume-
77 2009 1323 2043 niden. auf ihn deutet im eingangsstück nicht bloſs die lediglich dadurch motivirte
77 2050 1321 2086 frage nach Menelaos (Ag. 617), sondern auch die erwähnung des Odysseus (841):
77 2092 1324 2127 denn der inhalt des Proteus war ja dem δ entnommen. die verbindung mit der
78 2134 1323 2169 Orestie ist also eine äuſserliche. in der Persertetralogie steht Prometheus so selb-
78 2176 535 2211 ständig wie die drei tragödien.
