1600 2468
606 174 1065 210 Was ist eine attische tragödie?
203 251 1451 303 selbe konnte also nicht zwei menschenalter vorher die tragödie oder
218 305 1448 355 noch viel früher den dithyrambos erzeugt und doch neben diesen ausge-
217 354 1450 403 bildeten formen fortbestanden haben. wir können sogar noch weiter
216 405 1447 454 gehen: auch der dithyrambos, aus dem die tragödie hervorgegangen ist,
213 455 1447 500 kann nicht eben der dithyrambos gewesen sein, der neben ihr fortbe-
212 506 1445 555 stand; da muſs etwas anderes stecken. die modernen haben sich nun
212 555 1445 606 aber so sehr daran gewöhnt, die tragödie aus volkstümlichen improvi-
210 606 1446 658 satorischen spielen des faschings hervorgehen zu lassen, daſs es notwendig
209 656 1445 702 ist, einen zweiten umweg durch diese regionen zu machen, um nicht bloſs
211 706 1444 757 diese vermutung abzulehnen, sondern ihre unmöglichkeit positiv darzutun.
297 758 1445 800 Der Dionysosdienst und neben ihm der Demeterdienst unterscheidet
209 808 1444 857 sich, wenn auch schwerlich von anfang an, so doch in der gestalt,
208 858 1443 907 welche allein genauer bekannt und für die tragödie bedingend ist, von
208 909 1443 958 den diensten der olympischen götter dadurch, daſs die gemeinde eine
209 959 1444 1008 active bedeutung erhält. Dionysos hat selbst auf erden gewandelt, hat
208 1010 1443 1055 nicht nur seine gaben verteilt, sondern auch seine feiern, die zwei-
204 1060 1443 1107 jährigen auszüge in berg und wald, oder was an stelle derselben tritt,
207 1111 1443 1158 eingesetzt, er hat mit den ungläubigen harte kämpfe bestanden, er fordert
205 1161 1441 1208 also von jedem einzelnen die anerkennung seiner göttlichkeit und eine
202 1212 1439 1255 persönliche betätigung des glaubens. das ist mehr als was in den
202 1261 1440 1309 alten culten geschieht. da vollzieht die heiligen handlungen der durch
202 1312 1439 1360 geburt und erbrecht oder durch staatlichen auftrag dazu berufene, im
203 1362 1440 1413 eigenen hause der herr oder die frau, in den staatstempeln der könig
177 1412 1439 1461 oder sein rechtsnachfolger, in sehr vielen culten, die sich aus geschlechts-
203 1463 1439 1508 culten zu allgemeiner anerkennung erhoben haben, der durch ererbtes
198 1514 1436 1561 recht dazu berufene. die menge steht dabei, schweigend, oder an festen
202 1563 1435 1615 punkten der heiligen handlung festbestimmte rufe erhebend (εὐφημεῖν ,
201 1614 1436 1662 ganz selten eine symbolische handlung in festen grenzen mit vollziehend,
200 1663 1435 1714 die ἱερουργίαι verstehen die οἷς πάτριόν ἐστιν: die ὄργια gehen jeder-
217 166 257 195 56
78 761 198 808 Dionysos-
200 1754 1435 1797 titeln schwankt die überlieferung sehr oft zwischen ihm und dem singular, und nur
198 1795 1435 1836 bei Kratinos ist noch Ὀδυσσῆς Κλεοβουλῖναι Ἀρχίλοχοι ganz fest. noch Wolken-
197 1837 1433 1881 kukukshein heiſst auch Νεφελοκοκκυγίαι. Πλάταια und Μυκήνη und Θήβη sind
196 1879 1432 1923 die älteren ortsnamen; als man aber die eponymen nymphen lebhafter persönlich
194 1921 845 1958 empfand, drangen die pluralbildungen durch.
340 1963 1432 2006 So stand auch der daduche bei den Lenaeen, rief καλεῖτε ϑεόν, und die ge-
193 2005 1432 2049 meinde respondirte Σεμελήιε Ἴακχε πλουτοδότα, schol. Ar. Fr. 479. die einmischung
193 2046 1430 2089 des Iakchos und des eleusinischen priesters in den altattischen cult zeigt, daſs dies
192 2088 1430 2126 nichts ursprüngliches war. verse in diesen und ähnlichen hier und zu Fried. 968
191 2130 1430 2172 angeführten worten zu sehen, ist willkür. sie stehen bei Bergk unter den volks-
187 2171 292 2199 liedern.
