1600 2320
178 233 1385 278 von Sigeion gewesen sei (V 94). es gibt nur die eine lösung für beides,
179 281 1386 322 daſs freilich in Athen nur drei söhne des Peisistratos gewesen sind, wie
179 329 1387 370 Aristoteles ja auch als nachfolger des vaters nur drei nennt, aber der
178 378 1386 419 vierte Sigeion erhalten hatte und nie Athener geworden war. so stimmt
176 425 1385 468 die attische urkunde und Thukydides zu Aristoteles. aber Herodot muſs
177 474 1384 517 allerdings statt Iophon Hegesistratos genannt haben, getäuscht durch den
177 523 1381 563 doppelnamen des Thessalos, oder aber Iophon den klangvollen namen
176 570 1383 612 des bruders übernommen haben, als jener sich in Athen Thessalos zu
176 624 473 661 nennen begann.
258 668 1383 707 Es hat noch eine tochter des Peisistratos gegeben, wenn das
174 718 1382 755 patmische scholion zu Demosthenes Aristokratea 71 genau ist. in
174 765 1381 807 einer wertvollen erörterung des attischen blutrechtes heiſst es zum be-
174 812 1382 859 lege dafür, daſs auch der δίκαιος φονεύς nicht in Athen wohnen durfte
173 862 1382 909 (also einer irrigen ansicht), τοῖς γοῦν Μυϱϱίνην τὴν Πεισιστϱάτου ϑυ-
171 1003 1383 1053 τῆς Ἀττικῆς ἐπιβαίνειν τὸν ὅλως φονεύσαντα. darin stammt die be-
157 1057 1380 1094 gründung nicht aus dem psephisma, und die worte scheinen nicht heil.
172 1101 1378 1144 Myrrhine aber war, wie schon der erste herausgeber Sakkelion gesehen
170 1149 1378 1190 hat, vielmehr die schwiegertochter des Peisistratos, die gattin des Hippias.
169 1196 1377 1239 so erzählt Thukydides (VI 55) auf grund eben der inschrift, die das ge-
170 1242 1379 1289 schlecht ächtete. das verhilft uns wol zu der richtigen deutung des
168 1290 1378 1333 scholions. nicht nach der ermordung ist das beschlossen, sondern es
168 1339 1377 1382 ist der preis auf die für vogelfrei erklärte familie ausgesetzt, daher das
169 1385 1377 1431 unklare Μυϱϱίνην καὶ ἄλλους τινάς und die einschwärzung des
169 1437 1377 1479 namens Peisistratos. die Athener haben den mördern das bürgerrecht
169 1485 1376 1526 und nicht eine unbestimmte δωϱεά, sondern ein landlos auf Salamis
168 1536 1375 1576 ausgesetzt, dies aber nicht aus dem angegebenen religiösen motive,
168 1584 1376 1625 sondern weil sie da verfügbare ländereien hatten und tatsächlich zur
168 1632 1373 1675 selben zeit zu ehrengeschenken verwendeten (Herod. VIII 11). denn
166 1682 1375 1724 erst um 480 kann diese stele gesetzt sein, durch die jedes mitglied der
652 152 906 177 Die Peisistratiden.
1328 160 1386 187 113
212 2115 1178 2141 v. Wilamowitz, Aristoteles. 8
307 1755 1374 1789 Mit Iustin, der aus der ermordung des Hipparchos macht Diocles alter ex
164 1790 1374 1832 filiis per vim stuprata virgine a fratre puellae interficitur (II 9, 1) ist nichts an-
165 1832 1371 1874 zufangen. was in der parischen chronik zum archon Pythokritos 494/3 steht, ἀφ̕
164 1870 1373 1913 οὗ νε ...... ιππια — — | .... εν Ἀϑήνησιν, ist noch ein rätsel. Boeckhs
162 1916 1373 1956 versuch, einen sohn des Hippias hineinzubringen, ist schon wegen des genetivs
167 1953 355 1982 Ἱππία falsch.
246 1996 1370 2036 Töpffers änderung καὶ ἄλλας ἐψηφίσαντο δωϱεάς καὶ πολιτείαν (qu.
162 2031 1371 2072 Pisistr. 113) ist an sich ansprechend, aber dann müſste man an die vollzogene tat-
160 2071 1372 2113 sache des mordes glauben, weil die beziehung auf das landlos nicht mehr vorhanden ist.
