1600 2316
144 202 1360 246 zugeben, daſs die institution verkümmert war. denn die συλλογῆς der
146 250 1360 294 Aigeis sind auf dem steine 872 aus Gargettos Ikaria Herchia, also alle
148 298 1360 337 drei aus dem landkreise. die trittys war zum drittel geworden. übrigens
148 346 1361 385 sind auch diese steine der Pnyx niemals erneuert; der zweck, dem sie
147 399 562 438 dienten, war fortgefallen.
234 444 1361 481 Gehalten haben sich die trittyen im rate, da noch Aristoteles (44, 1)
149 492 1361 537 angibt, daſs immer eine trittys der prytanen im rathause anwesend sein
149 541 1360 581 muſste. diese bestimmung wird sich auch gehalten haben, als es 600
149 590 1364 634 ratsherren gab, denn in den jahren 299—94 begegnen uns, zum letzten
150 639 1364 677 male in den inschriften, trittyarchen, die mit einem sonst unerhörten
152 683 1366 734 ἐξεταστής zusammen die kleinen ausgaben besorgen, die sonst der ταμίας
150 733 1366 784 τῆς βουλῆς καὶ τοῦ δήμου zu leisten hat.  das wird also ein aus-
151 781 1367 830 schuſs des täglich amtirenden teiles der prytanen sein.  aber damals
152 831 1367 877 bestanden schon Antigonis und Demetrias, die in räumlich geschlossene
153 881 1370 921 kreise nicht zerfallen sind. somit sind aus ihren demen trittyen wol
152 932 1368 973 schwerlich formirt, und die des rates sind nichts als drittel. dann kann
155 982 1370 1026 es gut und gerne auch 340 schon ebenso gewesen sein. aber ehedem
154 1031 1373 1074 hat man den trittyen gröſsere bedeutung beigemessen. die prytanen-
155 1079 1374 1119 listen konnten oben zur ortsbestimmung der trittyen vielfach benutzt
156 1125 1374 1165 werden, weil sie zum teil nach ihnen geordnet sind, und noch viel mehr
156 1171 1374 1213 haben wenigstens noch drei columnen, wenn auch die aufzählung der
157 1218 1373 1260 demoten nicht mehr der trittys folgt.  so wird es eine zeit gegeben haben,
158 1268 1375 1310 wo wirklich die trittys ein drittel der fünfzig ratsherrn präsentirte, und das
158 1319 1377 1357 war nicht unwesentlich, sondern ein schutz der minoritäten. die Acharner
158 1370 1376 1411 mochten eine ganze trittys sein und an zahl sehr viel mehr als ein
159 1420 1377 1460 drittel der Oineis: wenn auf die trittys ein drittel kam, konnten sie nie-
159 1471 1094 1511 mals 22 ratsstellen occupiren wie auf der liste II 868.
244 1517 1376 1561 In der beamtenschaft entsprechen die meisten collegien den phylen
162 1564 1379 1609 und haben deshalb zehn mitglieder. aber das fünfte jahrhundert zeigt
161 1610 1378 1656 mehrere von 30 männern, die also den trittyen entsprechen können. die
163 1658 1377 1712 30 συλλογῆς τοῦ δήμου haben wir schon kennen gelernt, und für sie
442 120 1057 154 Trittyen in der ekklesia. trittyen im rate.
1296 119 1353 147 167
1395 451 1491 480 Trittyen
1396 479 1493 496 im rate.
1410 1525 1507 1550 Trittyen
1420 1549 1495 1569 in der
1402 1574 1519 1593 beamten-
1420 1598 1499 1619 schaft.
312 1731 1377 1774 Zu den psephismen ist ein neues getreten Δελτ. ἀϱχ. 88, 112, wo etwa
164 1771 1378 1815 so zu schreiben ist μεϱίσαι τὸ ἀνάλωμα ε[ἰς ταῦτα τὸν ἐξεταστὴ]ν καὶ τοὺς τϱιτ-
1307 1782 1378 1806 τυάϱχους.
307 1853 1379 1890 C. Schaefer hat diesen ausschuſs mit den συλλογῆς τοῦ δήμου identificiren
165 1897 1381 1934 wollen; dem hat Köhler widersprochen, und in der tat scheint mir die obige deu-
166 1942 416 1975 tung vorzuziehen.
308 1979 1380 2013 Die ratsherren saſsen im ratshause seit 409 auf festen plätzen (Philochoros
165 2018 1380 2057 schol. Ar. Pl. 972). aber wenn dabei auch die trittyenordnung beobachtet sein kann,
165 2064 841 2098 so hatte das doch keine praktische bedeutung.
