1600 2320
271 185 1467 263 dann die bruderschaften zum stamme, ὡς φϱήτϱη φϱήτϱηφιν ἀϱήϱη,
270 235 1466 302 φῦλα δὲ φύλοις. aber mit der zeit ward diese ordnung unbrauchbar.
268 283 1466 355 nicht die Kynniden hatten interesse an einem fahrwege vom cap Zoster
264 334 1465 399 nach der stadt, sondern die bewohner von Lamptra und Aixone. nicht
262 381 1462 450 die nachkommen des Thymoites waren geeignet einen dreiſsigruderer zu
259 429 1461 503 bemannen, sondern die bewohner des dorfes der Thymaitaden, wes ge-
258 478 1457 547 schlechtes sie auch sein mochten. deshalb schuf man die organisation
258 526 1457 594 der naukrarien, wie der name sagt, zunächst für die flotte, wie sie
255 573 1454 645 denn auch noch über Kleisthenes hinaus für die flotte geltung behalten
254 622 1455 693 haben. aber die chronik sagt, daſs die naukrarien überhaupt für das
251 675 1453 738 steuerwesen da waren und eine casse hatten. an der spitze der nau-
249 719 1449 785 krarie, die also der römischen ortstribus entspricht, stehen die naukraren:
247 768 1447 841 das ist die ortsbehörde. die 48 naukrarien sind, wie es eben gieng, in
246 817 1448 884 die vier phylen eingeordnet. es fehlt die staatliche behörde, die ihre
244 868 1445 937 gesammtheit zusammenhält: diese lücke füllen die vier prytanen, die
242 912 1441 981 tribuni. sie verhalten sich zu den vier phylenkönigen wie der archon
240 959 1441 1029 zum könige, aber sie sind nicht mehr patricische beamte. das organ, welches
239 1006 1439 1080 die frohnden und steuern verteilt und einzieht, ist wol geeignet, eine
236 1057 1438 1135 starke effective macht zu erlangen. die prytanen, die mit dem ναυκϱαϱικὸν
235 1101 1436 1185 ἀϱγύϱιον zu tun haben, forderten allerdings eine scharfe überwachung
230 1154 1433 1228 bei der rechenschaftsabnahme heraus. und wenn der könig und der
227 1206 1430 1273 archon an den rat auf dem Areshügel gebunden war, so war es ein con-
226 1261 1428 1323 sequenter schritt, den prytanen eine vertretung der naukrarien in einem
223 1307 1428 1370 rate zur seite zu stellen. das war ganz eben so gut eine die tribune
221 1351 1424 1420 bindende wie die aspirationen der plebs befriedigende maſsregel. die
219 1400 1422 1472 fortentwickelung ist gewesen, daſs die prytanen in den rat selbst aufgiengen.
218 1448 1420 1523 dieser erhielt selbst die macht; die plebejische magistratur war unnötig,
216 1495 1418 1568 da der ständische gegensatz doch schon durch Drakon ein gegensatz
215 1545 1417 1612 des census geworden war, zumal die beamten immer mehr an das volks-
212 1594 1415 1661 gericht gefesselt wurden. die prytanen können noch nach Solon als
212 1643 1411 1707 magistrate bestanden haben; er kann sie auch beseitigt haben: das wissen
210 1686 1410 1761 wir nicht. was sie zu Drakons zeit sein mochten, und wie er dazu ge-
692 119 1055 160 I. 4. Drakons verfassung.
276 103 313 131 96
348 1792 1407 1853 ναύκϱαϱος setzen die alten mit ναύκληϱος gleich. dann muſs der rhota-
206 1827 1407 1897 cismus, der ja in dem alten attisch analoga genug hat (κλάδος κϱάδος, κϱίβανος
203 1866 1404 1935 κλίβανος, Κέκϱωψ Κϱωπίδαι Κλωπίδαι) älter sein als die brechung des α. das ist
203 1908 1402 1976 der fall, denn wir können ναύκλαϱος noch belegen, CIA IV p. 202. also nicht in
200 1950 1401 2021 diesem lautwandel liegt die schwierigkeit, sondern darin, daſs man ναύκληϱος in
198 1992 942 2034 seiner gewöhnlichen bedeutung nicht ableiten kann.
338 2034 895 2074 Vgl. das capitel ‘Trittyen und Demen.’
