1600 2316
259 236 1466 275 offiziellen urkunden redigiren, mit ihrem eigenen namen, im gegensatze
258 283 1466 326 zu den personen, die sie in den protokollen anführen. in der komoedie,
258 332 1467 374 die wir allerdings erst aus dem peloponnesischen kriege kennen, als
258 380 1466 421 die demenordnung schon länger als zwei menschenalter bestand, stellen
257 430 1467 470 sich die leute mit dem demotikon vor , aber in der anrede erscheint es
256 479 1466 518 beinahe nie, während Platons dialoge zeigen, daſs in der vornehmen
257 521 1468 570 gesellschaft die anrede ὦ παῖ Ἀκουμενοῦ gar nicht selten war.  nicht
258 576 1467 617 anders ist es in der litteratur. Thukydides ignorirt den demos in der
258 625 1467 666 namengebung ganz. bei Herodotos sind ein par demotika vorhanden,
258 675 1468 715 einmal sogar ohne vatersnamen, offenbar aus officieller attischer über-
256 723 1468 765 lieferung.  wie sehr sonst bei ihm die berücksichtigung des geschlechtes
256 771 1468 815 vorwiegt, weiſs jeder leser. noch wir unterscheiden die beiden Thuky-
257 819 1468 859 dides nach ihren vätern, reden von den Kallias und Hipponikos,
257 867 1469 911 kennen Ephialtes des Sophonides, Lamachos des Xenophanes  sohn, ohne
257 914 1467 952 von ihrem demos zu wissen: aber die beiden Thrasybulos unterscheiden
258 963 1467 1003 wir nach Steiria und Kollytos, reden von Kallistratos von Aphidna, Ari-
258 1012 1468 1054 stophon von Azenia, Eubulos von Anaphlystos, und in der späteren ge-
258 1062 1469 1102 lehrten schriftstellerei wird ein Ammonios von Lamptra und ein Apol-
259 155 317 184 172
663 154 1061 180 II. 7. Der athenische name.
390 1203 1470 1237 Z. b. Ar. Ach. 406. 1028. Wolk. 134. Fried. 190. Lys. 852. Thesm. 898.
384 1240 1470 1279 Mir ist aus Aristophanes nur Wesp. 232 ὦ Στϱυμόδωϱε Κονϑυλεῦ bekannt,
257 1285 1470 1319 und das ist sicher ein witz, denn der ganz obscure demos wird, so viel ich weiſs,
257 1320 1471 1363 sonst Κονϑυλῆϑεν bezeichnet. ein witz ist auch in Platons Symposion ὦ Φαληϱεὺς
258 1365 1470 1405 οὗτος Ἀπολλόδωϱος, wenn auch die erklärung noch nicht gefunden ist. im pelo-
259 1404 1469 1443 ponnesischen kriege haben schon viele demen, Prospalta, Aixone, Titakidai, ihr be-
255 1451 538 1477 sonderes renommee.
390 1483 1469 1524 8, 93 erhalten den preis für tapferkeit in der salaminischen schlacht Εὐ-
256 1522 1470 1568 μένης τε [ὁ, wie kann man den artikel dulden?] Ἀναγυϱάσιος καὶ Ἀμεινίης Παλλη-
255 1561 1469 1605 νεύς. 9, 73 erhält dieselbe auszeichnung bei Plataiai Σωφάνης ὁ Εὐτυχίδεω ἐὼν
256 1607 1469 1650 δήμου Δεκελεῆϑεν, Δεκελέων δὲ τῶν κοτε ἐϱγασαμένων u. s. w. weil der mann
256 1647 1469 1684 berühmt war und Herodot mehr von ihm erzählen will, fügt er den vatersnamen
255 1687 1469 1729 bei, den demos lieferte die officielle angabe, und an ihn knüpft er die geschichte
257 1728 1469 1769 von den Dekeleern, die in Sparta atelie und proedrie besitzen. daſs Sophanes zu
259 1768 1470 1809 diesen gehörte, sagt Herodot, darin kann er irren: aber daſs in Sparta nicht eine
259 1808 1471 1847 kleisthenische gemeinde, sondern ein älterer gentilicischer oder quasigentilicischer
258 1848 1471 1883 verband, die nachkommen des Dekelos, so geehrt worden sind, sollte doch von
259 1889 1471 1927 selbst einleuchten. sonst wird kein Athener anders als mit dem vater bezeichnet,
258 1928 1471 1966 auch die beiden brüder Κυνέγειϱος und Αἰσχύλος Εὐφοϱίωνος, von denen jener sich
257 1971 728 2002 bei Marathon auszeichnet 6, 114.
384 2010 1472 2043 So Thuk. 6, 8; Ξενοφάντου schol. Ar. Thesm. 840. übrigens war er wol
257 2051 1473 2090 aus Oe, denn da gibt es innerhalb der Oineis einen Lamachos II 772b, der sogar
257 2093 736 2128 seinen sohn Tydeus genannt hat.
