1600 2316
576 123 1096 155 II. 3. Von Peisistratos bis Ephialtes.
237 204 1441 245 miene machte, sich auſserhalb der stadt in Munichia ein schloſs zu bauen.
238 253 1442 293 immerhin erwehrte er sich ohne mühe einer peloponnesischen expedition,
237 301 1442 340 die ihn zu stürzen kam, und wenn er nicht selbst die sache verloren
238 348 1443 393 gegeben hätte und sich lieber auf seine sichere herrschaft Sigeion zu-
236 396 1442 438 rückziehen mochte, würde er wol auch der zweiten invasion lange haben
237 453 558 482 widerstehn können.
319 493 1443 533 Es war die energie und rücksichtslosigkeit des Kleisthenes gewesen,
237 543 1444 583 die die autorität Delphis und die waffen Spartas gegen Hippias aufge-
238 592 1445 632 boten hatte. den gott hatte er durch eine geschickte finanzoperation
238 642 1445 682 auf seine seite gebracht. daſs er Sparta den eintritt in dessen bund
236 691 1443 733 versprochen hatte und gewähren muſste, wenn der Peloponnes ihm helfen
237 739 1446 776 und ihn halten sollte, ist selbstverständlich. es scheint aber durchaus
238 785 1445 826 nicht, daſs die Athener mit Kleisthenes stark sympathisirten. die wirren
240 833 1445 873 nach dem abzuge des Hippias, der friedlich von statten gieng, endeten
240 879 1446 922 nach jahresfrist damit, daſs ein mann der reactionären adelspartei zum
240 928 1446 967 archon gewählt ward, der ein regiment ganz in Spartas sinne einzu-
239 976 1446 1019 richten sich anschickte, die Alkmeoniden wieder vertrieb, und eine groſse
238 1025 1448 1067 masse von familien, die unter den tyrannen zum bürgerrechte gelangt
240 1074 1447 1114 waren, in den metökenstand zurückstieſs. Kleomenes von Sparta kam
238 1124 1447 1166 seinem freunde Isagoras zu hülfe: Sparta schien gewonnen spiel zu
238 1175 1447 1215 haben. jetzt erst erhob sich das volk, denn jetzt erst handelte es sich
239 1225 1447 1265 um mehr als den hader der geschlechter. alles gute was Solon und
240 1275 1449 1314 Peisistratos gebracht hatten stand auf dem spiele. da rief der rat der
240 1323 1448 1360 400 die bauern und die handwerker auf, die schmierigen Peloponnesier
240 1370 1448 1410 aus der burg der Jungfrau hinauszuwerfen und nun tat Kleisthenes
237 126 276 154 76
80 506 225 528 Kleisthenes.
370 1487 1448 1522 Isagoras hatte unter Hippias in Athen gelebt, und schon weil er gegen
240 1528 1447 1561 Kleisthenes war, muſsten die anhänger der Peisistratiden zu ihm stehn. es ist also
240 1570 1449 1604 begreiflich, daſs er von Aristoteles ein freund der tyrannen genannt wird (20 1).
238 1610 1449 1643 aber eine besondere überlieferung wird das nicht sein: die parteigegensätze, die
239 1651 1448 1684 Herodot gab, führten von selbst auf diesen schluſs. sein geschlecht ist unbekannt;
240 1690 1450 1725 da sein familiencult der Ζεὺς Κάϱιος war, der boeotisch ist, möchte man an dia-
240 1728 1450 1764 krische heimat denken; am liebsten möchte ich ihn den tyrannenmördern verwandt
241 1768 1448 1804 glauben. sein vater hieſs Τείσανδϱος, ein vornehmer aber viel verbreiteter name;
242 1806 1448 1841 einen aus Aphidna nennt Platon Gorg. 487c. von den parteigängern der tyrannen
241 1845 1474 1880 kennen wir den Rhamnusier Antiphon, des redners groſsvater, auch einen Diakrier
241 1885 480 1917 (Antiph. fgm. 1).
362 1924 1461 1957 Wundervoll gibt Aristophanes die stimmung wieder, Lysistr. 275, unbeschadet
241 1965 1449 1999 seiner eignen tendenz, die auf versöhnung mit Sparta hinarbeitet. man denke sich
241 2005 1450 2037 die hemdlosen zottelbärte Spartas zwischen den geschniegelten Ioniern: die farbe
241 2045 1128 2078 hat nicht der dichter ein jahrhundert später erst aufgetragen.
