1600 2468
186 253 1420 295 satyrspiel Sisyphos  auch Kritias als verfasser angegeben wird, ist der
185 303 1416 344 schluſs geboten, daſs diese ganze tetralogie zwischen den beiden dichtern
184 353 1418 392 schwankte, in wahrheit dem minder berühmten gehörte. die gesammt-
184 404 1419 442 summe 92 oder vielmehr 88 ist nun allerdings vorschnell fixirt. erstens
184 454 1417 494 ist fraglich, ob nicht lenäische agone darunter waren, an welchen viel-
185 503 1418 544 leicht weniger stücke gegeben wurden; zweitens hat der Archelaos sicher-
185 554 1418 593 lich nicht in den 22 didaskalien gestanden, und von der Andromache ist
183 604 1416 643 dasselbe ausdrücklich überliefert. somit ist der schluſs auf die gesammt-
183 655 1416 694 zahl der verfaſsten stücke unzulässig, und der verlust von dramen noch
184 705 1080 744 höher anzusetzen, als die Alexandriner getan haben.
266 755 1415 794 Praktisch kommt nun auf die sofort vergessenen stücke nichts an,
182 806 1416 845 die zum teil wol gar nicht veröffentlicht waren . um so erfreulicher ist,
180 856 1415 889 daſs wir über das was nach Alexandreia kam sicherheit erzielen können.
182 906 1415 947 es waren 67 tragödien, 7 satyrspiele . die letzte zahl ist auffallend
164 956 1413 999 gering. daſs Euripides einzeln statt eines satyrspiels eine tragödie gab,
182 1007 1413 1045 wie die Alkestis, erklärt das misverhältnis nicht genügend. wir kennen
181 1057 1416 1099 auch noch 3 satyrspiele, die verloren waren . offenbar hatte Euripides
184 1100 1416 1152 für das komische weder neigung noch begabung. selbst von den 7 ist
183 1157 1414 1198 eines so wenig gelesen worden, daſs wir nicht einmal den namen ken-
183 1208 1414 1249 nen . und in den 6 kenntlichen war dasselbe motiv, die überwindung
180 1258 1415 1298 der barbarischen vis consili expers durch die hellenische rite nutrita
180 1307 1414 1349 indoles, viermal angewandt (Buseiris, Kyklops, Skiron, Syleus); zweimal
181 1358 1415 1398 war der held ein listiger betrüger, Autolykos Sisyphos, denen Odysseus
184 1407 1413 1448 nahe steht; dreimal trat Herakles auf (Eurystheus Syleus Buseiris), einmal
179 1458 1412 1500 sein pendant Theseus (Skiron). die erfindsamkeit war also sehr gering.
183 170 223 198 40
622 168 983 202 Das leben des Euripides.
324 1580 1413 1617 Ein satyrspiel Sisyphos hat Euripides nach ausweis der didaskalie der
179 1622 1412 1658 Troerinnen 415 gegeben. das war verloren, ward mit dem Sisyphos des Kritias
180 1666 1411 1700 verwechselt und gab mit veranlassung zu der irrtümlichen zuteilung der ganzen tetra-
178 1708 807 1743 logie, in welcher auch ein Sisyphos stand.
327 1749 1411 1782 Anaxandrides verkaufte das manuscript einer durchgefallenen komödie
178 1791 923 1819 sofort als maculatur. Chamaileon bei Ath. IX 374.
324 1833 1410 1867 Die angaben sind trotz aller verwirrung durchsichtig. wenn man die un-
180 1874 1409 1909 ächtheit des Sisyphos bestritt, wozu dieselbe veranlassung vorlag wie beim Rhesos,
179 1915 1409 1950 so war die gesammtsumme 75: diese gibt Varro (Gellius XVII 4 3) und Suidas. rech-
179 1957 1408 1992 nete man die ganze bestrittene tetralogie zu, so waren es 78: so das γένος, und
177 1999 1014 2033 das wird in den σωζόμενα οζ΄ bei Suidas auch stecken.
260 2038 1407 2078 Θερισταί· οὐ σῴζονται in der didaskalie der Medeia, καὶ … σῴζεται in
177 2082 1406 2116 der der Phoenissen, deren ergänzung in diesem teile sicher ist. endlich der Sisyphos.
322 2124 1408 2159 Unsichere vermutungen Anal. Eur. 161. die beziehung auf die Marsyas-
177 2167 828 2202 sage läſst sich nicht mehr aufrecht erhalten.
