1600 2468
63 271 1303 319 unbequem waren die chöre. die zahl der tänzer war längst beschränkt,
63 320 1303 368 die komödie hatte sich der chöre fast ganz entschlagen, die rhetorische
61 372 1303 423 tragödie sie wenigstens mit nichtachtung behandelt und entbehrlich ge-
62 422 1302 472 macht. die schauspieler konnten wol mit monodieen etwas anfangen,
62 471 1301 523 obwol auch die zuweilen fortblieben , aber die eigentlichen chorge-
61 524 1304 572 sänge waren ihnen nur hinderlich. dazu kam, daſs die musik sich ganz
61 572 1301 620 anders entwickelt und mit den künstlichen versmaſsen längst zu wirt-
61 623 1301 666 schaften verlernt hatte, daſs die tanzkunst noch viel mehr die alte be-
62 673 1300 720 deutung eingebüſst hatte, so daſs sie noch im 3. jahrhundert unter-
60 723 1300 773 gieng , wie die chöre um 100 n. Chr. ganz verschwunden sind . als
59 773 1301 824 in Athen um 330 die groſse theaterreform des Lykurgos durchgeführt
59 823 1298 872 ward, forderte der dem alten durchaus huldigende staatslenker freilich,
59 873 1298 923 daſs die schauspieler nach einem officiellen textbuche zu spielen hätten,
61 925 1298 975 was für die darstellung einer παλαιὰ τραγῳδία auch in der ordnung
58 975 1297 1025 war. allein was verschlug diese vereinzelte maſsregel, und wie wenig
58 1023 1297 1073 kümmerte man sich in dem demosthenischen Athen um gesetze. vollends
57 1074 1297 1120 in diesem staatsexemplar ein werk diplomatischer kritik zu sehen und es
56 1126 1294 1171 gar zu einer art archetypus für unsere handschriften zu machen, ist ein
56 1175 1297 1223 recht unhistorischer einfall der modernen. Lykurgos brauchte dazu nur
56 1223 1294 1270 die dramen aus dem buchladen zu kaufen: es ist nichts andres, als wenn
56 1275 1294 1325 ein hoftheater heut zu tage die unverkürzte aufführung der opern eines
53 1324 1294 1375 bestimmten componisten oder auch die und die bearbeitung Shakespeares
53 1374 1292 1426 befiehlt. die allgemeine verwahrlosung gieng deshalb ihren gang ruhig
53 1426 1292 1475 weiter, und wenn die fortpflanzung der dramen durch die schauspieler statt-
53 1476 1292 1524 gefunden hat, unsere texte also auf bühnenexemplare zurückgehen, so ist
52 1526 1290 1574 ihre zuverlässigkeit eine ganz geringe. das freilich war ganz natürlich, daſs
53 1577 1289 1618 auch schauspielerexemplare in die bibliotheken kamen und die antiken
51 1627 1290 1673 philologen auch solche einsahen, ja es ist sehr glaublich, daſs sie sie für
1242 198 1301 227 131
590 190 774 225 Schauspieler.
1047 2227 1082 2252 9*
190 1718 1288 1760 So ist zu erklären, daſs einzelne gelehrte die monodie Antigones OK 236—43
50 1760 1289 1800 verwarfen: denn in ihr selbst ist kein anlaſs zu dem grundlosen verdachte. aber
50 1802 1287 1844 ein regisseur, der das überlange stück zurichten sollte, würde allerdings hier den
48 1843 267 1870 rötel brauchen.
194 1885 1287 1927 Der Babylonier Diogenes setzt das voraus: er hatte offenbar behauptet,
47 1926 1286 1965 der reiz des dramas ruhe in der musik neben dem worte, denn er wäre seit dem
48 1968 1286 2010 schwinden des tanzes (den Aristoteles noch mitgerechnet hatte) nicht gesunken.
47 2009 1286 2046 Philodem (de mus. IV 7 s. 70 Kemke) erweitert das dahin daſs auch die musik neben
45 2052 502 2085 dem texte bedeutungslos wäre.
192 2094 1284 2135 Dion von Prusa 19, 5; so viel scheint die verdorbene stelle zu ergeben;
45 2135 1284 2173 die ganze rede ist fragment. Dionys v. Halikarnaſs kennt die chorlieder noch von
43 2177 197 2203 der bühne.
