1600 2316
235 226 1444 266 Oa und Konthyle neben Paiania, Angele neben Myrrhinus mit sicherheit
233 276 1443 314 ansetzen. aber aus der umgegend der stadt gibt es keinen zweiten
233 324 1446 361 demos der Pandionis, und zu ihrer trittys gehört Probalinthos aus der
232 371 1444 413 tetrapolis. damit ist sofort eine ausnahme der regel festgestellt.
234 419 1442 461 eine andere bilden die Graes in dem stücke der Γϱαική, das Athen
234 469 1446 509 nicht mit Oropos verloren und dann zu den gemeinden Γϱαῆς und Ψαφίς
234 518 1445 558 gemacht zu haben scheint, von denen dieses zu dem benachbarten küsten-
234 567 1446 605 kreise der Aiantis kam, jenes zur Pandionis. diese kleinen demen scheinen
235 615 1446 655 nämlich nicht kleisthenisch zu sein. endlich wird Kytherros, nach Apollo-
235 665 1446 702 doros bei Strabon eine der zwölf städte, also sicher eine alte burg, so
236 713 1448 753 unbedeutend die gemeinde auch war, in dem landkreise zu suchen sein;
236 764 838 801 da muſs die ortsforschung ansetzen.
319 808 1451 844 Sicher sind auch die kreise der Oineis, denn Lakiadai gibt der
238 856 1448 898 grenzstein I 500, Thria IV 517b, und daſs Acharnai der vorort des land-
238 903 1449 941 kreises ist, oder vielmehr ihn so gut wie ganz darstellt, folgt aus der
237 951 1449 991 ganz einzigen gröſse dieser gemeinde, die im jahre 360/59 mit 22 mann
237 1000 1450 1040 im rate saſs, also viel mehr als einem drittel der phyle zukommt (II 868,
238 1049 1448 1088 nicht nach trittyen geordnet). Thria repraesentirt den küstenkreis, zu
238 1099 1449 1139 dem sicher Oie und Phyle gehören, so daſs er sehr wenig küste und
238 1150 1449 1187 auch nicht einmal einen schlechten hafen hat, aber bis in das hoch-
237 1200 1451 1240 gebirge reicht. zu den Lakiaden gehören noch als gemeinden des stadt-
238 1248 1453 1289 kreises die Butaden Kothokiden Epikephisia und Lusia; in die
238 1299 1011 1336 thriasische ebene wol noch die Perithoiden.
640 143 1028 176 II. 6. Trittyen und demen.
235 144 293 173 152
114 818 196 840 Oineis.
380 1392 1453 1427 Für dessen lage fehlten auch bisher nicht ganz die anhaltspunkte, Milch-
240 1435 707 1465 höfer, text zu den karten III 10.
389 1472 1453 1501 So auf der liste des Δελτίον und 863 nach einer schönen emendation
239 1515 351 1541 Köhlers.
382 1555 1453 1586 Die liste 873 hatte mehr als drei columnen. sie beginnt mit 13 männern
240 1595 1454 1629 des landkreises, richtig mit Paiania anfangend, dann folgen 13 des küstenkreises,
241 1636 1455 1672 aber Myrrhinus folgt erst nach Prasiai und Angele, dann 4 Probalisier (hergestellt
239 1679 1109 1711 von Wilhelm Herm. 24, 173): die ordnung war also gestört.
387 1715 1455 1746 Die köhler von Acharnai belehren uns darüber mit sicherheit, daſs das
242 1755 1455 1788 gemeindeland nördlich bis an den Parnes hinauf reicht, denn in der ebene war
243 1794 391 1821 kein wald.
386 1833 1456 1870 Da diese beiden zu derselben phratrie gehören, die phratrien auch einiger-
244 1872 1455 1908 maſsen localen charakter haben, und ein grundstück des königs Apheidas in Kotho-
245 1912 1455 1945 kidai liegt (CIA II 785), die Butaden selbstverständlich städtisch sind, so habe ich
243 1953 1456 1985 diesen ansatz schon früher vertreten; nur local können wir nunmehr erst diesen
245 1992 1390 2025 kreis festlegen, da die Lakiaden an der Kephisosbrücke sicher gewohnt haben.
386 2032 1456 2067 Diese lage hatte Dittenberger zu Syll. 298 bestimmt; ich habe deshalb den
245 2073 989 2112 gedanken an den thriasischen Kephisos aufgegeben.
