<?xml version="1.0" encoding="UTF-8"?>
<PcGts xmlns="http://schema.primaresearch.org/PAGE/gts/pagecontent/2019-07-15" xmlns:xsi="http://www.w3.org/2001/XMLSchema-instance" xsi:schemaLocation="http://schema.primaresearch.org/PAGE/gts/pagecontent/2019-07-15 http://schema.primaresearch.org/PAGE/gts/pagecontent/2019-07-15/pagecontent.xsd">
<Metadata>
<Creator>regJS2PAGE.py</Creator>
<Created>2021-02-16T10:45:52.060030</Created>
<LastChange>2021-02-16T10:45:52.060030</LastChange>
</Metadata>
<Page imageFilename="tmp/wilamowitz_aristoteles01_1893_0070.png" imageWidth="1600" imageHeight="2320">
<TextRegion id="block_0" custom="structure {type:body;}">
<Coords points="263,206 263,261 262,253 262,308 261,301 261,360 260,351 260,409 259,401 259,454 258,443 258,500 256,498 256,553 256,546 256,601 256,593 256,649 257,645 257,698 255,689 255,740 253,739 253,795 252,788 252,837 255,835 255,886 251,883 251,942 251,926 251,990 251,976 251,1034 250,1025 250,1078 250,1073 250,1130 248,1127 248,1177 248,1175 248,1232 247,1222 247,1278 247,1271 247,1323 245,1319 245,1377 244,1368 244,1421 243,1417 243,1467 243,1465 243,1516 241,1514 241,1573 241,1560 241,1616 238,1608 238,1661 1437,1661 1437,1608 1437,1616 1437,1560 1437,1573 1437,1514 1438,1516 1438,1465 1439,1467 1439,1417 1440,1421 1440,1368 1440,1377 1440,1319 1441,1323 1441,1271 1442,1278 1442,1222 1443,1232 1443,1175 1442,1177 1442,1127 1446,1130 1446,1073 1444,1078 1444,1025 1445,1034 1445,976 1444,990 1444,926 1446,942 1446,883 1446,886 1446,835 1446,837 1446,788 1447,795 1447,739 1449,740 1449,689 1448,698 1448,645 1448,649 1448,593 1450,601 1450,546 1451,553 1451,498 1452,500 1452,443 1453,454 1453,401 1454,409 1454,351 1453,360 1453,301 1454,308 1454,253 1457,261 1457,206 263,206"/>
<TextLine id="line_0">
<Coords points="263,206 310,206 328,215 384,215 404,208 433,208 456,217 596,217 619,216 678,216 700,217 803,217 826,218 977,218 1000,232 1070,232 1094,224 1200,224 1221,236 1256,236 1279,230 1399,230 1421,232 1457,232 1457,261 1421,261 1399,259 1279,259 1256,255 1221,255 1200,253 1094,253 1070,260 1000,260 977,256 826,256 803,245 700,245 678,244 619,244 596,251 456,251 433,237 404,237 384,235 328,235 310,234 263,234 263,206"/>
<Baseline points="263,234 310,234 328,235 384,235 404,237 433,237 456,251 596,251 619,244 678,244 700,245 803,245 826,256 977,256 1000,260 1070,260 1094,253 1200,253 1221,255 1256,255 1279,259 1399,259 1421,261 1457,261"/>
<TextEquiv><Unicode>das nur in auszügen und citaten erhaltene, ganz ebenso zu urteilen ist</Unicode></TextEquiv>
</TextLine>

<TextLine id="line_1">
<Coords points="262,253 314,253 342,255 413,255 440,258 483,258 511,262 672,262 698,264 815,264 844,262 892,262 920,272 1100,272 1127,276 1240,276 1269,285 1318,285 1347,279 1454,279 1454,308 1347,308 1318,305 1269,305 1240,301 1127,301 1100,300 920,300 892,295 844,295 815,292 698,292 672,297 511,297 483,288 440,288 413,285 342,285 314,282 262,282 262,253"/>
<Baseline points="262,282 314,282 342,285 413,285 440,288 483,288 511,297 672,297 698,292 815,292 844,295 892,295 920,300 1100,300 1127,301 1240,301 1269,305 1318,305 1347,308 1454,308"/>
<TextEquiv><Unicode>wie über die geschichte Solons: das tatsächliche stammt aus älteren</Unicode></TextEquiv>
</TextLine>

<TextLine id="line_2">
<Coords points="261,301 498,301 528,310 585,310 607,319 691,319 714,311 777,311 799,318 1092,318 1118,320 1298,320 1320,326 1369,326 1391,335 1453,335 1453,355 1391,355 1369,354 1320,354 1298,360 1118,360 1092,348 799,348 777,339 714,339 691,338 607,338 585,337 528,337 498,344 261,344 261,301"/>
<Baseline points="261,344 498,344 528,337 585,337 607,338 691,338 714,339 777,339 799,348 1092,348 1118,360 1298,360 1320,354 1369,354 1391,355 1453,355"/>
<TextEquiv><Unicode>bearbeitungen, und wenn eine zusammenfassende schilderung der vor-</Unicode></TextEquiv>
</TextLine>

<TextLine id="line_3">
<Coords points="260,351 477,351 507,358 674,358 701,359 773,359 801,361 875,361 903,370 959,370 987,376 1040,376 1069,369 1234,369 1262,374 1389,374 1418,376 1454,376 1454,405 1418,405 1389,409 1262,409 1234,398 1069,398 1040,396 987,396 959,394 903,394 875,391 801,391 773,387 701,387 674,395 507,395 477,384 260,384 260,351"/>
<Baseline points="260,384 477,384 507,395 674,395 701,387 773,387 801,391 875,391 903,394 959,394 987,396 1040,396 1069,398 1234,398 1262,409 1389,409 1418,405 1454,405"/>
<TextEquiv><Unicode>drakontischen verfassung auch wohl erst von Aristoteles gegeben ist</Unicode></TextEquiv>
</TextLine>

<TextLine id="line_4">
<Coords points="259,401 381,401 399,404 443,404 466,404 539,404 568,410 706,410 730,407 976,407 1001,416 1131,416 1159,428 1190,428 1218,419 1265,419 1292,421 1365,421 1386,424 1453,424 1453,453 1386,453 1365,450 1292,450 1265,448 1218,448 1190,447 1159,447 1131,454 1001,454 976,451 730,451 706,443 568,443 539,433 466,433 443,432 399,432 381,437 259,437 259,401"/>
<Baseline points="259,437 381,437 399,432 443,432 466,433 539,433 568,443 706,443 730,451 976,451 1001,454 1131,454 1159,447 1190,447 1218,448 1265,448 1292,450 1365,450 1386,453 1453,453"/>
<TextEquiv><Unicode>(worauf die oben gerügten wiederholungen deuten), so hat doch alles</Unicode></TextEquiv>
</TextLine>

<TextLine id="line_5">
<Coords points="258,450 386,450 407,452 464,452 476,443 591,443 606,453 681,453 696,455 819,455 833,459 988,459 1004,465 1061,465 1076,466 1203,466 1219,467 1364,467 1388,481 1452,481 1452,500 1388,500 1364,498 1219,498 1203,495 1076,495 1061,492 1004,492 988,500 833,500 819,485 696,485 681,481 606,481 591,481 476,481 464,479 407,479 386,479 258,479 258,450"/>
<Baseline points="258,479 386,479 407,479 464,479 476,481 591,481 606,481 681,481 696,485 819,485 833,500 988,500 1004,492 1061,492 1076,495 1203,495 1219,498 1364,498 1388,500 1452,500"/>
<TextEquiv><Unicode>einzelne ihm bereits dank fremder forschung und fremden schlüssen vor-</Unicode></TextEquiv>
</TextLine>

<TextLine id="line_6">
<Coords points="256,498 384,498 421,499 470,499 489,499 553,499 567,501 706,501 726,513 780,513 803,509 1071,509 1094,515 1221,515 1236,525 1267,525 1288,517 1375,517 1390,520 1416,520 1434,522 1451,522 1451,550 1434,550 1416,553 1390,553 1375,546 1288,546 1267,545 1236,545 1221,545 1094,545 1071,544 803,544 780,533 726,533 706,531 567,531 553,527 489,527 470,527 421,527 384,535 256,535 256,498"/>
<Baseline points="256,535 384,535 421,527 470,527 489,527 553,527 567,531 706,531 726,533 780,533 803,544 1071,544 1094,545 1221,545 1236,545 1267,545 1288,546 1375,546 1390,553 1416,553 1434,550 1451,550"/>
<TextEquiv><Unicode>gelegen. auf eine mehrheit von gewährsmännern verweist er selbst 2, 3</Unicode></TextEquiv>
</TextLine>

<TextLine id="line_7">
<Coords points="256,546 442,546 465,547 515,547 535,549 695,549 716,552 787,552 814,555 858,555 887,559 940,559 967,560 1017,560 1044,561 1210,561 1241,566 1289,566 1319,568 1450,568 1450,596 1319,596 1289,594 1241,594 1210,601 1044,601 1017,587 967,587 940,586 887,586 858,583 814,583 787,581 716,581 695,587 535,587 515,575 465,575 442,581 256,581 256,546"/>
<Baseline points="256,581 442,581 465,575 515,575 535,587 695,587 716,581 787,581 814,583 858,583 887,586 940,586 967,587 1017,587 1044,601 1210,601 1241,594 1289,594 1319,596 1450,596"/>
<TextEquiv><Unicode>gelegentlich der streitfrage über die zeit der einsetzung des archons.</Unicode></TextEquiv>
</TextLine>

<TextLine id="line_8">
<Coords points="256,593 315,593 336,594 381,594 403,595 509,595 534,603 662,603 691,601 735,601 762,611 812,611 834,604 908,604 932,608 1083,608 1106,612 1300,612 1323,624 1372,624 1394,616 1448,616 1448,645 1394,645 1372,644 1323,644 1300,649 1106,649 1083,645 932,645 908,634 834,634 812,632 762,632 735,630 691,630 662,638 534,638 509,625 403,625 381,622 336,622 315,621 256,621 256,593"/>
<Baseline points="256,621 315,621 336,622 381,622 403,625 509,625 534,638 662,638 691,630 735,630 762,632 812,632 834,634 908,634 932,645 1083,645 1106,649 1300,649 1323,644 1372,644 1394,645 1448,645"/>
<TextEquiv><Unicode>und die andern σημεῖα, die aus alten religiösen gebräuchen, aus den</Unicode></TextEquiv>
</TextLine>

<TextLine id="line_9">
<Coords points="257,646 460,646 484,645 533,645 555,647 702,647 725,651 869,651 892,655 951,655 973,656 1028,656 1051,667 1210,667 1233,663 1345,663 1356,686 1362,686 1385,665 1448,665 1448,692 1385,692 1362,698 1356,698 1345,691 1233,691 1210,694 1051,694 1028,692 973,692 951,683 892,683 869,681 725,681 702,678 555,678 533,674 484,674 460,678 257,678 257,646"/>
<Baseline points="257,678 460,678 484,674 533,674 555,678 702,678 725,681 869,681 892,683 951,683 973,692 1028,692 1051,694 1210,694 1233,691 1345,691 1356,698 1362,698 1385,692 1448,692"/>
<TextEquiv><Unicode>competenzen der einzelnen behörden und dgl. gewonnen werden, sind</Unicode></TextEquiv>
</TextLine>

<TextLine id="line_10">
<Coords points="255,689 333,689 354,691 456,691 477,703 512,703 533,695 688,695 705,698 745,698 760,699 805,699 819,710 869,710 890,702 953,702 976,704 1037,704 1059,705 1108,705 1123,707 1280,707 1296,710 1365,710 1385,712 1449,712 1449,740 1385,740 1365,738 1296,738 1280,737 1123,737 1108,733 1059,733 1037,732 976,732 953,730 890,730 869,730 819,730 805,728 760,728 745,727 705,727 688,725 533,725 512,723 477,723 456,722 354,722 333,718 255,718 255,689"/>
<Baseline points="255,718 333,718 354,722 456,722 477,723 512,723 533,725 688,725 705,727 745,727 760,728 805,728 819,730 869,730 890,730 953,730 976,732 1037,732 1059,733 1108,733 1123,737 1280,737 1296,738 1365,738 1385,740 1449,740"/>
<TextEquiv><Unicode>nicht anders zu beurteilen als die aus dem eide der archonten oder dem</Unicode></TextEquiv>
</TextLine>

<TextLine id="line_11">
<Coords points="253,739 382,739 409,741 457,741 478,743 649,743 671,754 885,754 911,750 955,750 983,759 1013,759 1033,752 1120,752 1140,755 1190,755 1206,755 1314,755 1340,767 1447,767 1447,795 1340,795 1314,784 1206,784 1190,781 1140,781 1120,780 1033,780 1013,778 983,778 955,777 911,777 885,782 671,782 649,772 478,772 457,770 409,770 382,768 253,768 253,739"/>
<Baseline points="253,768 382,768 409,770 457,770 478,772 649,772 671,782 885,782 911,777 955,777 983,778 1013,778 1033,780 1120,780 1140,781 1190,781 1206,784 1314,784 1340,795 1447,795"/>
<TextEquiv><Unicode>anathem des Anthemion gewonnenen, die er selbst auf fremde zeugen</Unicode></TextEquiv>
</TextLine>

<TextLine id="line_12">
<Coords points="252,788 447,788 460,791 528,791 539,791 583,791 594,794 885,794 899,796 943,796 955,797 1006,797 1017,798 1070,798 1084,800 1219,800 1232,803 1280,803 1289,804 1446,804 1446,837 1289,837 1280,833 1232,833 1219,831 1084,831 1070,827 1017,827 1006,825 955,825 943,824 899,824 885,830 594,830 583,819 539,819 528,818 460,818 447,824 252,824 252,788"/>
<Baseline points="252,824 447,824 460,818 528,818 539,819 583,819 594,830 885,830 899,824 943,824 955,825 1006,825 1017,827 1070,827 1084,831 1219,831 1232,833 1280,833 1289,837 1446,837"/>
<TextEquiv><Unicode>zurückführt, oder die gesetzesfragmente, die wir den schriften des Androtion</Unicode></TextEquiv>
</TextLine>

<TextLine id="line_13">
<Coords points="255,835 324,835 345,836 504,836 533,848 567,848 595,843 661,843 683,841 867,841 890,843 992,843 1036,847 1088,847 1110,850 1273,850 1294,864 1328,864 1351,856 1446,856 1446,886 1351,886 1328,883 1294,883 1273,882 1110,882 1088,876 1036,876 992,873 890,873 867,876 683,876 661,875 595,875 567,866 533,866 504,865 345,865 324,863 255,863 255,835"/>
<Baseline points="255,863 324,863 345,865 504,865 533,866 567,866 595,875 661,875 683,876 867,876 890,873 992,873 1036,876 1088,876 1110,882 1273,882 1294,883 1328,883 1351,886 1446,886"/>
<TextEquiv><Unicode>oder Kleidemos zu gute geschrieben haben. wie Aristoteles zu diesen</Unicode></TextEquiv>
</TextLine>

<TextLine id="line_14">
<Coords points="251,883 480,883 502,886 599,886 622,887 719,887 744,889 817,889 838,891 898,891 921,894 1176,894 1196,903 1290,903 1312,903 1369,903 1392,897 1446,897 1446,935 1392,935 1369,942 1312,942 1290,934 1196,934 1176,937 921,937 898,920 838,920 817,926 744,926 719,923 622,923 599,922 502,922 480,919 251,919 251,883"/>
<Baseline points="251,919 480,919 502,922 599,922 622,923 719,923 744,926 817,926 838,920 898,920 921,937 1176,937 1196,934 1290,934 1312,942 1369,942 1392,935 1446,935"/>
<TextEquiv><Unicode>antiquarischen fragen stand, zeigt sein geringschätziges τοῦτο μὲν οὖν</Unicode></TextEquiv>
</TextLine>

<TextLine id="line_15">
<Coords points="251,926 416,926 442,928 521,928 552,932 614,932 636,935 747,935 771,932 808,932 830,939 1050,939 1071,953 1139,953 1157,949 1321,949 1343,954 1383,954 1407,955 1444,955 1444,989 1407,989 1383,988 1343,988 1321,990 1157,990 1139,983 1071,983 1050,980 830,980 808,969 771,969 747,975 636,975 614,971 552,971 521,961 442,961 416,968 251,968 251,926"/>
<Baseline points="251,968 416,968 442,961 521,961 552,971 614,971 636,975 747,975 771,969 808,969 830,980 1050,980 1071,983 1139,983 1157,990 1321,990 1343,988 1383,988 1407,989 1444,989"/>
<TextEquiv><Unicode>ὁποτέϱως ποτ̕ ἔχει μικϱὸν ἂν παϱαλλάττοι τοῖς χϱόνοις (2, 3),</Unicode></TextEquiv>
</TextLine>

<TextLine id="line_16">
<Coords points="251,976 301,976 322,977 385,977 408,988 439,988 459,980 519,980 541,982 604,982 626,986 832,986 854,997 977,997 1007,995 1081,995 1103,997 1177,997 1199,999 1242,999 1263,1000 1326,1000 1349,1002 1378,1002 1400,1002 1445,1002 1445,1029 1400,1029 1378,1029 1349,1029 1326,1034 1263,1034 1242,1027 1199,1027 1177,1026 1103,1026 1081,1025 1007,1025 977,1029 854,1029 832,1026 626,1026 604,1011 541,1011 519,1009 459,1009 439,1008 408,1008 385,1006 322,1006 301,1004 251,1004 251,976"/>
<Baseline points="251,1004 301,1004 322,1006 385,1006 408,1008 439,1008 459,1009 519,1009 541,1011 604,1011 626,1026 832,1026 854,1029 977,1029 1007,1025 1081,1025 1103,1026 1177,1026 1199,1027 1242,1027 1263,1034 1326,1034 1349,1029 1378,1029 1400,1029 1445,1029"/>
<TextEquiv><Unicode>mit dem er sich eine entscheidung erspart, ohne doch die zeit, in die</Unicode></TextEquiv>
</TextLine>

<TextLine id="line_17">
<Coords points="250,1025 330,1025 344,1026 447,1026 462,1030 554,1030 571,1033 628,1033 645,1036 694,1036 705,1035 749,1035 765,1042 849,1042 865,1041 1018,1041 1034,1053 1069,1053 1082,1045 1266,1045 1303,1056 1332,1056 1348,1050 1444,1050 1444,1078 1348,1078 1332,1075 1303,1075 1266,1074 1082,1074 1069,1073 1034,1073 1018,1075 865,1075 849,1068 765,1068 749,1065 705,1065 694,1063 645,1063 628,1062 571,1062 554,1067 462,1067 447,1066 344,1066 330,1055 250,1055 250,1025"/>
<Baseline points="250,1055 330,1055 344,1066 447,1066 462,1067 554,1067 571,1062 628,1062 645,1063 694,1063 705,1065 749,1065 765,1068 849,1068 865,1075 1018,1075 1034,1073 1069,1073 1082,1074 1266,1074 1303,1075 1332,1075 1348,1078 1444,1078"/>
<TextEquiv><Unicode>beide könige fallen, und auf die etwas ankommt, zu bezeichnen. es würde</Unicode></TextEquiv>
</TextLine>

<TextLine id="line_18">
<Coords points="250,1073 387,1073 403,1079 474,1079 489,1081 554,1081 569,1083 700,1083 714,1086 782,1086 799,1096 882,1096 898,1099 962,1099 980,1091 1023,1091 1038,1093 1288,1093 1306,1095 1349,1095 1365,1103 1446,1103 1446,1127 1365,1127 1349,1125 1306,1125 1288,1130 1038,1130 1023,1120 980,1120 962,1119 898,1119 882,1117 799,1117 782,1122 714,1122 700,1113 569,1113 554,1110 489,1110 474,1108 403,1108 387,1105 250,1105 250,1073"/>
<Baseline points="250,1105 387,1105 403,1108 474,1108 489,1110 554,1110 569,1113 700,1113 714,1122 782,1122 799,1117 882,1117 898,1119 962,1119 980,1120 1023,1120 1038,1130 1288,1130 1306,1125 1349,1125 1365,1127 1446,1127"/>
<TextEquiv><Unicode>demnach auch sehr verkehrt sein, wenn man die parallelberichte, die sonst</Unicode></TextEquiv>
</TextLine>

<TextLine id="line_19">
<Coords points="248,1134 292,1134 304,1127 429,1127 442,1129 513,1129 529,1131 568,1131 582,1134 758,1134 774,1142 894,1142 909,1147 959,1147 974,1140 1077,1140 1092,1141 1193,1141 1207,1142 1321,1142 1336,1148 1442,1148 1442,1177 1336,1177 1321,1174 1207,1174 1193,1177 1092,1177 1077,1167 974,1167 959,1167 909,1167 894,1174 774,1174 758,1163 582,1163 568,1161 529,1161 513,1166 442,1166 429,1157 304,1157 292,1154 248,1154 248,1134"/>
<Baseline points="248,1154 292,1154 304,1157 429,1157 442,1166 513,1166 529,1161 568,1161 582,1163 758,1163 774,1174 894,1174 909,1167 959,1167 974,1167 1077,1167 1092,1177 1193,1177 1207,1174 1321,1174 1336,1177 1442,1177"/>
<TextEquiv><Unicode>wo erhalten sind, als verdorbene auszüge aus diesem capitel beiseite werfen</Unicode></TextEquiv>
</TextLine>

<TextLine id="line_20">
<Coords points="248,1175 349,1175 381,1177 426,1177 442,1179 554,1179 567,1181 635,1181 650,1183 678,1183 695,1183 758,1183 773,1185 901,1185 918,1186 1115,1186 1132,1189 1243,1189 1261,1196 1356,1196 1371,1196 1443,1196 1443,1225 1371,1225 1356,1232 1261,1232 1243,1221 1132,1221 1115,1216 918,1216 901,1213 773,1213 758,1212 695,1212 678,1211 650,1211 635,1217 567,1217 554,1208 442,1208 426,1206 381,1206 349,1204 248,1204 248,1175"/>
<Baseline points="248,1204 349,1204 381,1206 426,1206 442,1208 554,1208 567,1217 635,1217 650,1211 678,1211 695,1212 758,1212 773,1213 901,1213 918,1216 1115,1216 1132,1221 1243,1221 1261,1232 1356,1232 1371,1225 1443,1225"/>
<TextEquiv><Unicode>wollte. ein solcher liegt in dem sechsten Bekkerschen lexikon 449 über</Unicode></TextEquiv>
</TextLine>

<TextLine id="line_21">
<Coords points="247,1222 291,1222 313,1225 471,1225 494,1228 544,1228 557,1230 714,1230 729,1241 788,1241 811,1232 1080,1232 1096,1236 1124,1236 1141,1239 1203,1239 1224,1244 1353,1244 1375,1245 1442,1245 1442,1274 1375,1274 1353,1278 1224,1278 1203,1269 1141,1269 1124,1266 1096,1266 1080,1264 811,1264 788,1266 729,1266 714,1259 557,1259 544,1257 494,1257 471,1255 313,1255 291,1253 247,1253 247,1222"/>
<Baseline points="247,1253 291,1253 313,1255 471,1255 494,1257 544,1257 557,1259 714,1259 729,1266 788,1266 811,1264 1080,1264 1096,1266 1124,1266 1141,1269 1203,1269 1224,1278 1353,1278 1375,1274 1442,1274"/>
<TextEquiv><Unicode>die amtslocale der archonten vor, übereinstimmend in dem meisten, aber</Unicode></TextEquiv>
</TextLine>

<TextLine id="line_22">
<Coords points="247,1271 298,1271 317,1272 480,1272 498,1276 561,1276 583,1275 615,1275 629,1281 759,1281 781,1284 847,1284 869,1289 911,1289 927,1281 1093,1281 1117,1289 1176,1289 1198,1291 1247,1291 1268,1294 1374,1294 1395,1294 1441,1294 1441,1323 1395,1323 1374,1323 1268,1323 1247,1319 1198,1319 1176,1317 1117,1317 1093,1320 927,1320 911,1309 869,1309 847,1308 781,1308 759,1318 629,1318 615,1306 583,1306 561,1304 498,1304 480,1308 317,1308 298,1298 247,1298 247,1271"/>
<Baseline points="247,1298 298,1298 317,1308 480,1308 498,1304 561,1304 583,1306 615,1306 629,1318 759,1318 781,1308 847,1308 869,1309 911,1309 927,1320 1093,1320 1117,1317 1176,1317 1198,1319 1247,1319 1268,1323 1374,1323 1395,1323 1441,1323"/>
<TextEquiv><Unicode>der polemarch sitzt ἐν Λυκείῳ statt am Epilykeion und der archon bei</Unicode></TextEquiv>
</TextLine>

<TextLine id="line_23">
<Coords points="245,1319 300,1319 317,1328 477,1328 493,1328 560,1328 575,1325 612,1325 635,1327 813,1327 849,1329 908,1329 924,1332 1086,1332 1107,1337 1272,1337 1293,1341 1440,1341 1440,1377 1293,1377 1272,1376 1107,1376 1086,1364 924,1364 908,1359 849,1359 813,1363 635,1363 612,1353 575,1353 560,1352 493,1352 477,1359 317,1359 300,1348 245,1348 245,1319"/>
<Baseline points="245,1348 300,1348 317,1359 477,1359 493,1352 560,1352 575,1353 612,1353 635,1363 813,1363 849,1359 908,1359 924,1364 1086,1364 1107,1376 1272,1376 1293,1377 1440,1377"/>
<TextEquiv><Unicode>den eponymen statt im prytaneion. daſs Aristoteles richtigeres berichtet,</Unicode></TextEquiv>
</TextLine>

<TextLine id="line_24">
<Coords points="244,1368 279,1368 301,1369 355,1369 375,1370 455,1370 475,1373 656,1373 678,1375 746,1375 767,1385 850,1385 873,1387 904,1387 925,1379 969,1379 990,1384 1157,1384 1180,1396 1234,1396 1246,1383 1440,1383 1440,1419 1246,1419 1234,1415 1180,1415 1157,1421 990,1421 969,1409 925,1409 904,1407 873,1407 850,1405 767,1405 746,1403 678,1403 656,1408 475,1408 455,1399 375,1399 355,1397 301,1397 279,1396 244,1396 244,1368"/>
<Baseline points="244,1396 279,1396 301,1397 355,1397 375,1399 455,1399 475,1408 656,1408 678,1403 746,1403 767,1405 850,1405 873,1407 904,1407 925,1409 969,1409 990,1421 1157,1421 1180,1415 1234,1415 1246,1419 1440,1419"/>
<TextEquiv><Unicode>ist mir nicht zweifelhaft; aber wenn er die etymologie von Ἐπιλύκειον</Unicode></TextEquiv>
</TextLine>

<TextLine id="line_25">
<Coords points="243,1417 418,1417 439,1419 547,1419 570,1430 601,1430 623,1424 772,1424 795,1426 846,1426 867,1427 915,1427 937,1435 995,1435 1016,1432 1091,1432 1114,1434 1208,1434 1232,1443 1314,1443 1337,1436 1389,1436 1410,1447 1439,1447 1439,1467 1410,1467 1389,1464 1337,1464 1314,1462 1232,1462 1208,1467 1114,1467 1091,1460 1016,1460 995,1459 937,1459 915,1457 867,1457 846,1454 795,1454 772,1452 623,1452 601,1450 570,1450 547,1457 439,1457 418,1447 243,1447 243,1417"/>
<Baseline points="243,1447 418,1447 439,1457 547,1457 570,1450 601,1450 623,1452 772,1452 795,1454 846,1454 867,1457 915,1457 937,1459 995,1459 1016,1460 1091,1460 1114,1467 1208,1467 1232,1462 1314,1462 1337,1464 1389,1464 1410,1467 1439,1467"/>
<TextEquiv><Unicode>ausführlich gibt, so verstehen wir das erst dann recht, wenn wir es</Unicode></TextEquiv>
</TextLine>

<TextLine id="line_26">
<Coords points="243,1465 283,1465 304,1465 503,1465 524,1470 574,1470 594,1471 719,1471 742,1474 852,1474 873,1476 1037,1476 1048,1501 1054,1501 1077,1480 1121,1480 1142,1481 1194,1481 1214,1480 1302,1480 1322,1483 1374,1483 1395,1485 1438,1485 1438,1516 1395,1516 1374,1512 1322,1512 1302,1510 1214,1510 1194,1507 1142,1507 1121,1508 1077,1508 1054,1514 1048,1514 1037,1507 873,1507 852,1504 742,1504 719,1501 594,1501 574,1498 524,1498 503,1506 304,1506 283,1493 243,1493 243,1465"/>
<Baseline points="243,1493 283,1493 304,1506 503,1506 524,1498 574,1498 594,1501 719,1501 742,1504 852,1504 873,1507 1037,1507 1048,1514 1054,1514 1077,1508 1121,1508 1142,1507 1194,1507 1214,1510 1302,1510 1322,1512 1374,1512 1395,1516 1438,1516"/>
<TextEquiv><Unicode>als berichtigung der falschen ansicht betrachten, die wir selbst alle bis</Unicode></TextEquiv>
</TextLine>

<TextLine id="line_27">
<Coords points="241,1522 292,1522 307,1514 420,1514 437,1517 533,1517 554,1518 656,1518 680,1521 724,1521 734,1521 804,1521 818,1526 891,1526 908,1535 942,1535 958,1526 1116,1526 1134,1535 1189,1535 1204,1528 1293,1528 1308,1531 1437,1531 1437,1573 1308,1573 1293,1558 1204,1558 1189,1554 1134,1554 1116,1554 958,1554 942,1553 908,1553 891,1553 818,1553 804,1559 734,1559 724,1549 680,1549 656,1555 554,1555 533,1554 437,1554 420,1544 307,1544 292,1542 241,1542 241,1522"/>
<Baseline points="241,1542 292,1542 307,1544 420,1544 437,1554 533,1554 554,1555 656,1555 680,1549 724,1549 734,1559 804,1559 818,1553 891,1553 908,1553 942,1553 958,1554 1116,1554 1134,1554 1189,1554 1204,1558 1293,1558 1308,1573 1437,1573"/>
<TextEquiv><Unicode>vor kurzem geteilt haben, die jetzt noch zu verbreiten nur durch flüchtig-</Unicode></TextEquiv>
</TextLine>

<TextLine id="line_28">
<Coords points="241,1560 300,1560 320,1564 441,1564 464,1565 509,1565 552,1567 597,1567 619,1570 727,1570 749,1571 820,1571 841,1573 895,1573 918,1574 1024,1574 1048,1572 1083,1572 1104,1582 1177,1582 1197,1575 1329,1575 1352,1583 1385,1583 1408,1594 1437,1594 1437,1614 1408,1614 1385,1611 1352,1611 1329,1616 1197,1616 1177,1601 1104,1601 1083,1599 1048,1599 1024,1600 918,1600 895,1600 841,1600 820,1600 749,1600 727,1606 619,1606 597,1595 552,1595 509,1594 464,1594 441,1600 320,1600 300,1590 241,1590 241,1560"/>
<Baseline points="241,1590 300,1590 320,1600 441,1600 464,1594 509,1594 552,1595 597,1595 619,1606 727,1606 749,1600 820,1600 841,1600 895,1600 918,1600 1024,1600 1048,1599 1083,1599 1104,1601 1177,1601 1197,1616 1329,1616 1352,1611 1385,1611 1408,1614 1437,1614"/>
<TextEquiv><Unicode>keit möglich ist. die angabe über den archon ist zwar falsch, da es</Unicode></TextEquiv>
</TextLine>

<TextLine id="line_29">
<Coords points="238,1608 267,1608 281,1613 392,1613 409,1612 458,1612 473,1622 611,1622 614,1621 706,1621 720,1619 773,1619 787,1620 846,1620 862,1619 952,1619 976,1619 1084,1619 1107,1621 1165,1621 1186,1631 1221,1631 1245,1626 1336,1626 1357,1632 1437,1632 1437,1661 1357,1661 1336,1658 1245,1658 1221,1652 1186,1652 1165,1649 1107,1649 1084,1647 976,1647 952,1656 862,1656 846,1649 787,1649 773,1647 720,1647 706,1645 614,1645 611,1652 473,1652 458,1640 409,1640 392,1639 281,1639 267,1644 238,1644 238,1608"/>
<Baseline points="238,1644 267,1644 281,1639 392,1639 409,1640 458,1640 473,1652 611,1652 614,1645 706,1645 720,1647 773,1647 787,1649 846,1649 862,1656 952,1656 976,1647 1084,1647 1107,1649 1165,1649 1186,1652 1221,1652 1245,1658 1336,1658 1357,1661 1437,1661"/>
<TextEquiv><Unicode>ja statuen der eponymen erst seit 508 geben konnte und an dieser stelle</Unicode></TextEquiv>
</TextLine>

</TextRegion>
<TextRegion id="block_1" custom="structure {type:pageNum;}">
<Coords points="263,124 263,151 301,151 301,124 263,124"/>
<TextLine id="line_30">
<Coords points="263,124 301,124 301,151 263,151 263,124"/>
<Baseline points="263,151 301,151"/>
<TextEquiv><Unicode>56</Unicode></TextEquiv>
</TextLine>

</TextRegion>
<TextRegion id="block_2" custom="structure {type:header;}">
<Coords points="775,136 775,163 938,163 938,136 775,136"/>
<TextLine id="line_31">
<Coords points="775,136 791,136 815,138 838,138 856,136 938,136 938,163 856,163 838,161 815,161 791,160 775,160 775,136"/>
<Baseline points="775,160 791,160 815,161 838,161 856,163 938,163"/>
<TextEquiv><Unicode>I. 3. Solon.</Unicode></TextEquiv>
</TextLine>

</TextRegion>
<TextRegion id="block_3" custom="structure {type:note;}">
<Coords points="382,1727 382,1778 382,1763 239,1763 239,1797 239,1804 383,1804 383,1848 379,1843 379,1893 379,1881 240,1881 240,1933 238,1921 238,1957 238,1962 386,1962 386,2012 386,2003 237,2003 237,2054 235,2044 235,2093 1330,2093 1330,2044 1430,2044 1430,2054 1430,2003 1431,2012 1431,1962 992,1962 992,1957 992,1921 1433,1921 1433,1933 1433,1881 1432,1893 1432,1843 1254,1843 1254,1848 1254,1804 801,1804 801,1797 801,1763 1436,1763 1436,1778 1436,1727 382,1727"/>
<TextLine id="line_32">
<Coords points="382,1727 415,1727 437,1730 560,1730 581,1734 626,1734 638,1734 715,1734 737,1742 777,1742 795,1742 821,1742 838,1735 909,1735 927,1735 970,1735 986,1735 1040,1735 1058,1744 1175,1744 1184,1744 1281,1744 1299,1747 1353,1747 1373,1750 1436,1750 1436,1774 1373,1774 1353,1778 1299,1778 1281,1773 1184,1773 1175,1771 1058,1771 1040,1759 986,1759 970,1758 927,1758 909,1758 838,1758 821,1758 795,1758 777,1758 737,1758 715,1764 638,1764 626,1756 581,1756 560,1755 437,1755 415,1750 382,1750 382,1727"/>
<Baseline points="382,1750 415,1750 437,1755 560,1755 581,1756 626,1756 638,1764 715,1764 737,1758 777,1758 795,1758 821,1758 838,1758 909,1758 927,1758 970,1758 986,1759 1040,1759 1058,1771 1175,1771 1184,1773 1281,1773 1299,1778 1353,1778 1373,1774 1436,1774"/>
<TextEquiv><Unicode>So erkennen wir jetzt, wo es Blass auf dem papyrus gelesen hat, auch</Unicode></TextEquiv>
</TextLine>

<TextLine id="line_33">
<Coords points="239,1763 284,1763 301,1764 379,1764 396,1767 527,1767 544,1771 587,1771 602,1772 657,1772 675,1773 801,1773 801,1797 675,1797 657,1795 602,1795 587,1794 544,1794 527,1793 396,1793 379,1788 301,1788 284,1786 239,1786 239,1763"/>
<Baseline points="239,1786 284,1786 301,1788 379,1788 396,1793 527,1793 544,1794 587,1794 602,1795 657,1795 675,1797 801,1797"/>
<TextEquiv><Unicode>mit voller sicherheit auf dem facsimile.</Unicode></TextEquiv>
</TextLine>

<TextLine id="line_34">
<Coords points="383,1804 470,1804 487,1807 581,1807 597,1817 643,1817 660,1811 696,1811 714,1812 866,1812 879,1813 951,1813 968,1813 1077,1813 1094,1819 1118,1819 1136,1820 1254,1820 1254,1848 1136,1848 1118,1842 1094,1842 1077,1841 968,1841 951,1842 879,1842 866,1836 714,1836 696,1835 660,1835 643,1833 597,1833 581,1832 487,1832 470,1829 383,1829 383,1804"/>
<Baseline points="383,1829 470,1829 487,1832 581,1832 597,1833 643,1833 660,1835 696,1835 714,1836 866,1836 879,1842 951,1842 968,1841 1077,1841 1094,1842 1118,1842 1136,1848 1254,1848"/>
<TextEquiv><Unicode>Suidas kommt nur als handschrift jenes lexicons in betracht.</Unicode></TextEquiv>
</TextLine>

<TextLine id="line_35">
<Coords points="379,1843 426,1843 442,1845 582,1845 599,1848 719,1848 737,1851 803,1851 820,1852 890,1852 909,1859 996,1859 1014,1862 1056,1862 1074,1858 1147,1858 1165,1861 1228,1861 1246,1863 1288,1863 1304,1866 1384,1866 1400,1868 1432,1868 1432,1893 1400,1893 1384,1889 1304,1889 1288,1887 1246,1887 1228,1891 1165,1891 1147,1883 1074,1883 1056,1880 1014,1880 996,1877 909,1877 890,1876 820,1876 803,1874 737,1874 719,1880 599,1880 582,1875 442,1875 426,1867 379,1867 379,1843"/>
<Baseline points="379,1867 426,1867 442,1875 582,1875 599,1880 719,1880 737,1874 803,1874 820,1876 890,1876 909,1877 996,1877 1014,1880 1056,1880 1074,1883 1147,1883 1165,1891 1228,1891 1246,1887 1288,1887 1304,1889 1384,1889 1400,1893 1432,1893"/>
<TextEquiv><Unicode>Der polemarch Epilykos führt einen namen aus altem adel, der sowol im</Unicode></TextEquiv>
</TextLine>

<TextLine id="line_36">
<Coords points="240,1881 395,1881 408,1882 451,1882 462,1883 588,1883 602,1888 649,1888 661,1888 685,1888 698,1889 752,1889 766,1890 808,1890 820,1890 930,1890 942,1893 990,1893 1005,1895 1067,1895 1084,1902 1153,1902 1170,1901 1316,1901 1350,1905 1433,1905 1433,1933 1350,1933 1316,1927 1170,1927 1153,1922 1084,1922 1067,1919 1005,1919 990,1916 942,1916 930,1921 820,1921 808,1914 766,1914 752,1912 698,1912 685,1911 661,1911 649,1911 602,1911 588,1909 462,1909 451,1907 408,1907 395,1913 240,1913 240,1881"/>
<Baseline points="240,1913 395,1913 408,1907 451,1907 462,1909 588,1909 602,1911 649,1911 661,1911 685,1911 698,1912 752,1912 766,1914 808,1914 820,1921 930,1921 942,1916 990,1916 1005,1919 1067,1919 1084,1922 1153,1922 1170,1927 1316,1927 1350,1933 1433,1933"/>
<TextEquiv><Unicode>geschlechte der Philaiden wie in dem der Kerykes und auch sonst vorkommt. diesen</Unicode></TextEquiv>
</TextLine>

<TextLine id="line_37">
<Coords points="238,1922 319,1922 336,1921 402,1921 420,1923 459,1923 477,1924 545,1924 562,1925 650,1925 668,1928 821,1928 840,1930 992,1930 992,1956 840,1956 821,1957 668,1957 650,1949 562,1949 545,1948 477,1948 459,1947 420,1947 402,1946 336,1946 319,1953 238,1953 238,1922"/>
<Baseline points="238,1953 319,1953 336,1946 402,1946 420,1947 459,1947 477,1948 545,1948 562,1949 650,1949 668,1957 821,1957 840,1956 992,1956"/>
<TextEquiv><Unicode>träger kann ich nicht einmal gentilicisch bestimmen.</Unicode></TextEquiv>
</TextLine>

<TextLine id="line_38">
<Coords points="386,1962 441,1962 470,1963 562,1963 586,1966 621,1966 647,1966 742,1966 771,1976 842,1976 866,1969 959,1969 980,1973 1030,1973 1051,1975 1117,1975 1139,1977 1228,1977 1251,1988 1288,1988 1309,1982 1431,1982 1431,2012 1309,2012 1288,2005 1251,2005 1228,2002 1139,2002 1117,1999 1051,1999 1030,1997 980,1997 959,1997 866,1997 842,1992 771,1992 742,1997 647,1997 621,1989 586,1989 562,1988 470,1988 441,1987 386,1987 386,1962"/>
<Baseline points="386,1987 441,1987 470,1988 562,1988 586,1989 621,1989 647,1997 742,1997 771,1992 842,1992 866,1997 959,1997 980,1997 1030,1997 1051,1999 1117,1999 1139,2002 1228,2002 1251,2005 1288,2005 1309,2012 1431,2012"/>
<TextEquiv><Unicode>Man könnte sie halten, wenn Geleon und seine brüder am Basileion</Unicode></TextEquiv>
</TextLine>

<TextLine id="line_39">
<Coords points="237,2006 336,2006 360,2003 451,2003 472,2004 564,2004 598,2006 656,2006 679,2014 705,2014 728,2008 761,2008 783,2009 924,2009 952,2018 979,2018 1003,2013 1040,2013 1061,2022 1087,2022 1110,2017 1170,2017 1194,2020 1330,2020 1360,2026 1430,2026 1430,2053 1360,2053 1330,2054 1194,2054 1170,2041 1110,2041 1087,2039 1061,2039 1040,2037 1003,2037 979,2036 952,2036 924,2042 783,2042 761,2032 728,2032 705,2031 679,2031 656,2030 598,2030 564,2029 472,2029 451,2035 360,2035 336,2029 237,2029 237,2006"/>
<Baseline points="237,2029 336,2029 360,2035 451,2035 472,2029 564,2029 598,2030 656,2030 679,2031 705,2031 728,2032 761,2032 783,2042 924,2042 952,2036 979,2036 1003,2037 1040,2037 1061,2039 1087,2039 1110,2041 1170,2041 1194,2054 1330,2054 1360,2053 1430,2053"/>
<TextEquiv><Unicode>statuen gehabt hätten. aber es ist unerlaubt, so oft es auch geschieht, einen</Unicode></TextEquiv>
</TextLine>

<TextLine id="line_40">
<Coords points="235,2045 421,2045 437,2052 467,2052 486,2044 602,2044 621,2054 660,2054 678,2047 720,2047 737,2048 859,2048 877,2052 956,2052 974,2053 1041,2053 1058,2063 1158,2063 1176,2059 1242,2059 1259,2064 1330,2064 1330,2093 1259,2093 1242,2085 1176,2085 1158,2082 1058,2082 1041,2079 974,2079 956,2083 877,2083 859,2074 737,2074 720,2072 678,2072 660,2072 621,2072 602,2077 486,2077 467,2069 437,2069 421,2078 235,2078 235,2045"/>
<Baseline points="235,2078 421,2078 437,2069 467,2069 486,2077 602,2077 621,2072 660,2072 678,2072 720,2072 737,2074 859,2074 877,2083 956,2083 974,2079 1041,2079 1058,2082 1158,2082 1176,2085 1242,2085 1259,2093 1330,2093"/>
<TextEquiv><Unicode>doppelgänger zu erfinden, wo der bekannte träger eines namens nicht paſst.</Unicode></TextEquiv>
</TextLine>

</TextRegion>
</Page>
</PcGts>