<?xml version="1.0" encoding="UTF-8"?>
<PcGts xmlns="http://schema.primaresearch.org/PAGE/gts/pagecontent/2019-07-15" xmlns:xsi="http://www.w3.org/2001/XMLSchema-instance" xsi:schemaLocation="http://schema.primaresearch.org/PAGE/gts/pagecontent/2019-07-15 http://schema.primaresearch.org/PAGE/gts/pagecontent/2019-07-15/pagecontent.xsd">
<Metadata>
<Creator>regJS2PAGE.py</Creator>
<Created>2021-02-16T10:59:24.845200</Created>
<LastChange>2021-02-16T10:59:24.845200</LastChange>
</Metadata>
<Page imageFilename="tmp/wilamowitz_aristoteles02_1893_0160.png" imageWidth="1600" imageHeight="2316">
<TextRegion id="block_0" custom="structure {type:body;}">
<Coords points="233,212 233,262 234,261 234,307 233,310 233,362 234,359 234,405 234,407 234,454 235,455 235,507 235,504 235,553 236,552 236,598 237,602 237,650 237,650 237,695 237,697 237,750 237,748 237,799 236,795 236,842 237,842 237,898 239,887 239,941 240,940 240,985 242,990 242,1035 243,1033 243,1088 244,1088 244,1135 242,1137 242,1186 242,1189 242,1239 241,1237 241,1285 242,1288 242,1338 244,1334 244,1382 244,1383 244,1433 243,1429 243,1481 244,1482 244,1530 1455,1530 1455,1482 1456,1481 1456,1429 1455,1433 1455,1383 1455,1382 1455,1334 1456,1338 1456,1288 1454,1285 1454,1237 1453,1239 1453,1189 1453,1186 1453,1137 1453,1135 1453,1088 1449,1088 1449,1033 1450,1035 1450,990 1447,985 1447,940 1445,941 1445,887 1449,898 1449,842 1447,842 1447,795 1447,799 1447,748 1447,750 1447,697 1448,695 1448,650 1379,650 1379,650 1379,602 1444,602 1444,598 1444,552 1445,553 1445,504 1445,507 1445,455 1443,454 1443,407 1443,405 1443,359 1443,362 1443,310 1441,307 1441,261 1442,262 1442,212 233,212"/>
<TextLine id="line_0">
<Coords points="233,229 262,229 292,229 362,229 392,228 478,228 506,226 561,226 590,223 695,223 718,220 837,220 866,221 910,221 932,220 1035,220 1058,217 1158,217 1181,214 1309,214 1330,212 1370,212 1392,221 1442,221 1442,240 1392,240 1370,241 1330,241 1309,244 1181,244 1158,246 1058,246 1035,248 932,248 910,249 866,249 837,256 718,256 695,262 590,262 561,255 506,255 478,257 392,257 362,258 292,258 262,257 233,257 233,229"/>
<Baseline points="233,257 262,257 292,258 362,258 392,257 478,257 506,255 561,255 590,262 695,262 718,256 837,256 866,249 910,249 932,248 1035,248 1058,246 1158,246 1181,244 1309,244 1330,241 1370,241 1392,240 1442,240"/>
<TextEquiv><Unicode>in zehn teilen den phylen zuwies; die demen dachte Herodot als vor</Unicode></TextEquiv>
</TextLine>

<TextLine id="line_1">
<Coords points="234,277 411,277 438,275 544,275 571,269 747,269 795,269 843,269 872,269 972,269 1000,267 1045,267 1073,265 1180,265 1208,264 1262,264 1289,261 1441,261 1441,295 1289,295 1262,292 1208,292 1180,299 1073,299 1045,296 1000,296 972,297 872,297 843,298 795,298 747,301 571,301 544,304 438,304 411,307 234,307 234,277"/>
<Baseline points="234,307 411,307 438,304 544,304 571,301 747,301 795,298 843,298 872,297 972,297 1000,296 1045,296 1073,299 1180,299 1208,292 1262,292 1289,295 1441,295"/>
<TextEquiv><Unicode>Kleisthenes bereits vorhanden. das wuſste die Atthis, wie natürlich,</Unicode></TextEquiv>
</TextLine>

<TextLine id="line_2">
<Coords points="233,327 347,327 368,325 435,325 457,324 502,324 524,320 654,320 675,318 813,318 834,327 868,327 890,325 976,325 999,315 1109,315 1131,313 1172,313 1191,313 1252,313 1268,311 1347,311 1361,310 1443,310 1443,338 1361,338 1347,340 1268,340 1252,341 1191,341 1172,342 1131,342 1109,344 999,344 976,353 890,353 868,346 834,346 813,346 675,346 654,350 524,350 502,353 457,353 435,354 368,354 347,362 233,362 233,327"/>
<Baseline points="233,362 347,362 368,354 435,354 457,353 502,353 524,350 654,350 675,346 813,346 834,346 868,346 890,353 976,353 999,344 1109,344 1131,342 1172,342 1191,341 1252,341 1268,340 1347,340 1361,338 1443,338"/>
<TextEquiv><Unicode>besser; aber die einfache wahrheit zu sagen konnte sie sich nicht mehr</Unicode></TextEquiv>
</TextLine>

<TextLine id="line_3">
<Coords points="234,375 444,375 487,371 540,371 561,368 658,368 681,366 740,366 762,366 941,366 955,364 1018,364 1033,362 1178,362 1194,360 1289,360 1304,359 1355,359 1370,361 1443,361 1443,386 1370,386 1355,387 1304,387 1289,389 1194,389 1178,391 1033,391 1018,392 955,392 941,396 762,396 740,394 681,394 658,401 561,401 540,400 487,400 444,405 234,405 234,375"/>
<Baseline points="234,405 444,405 487,400 540,400 561,401 658,401 681,394 740,394 762,396 941,396 955,392 1018,392 1033,391 1178,391 1194,389 1289,389 1304,387 1355,387 1370,386 1443,386"/>
<TextEquiv><Unicode>entschlieſsen. wir sehen, daſs Kleisthenes teils wirkliche dörfer mit orts-</Unicode></TextEquiv>
</TextLine>

<TextLine id="line_4">
<Coords points="234,433 338,433 350,432 385,432 396,423 498,423 512,417 631,417 644,415 760,415 769,416 925,416 933,411 1081,411 1092,410 1155,410 1167,410 1221,410 1233,407 1443,407 1443,446 1233,446 1221,438 1167,438 1155,439 1092,439 1081,443 933,443 925,449 769,449 760,451 644,451 631,451 512,451 498,451 396,451 385,452 350,452 338,454 234,454 234,433"/>
<Baseline points="234,454 338,454 350,452 385,452 396,451 498,451 512,451 631,451 644,451 760,451 769,449 925,449 933,443 1081,443 1092,439 1155,439 1167,438 1221,438 1233,446 1443,446"/>
<TextEquiv><Unicode>namen zu demen machte, Aixone, Rhamnus, Acharnai, teils alte geschlechter-</Unicode></TextEquiv>
</TextLine>

<TextLine id="line_5">
<Coords points="235,482 339,482 356,472 403,472 417,466 588,466 604,465 714,465 730,465 828,465 842,463 907,463 921,462 986,462 1001,459 1175,459 1187,459 1237,459 1248,455 1445,455 1445,494 1248,494 1237,486 1187,486 1175,497 1001,497 986,490 921,490 907,492 842,492 828,502 730,502 714,499 604,499 588,507 417,507 403,500 356,500 339,502 235,502 235,482"/>
<Baseline points="235,502 339,502 356,500 403,500 417,507 588,507 604,499 714,499 730,502 828,502 842,492 907,492 921,490 986,490 1001,497 1175,497 1187,486 1237,486 1248,494 1445,494"/>
<TextEquiv><Unicode>namen für gemeinden wählte, gewiſs weil dort angehörige der geschlechter</Unicode></TextEquiv>
</TextLine>

<TextLine id="line_6">
<Coords points="235,522 371,522 396,519 464,519 485,514 620,514 641,514 754,514 777,510 945,510 967,507 1116,507 1137,505 1255,505 1281,504 1340,504 1362,512 1445,512 1445,540 1362,540 1340,532 1281,532 1255,541 1137,541 1116,538 967,538 945,542 777,542 754,548 641,548 620,553 485,553 464,547 396,547 371,551 235,551 235,522"/>
<Baseline points="235,551 371,551 396,547 464,547 485,553 620,553 641,548 754,548 777,542 945,542 967,538 1116,538 1137,541 1255,541 1281,532 1340,532 1362,540 1445,540"/>
<TextEquiv><Unicode>wohnten oder gewohnt hatten, Kothokidai Aithalidai Ionidai, dies sogar</Unicode></TextEquiv>
</TextLine>

<TextLine id="line_7">
<Coords points="236,571 266,571 282,568 431,568 448,564 532,564 548,564 695,564 719,563 778,563 793,562 837,562 853,560 1048,560 1063,557 1147,557 1168,559 1333,559 1350,552 1444,552 1444,581 1350,581 1333,584 1168,584 1147,586 1063,586 1048,598 853,598 837,590 793,590 778,591 719,591 695,598 548,598 532,593 448,593 431,597 282,597 266,598 236,598 236,571"/>
<Baseline points="236,598 266,598 282,597 431,597 448,593 532,593 548,598 695,598 719,591 778,591 793,590 837,590 853,598 1048,598 1063,586 1147,586 1168,584 1333,584 1350,581 1444,581"/>
<TextEquiv><Unicode>in einzelnen fällen trotzdem, daſs die geschlechter einen ortsnamen neben</Unicode></TextEquiv>
</TextLine>

<TextLine id="line_8">
<Coords points="237,617 298,617 320,616 428,616 451,613 503,613 519,612 632,612 657,611 750,611 767,609 921,609 944,607 1067,607 1090,602 1182,602 1200,602 1379,602 1379,641 1200,641 1182,634 1090,634 1067,645 944,645 921,644 767,644 750,640 657,640 632,641 519,641 503,642 451,642 428,650 320,650 298,647 237,647 237,617"/>
<Baseline points="237,647 298,647 320,650 428,650 451,642 503,642 519,641 632,641 657,640 750,640 767,644 921,644 944,645 1067,645 1090,634 1182,634 1200,641 1379,641"/>
<TextEquiv><Unicode>sich hatten, wie Paionia neben Paionidai, Kropeia neben Kropidai. in</Unicode></TextEquiv>
</TextLine>

<TextLine id="line_9">
<Coords points="237,667 334,667 362,665 498,665 522,662 605,662 628,670 686,670 708,660 772,660 794,660 864,660 886,658 1035,658 1055,654 1197,654 1217,653 1282,653 1305,652 1345,652 1368,650 1448,650 1448,679 1368,679 1345,680 1305,680 1282,682 1217,682 1197,684 1055,684 1035,694 886,694 864,688 794,688 772,689 708,689 686,689 628,689 605,691 522,691 498,693 362,693 334,695 237,695 237,667"/>
<Baseline points="237,695 334,695 362,693 498,693 522,691 605,691 628,689 686,689 708,689 772,689 794,688 864,688 886,694 1035,694 1055,684 1197,684 1217,682 1282,682 1305,680 1345,680 1368,679 1448,679"/>
<TextEquiv><Unicode>diesen letzteren fällen war eine feste siedelung vielleicht sehr oft nicht</Unicode></TextEquiv>
</TextLine>

<TextLine id="line_10">
<Coords points="237,714 418,714 445,713 490,713 512,710 670,710 694,707 802,707 824,707 954,707 975,706 1016,706 1038,714 1069,714 1092,703 1185,703 1207,702 1260,702 1282,700 1327,700 1348,697 1447,697 1447,738 1348,738 1327,729 1282,729 1260,730 1207,730 1185,740 1092,740 1069,734 1038,734 1016,734 975,734 954,744 824,744 802,748 694,748 670,750 512,750 490,742 445,742 418,750 237,750 237,714"/>
<Baseline points="237,750 418,750 445,742 490,742 512,750 670,750 694,748 802,748 824,744 954,744 975,734 1016,734 1038,734 1069,734 1092,740 1185,740 1207,730 1260,730 1282,729 1327,729 1348,738 1447,738"/>
<TextEquiv><Unicode>vorhanden; die gemeinde, δῆμος, verlangt sie so wenig wie die κώμη.</Unicode></TextEquiv>
</TextLine>

<TextLine id="line_11">
<Coords points="237,766 320,766 347,772 406,772 434,763 480,763 509,768 666,768 687,758 811,758 832,756 882,756 904,754 1100,754 1122,752 1159,752 1183,759 1286,759 1310,748 1447,748 1447,785 1310,785 1286,779 1183,779 1159,780 1122,780 1100,791 904,791 882,784 832,784 811,786 687,786 666,799 509,799 480,791 434,791 406,792 347,792 320,794 237,794 237,766"/>
<Baseline points="237,794 320,794 347,792 406,792 434,791 480,791 509,799 666,799 687,786 811,786 832,784 882,784 904,791 1100,791 1122,780 1159,780 1183,779 1286,779 1310,785 1447,785"/>
<TextEquiv><Unicode>dafür war ein eponymer ahnherr des geschlechtes im namen gegeben,</Unicode></TextEquiv>
</TextLine>

<TextLine id="line_12">
<Coords points="236,822 322,822 345,812 417,812 439,811 504,811 526,810 567,810 589,808 635,808 658,807 775,807 817,804 862,804 884,803 959,803 982,801 1079,801 1100,800 1197,800 1222,796 1338,796 1362,795 1447,795 1447,822 1362,822 1338,824 1222,824 1197,826 1100,826 1079,828 982,828 959,830 884,830 862,832 817,832 775,835 658,835 635,836 589,836 567,838 526,838 504,840 439,840 417,841 345,841 322,842 236,842 236,822"/>
<Baseline points="236,842 322,842 345,841 417,841 439,840 504,840 526,838 567,838 589,836 635,836 658,835 775,835 817,832 862,832 884,830 959,830 982,828 1079,828 1100,826 1197,826 1222,824 1338,824 1362,822 1447,822"/>
<TextEquiv><Unicode>wenn auch sehr oft ein fictiver. die alten dörfer hatten vielfach einen</Unicode></TextEquiv>
</TextLine>

<TextLine id="line_13">
<Coords points="237,863 332,863 352,869 389,869 410,859 490,859 511,856 677,856 700,861 805,861 827,848 1040,848 1064,853 1230,853 1252,843 1304,843 1323,842 1449,842 1449,879 1323,879 1304,871 1252,871 1230,882 1064,882 1040,884 827,884 805,888 700,888 677,884 511,884 490,886 410,886 389,888 352,888 332,898 237,898 237,863"/>
<Baseline points="237,898 332,898 352,888 389,888 410,886 490,886 511,884 677,884 700,888 805,888 827,884 1040,884 1064,882 1230,882 1252,871 1304,871 1323,879 1449,879"/>
<TextEquiv><Unicode>längst zu einer wirklichen person ausgebildeten eponymos, wie Kephale</Unicode></TextEquiv>
</TextLine>

<TextLine id="line_14">
<Coords points="239,908 334,908 356,906 514,906 537,901 644,901 665,899 718,899 739,898 885,898 907,894 977,894 992,893 1118,893 1140,890 1318,890 1338,887 1445,887 1445,921 1338,921 1318,927 1140,927 1118,921 992,921 977,922 907,922 885,926 739,926 718,927 665,927 644,930 537,930 514,941 356,941 334,936 239,936 239,908"/>
<Baseline points="239,936 334,936 356,941 514,941 537,930 644,930 665,927 718,927 739,926 885,926 907,922 977,922 992,921 1118,921 1140,927 1318,927 1338,921 1445,921"/>
<TextEquiv><Unicode>Melite Gargettos, andere wie Rhamnus oder Halimus schwerlich, ‘Dorn’</Unicode></TextEquiv>
</TextLine>

<TextLine id="line_15">
<Coords points="240,954 300,954 319,945 531,945 564,956 666,956 695,946 765,946 793,944 874,944 901,942 1037,942 1081,941 1120,941 1148,940 1189,940 1217,950 1251,950 1277,942 1447,942 1447,978 1277,978 1251,969 1217,969 1189,969 1148,969 1120,969 1081,969 1037,971 901,971 874,973 793,973 765,973 695,973 666,985 564,985 531,981 319,981 300,982 240,982 240,954"/>
<Baseline points="240,982 300,982 319,981 531,981 564,985 666,985 695,973 765,973 793,973 874,973 901,971 1037,971 1081,969 1120,969 1148,969 1189,969 1217,969 1251,969 1277,978 1447,978"/>
<TextEquiv><Unicode>und ‘Stranddistel’ passen dazu recht schlecht. als sie zu gemeinden</Unicode></TextEquiv>
</TextLine>

<TextLine id="line_16">
<Coords points="242,1001 374,1001 402,998 554,998 583,996 623,996 652,994 730,994 759,992 969,992 997,990 1095,990 1139,990 1188,990 1217,994 1311,994 1333,990 1382,990 1403,1000 1450,1000 1450,1019 1403,1019 1382,1019 1333,1019 1311,1027 1217,1027 1188,1018 1139,1018 1095,1019 997,1019 969,1030 759,1030 730,1023 652,1023 623,1025 583,1025 554,1027 402,1027 374,1035 242,1035 242,1001"/>
<Baseline points="242,1035 374,1035 402,1027 554,1027 583,1025 623,1025 652,1023 730,1023 759,1030 969,1030 997,1019 1095,1019 1139,1018 1188,1018 1217,1027 1311,1027 1333,1019 1382,1019 1403,1019 1450,1019"/>
<TextEquiv><Unicode>wurden, bedurften sie eines gemeinsamen cultes. der träger des re-</Unicode></TextEquiv>
</TextLine>

<TextLine id="line_17">
<Coords points="243,1049 326,1049 347,1048 485,1048 509,1045 637,1045 652,1044 703,1044 718,1039 1062,1039 1077,1048 1134,1048 1149,1039 1199,1039 1213,1033 1298,1033 1311,1039 1449,1039 1449,1078 1311,1078 1298,1079 1213,1079 1199,1068 1149,1068 1134,1068 1077,1068 1062,1078 718,1078 703,1073 652,1073 637,1085 509,1085 485,1086 347,1086 326,1088 243,1088 243,1049"/>
<Baseline points="243,1088 326,1088 347,1086 485,1086 509,1085 637,1085 652,1073 703,1073 718,1078 1062,1078 1077,1068 1134,1068 1149,1068 1199,1068 1213,1079 1298,1079 1311,1078 1449,1078"/>
<TextEquiv><Unicode>ligiös gefaſsten gefühles der zusammengehörigkeit war der ἥϱως κτίστης,</Unicode></TextEquiv>
</TextLine>

<TextLine id="line_18">
<Coords points="244,1099 304,1099 326,1099 359,1099 382,1098 458,1098 480,1095 686,1095 707,1103 738,1103 761,1093 828,1093 848,1090 1010,1090 1032,1089 1122,1089 1145,1089 1180,1089 1201,1089 1274,1089 1296,1088 1346,1088 1368,1088 1453,1088 1453,1116 1368,1116 1346,1117 1296,1117 1274,1118 1201,1118 1180,1118 1145,1118 1122,1125 1032,1125 1010,1121 848,1121 828,1122 761,1122 738,1123 707,1123 686,1135 480,1135 458,1127 382,1127 359,1128 326,1128 304,1130 244,1130 244,1099"/>
<Baseline points="244,1130 304,1130 326,1128 359,1128 382,1127 458,1127 480,1135 686,1135 707,1123 738,1123 761,1122 828,1122 848,1121 1010,1121 1032,1125 1122,1125 1145,1118 1180,1118 1201,1118 1274,1118 1296,1117 1346,1117 1368,1116 1453,1116"/>
<TextEquiv><Unicode>und da diese gemeinschaft so sehr bedeutend ward, ist auch der heros</Unicode></TextEquiv>
</TextLine>

<TextLine id="line_19">
<Coords points="242,1160 278,1160 300,1149 466,1149 488,1147 670,1147 700,1144 772,1144 795,1152 853,1152 875,1152 904,1152 926,1152 960,1152 981,1145 1057,1145 1081,1141 1120,1141 1142,1140 1202,1140 1223,1140 1268,1140 1290,1148 1356,1148 1379,1137 1453,1137 1453,1167 1379,1167 1356,1177 1290,1177 1268,1170 1223,1170 1202,1170 1142,1170 1120,1171 1081,1171 1057,1181 981,1181 960,1172 926,1172 904,1172 875,1172 853,1173 795,1173 772,1175 700,1175 670,1186 488,1186 466,1186 300,1186 278,1180 242,1180 242,1160"/>
<Baseline points="242,1180 278,1180 300,1186 466,1186 488,1186 670,1186 700,1175 772,1175 795,1173 853,1173 875,1172 904,1172 926,1172 960,1172 981,1181 1057,1181 1081,1171 1120,1171 1142,1170 1202,1170 1223,1170 1268,1170 1290,1177 1356,1177 1379,1167 1453,1167"/>
<TextEquiv><Unicode>an bedeutung gewachsen; doch war es zu spät, als daſs die sage noch</Unicode></TextEquiv>
</TextLine>

<TextLine id="line_20">
<Coords points="242,1201 345,1201 367,1200 522,1200 544,1197 604,1197 627,1197 654,1197 672,1196 819,1196 841,1203 864,1203 881,1193 908,1193 931,1193 979,1193 1001,1201 1032,1201 1051,1202 1080,1202 1097,1191 1175,1191 1191,1190 1295,1190 1309,1198 1344,1198 1360,1189 1453,1189 1453,1217 1360,1217 1344,1218 1309,1218 1295,1219 1191,1219 1175,1220 1097,1220 1080,1222 1051,1222 1032,1221 1001,1221 979,1222 931,1222 908,1222 881,1222 864,1222 841,1222 819,1225 672,1225 654,1226 627,1226 604,1227 544,1227 522,1234 367,1234 345,1239 242,1239 242,1201"/>
<Baseline points="242,1239 345,1239 367,1234 522,1234 544,1227 604,1227 627,1226 654,1226 672,1225 819,1225 841,1222 864,1222 881,1222 908,1222 931,1222 979,1222 1001,1221 1032,1221 1051,1222 1080,1222 1097,1220 1175,1220 1191,1219 1295,1219 1309,1218 1344,1218 1360,1217 1453,1217"/>
<TextEquiv><Unicode>kräftig wucherte, und in Rhamnus z. b. hat er es nicht einmal zu einem</Unicode></TextEquiv>
</TextLine>

<TextLine id="line_21">
<Coords points="241,1252 407,1252 431,1258 534,1258 557,1246 735,1246 774,1254 805,1254 827,1244 915,1244 938,1243 990,1243 1012,1242 1057,1242 1079,1242 1174,1242 1187,1250 1232,1250 1269,1239 1337,1239 1358,1237 1454,1237 1454,1266 1358,1266 1337,1268 1269,1268 1232,1269 1187,1269 1174,1279 1079,1279 1057,1271 1012,1271 990,1271 938,1271 915,1273 827,1273 805,1274 774,1274 735,1285 557,1285 534,1279 431,1279 407,1281 241,1281 241,1252"/>
<Baseline points="241,1281 407,1281 431,1279 534,1279 557,1285 735,1285 774,1274 805,1274 827,1273 915,1273 938,1271 990,1271 1012,1271 1057,1271 1079,1279 1174,1279 1187,1269 1232,1269 1269,1268 1337,1268 1358,1266 1454,1266"/>
<TextEquiv><Unicode>wirklichen namen gebracht. so sehen wir die dinge an. aber weder</Unicode></TextEquiv>
</TextLine>

<TextLine id="line_22">
<Coords points="242,1302 293,1302 315,1300 416,1300 439,1298 514,1298 537,1298 587,1298 608,1295 819,1295 833,1294 943,1294 958,1293 1007,1293 1022,1296 1083,1296 1116,1291 1162,1291 1176,1290 1216,1290 1231,1289 1284,1289 1300,1288 1382,1288 1397,1295 1456,1295 1456,1315 1397,1315 1382,1316 1300,1316 1284,1317 1231,1317 1216,1318 1176,1318 1162,1319 1116,1319 1083,1320 1022,1320 1007,1321 958,1321 943,1323 833,1323 819,1325 608,1325 587,1326 537,1326 514,1328 439,1328 416,1338 315,1338 293,1330 242,1330 242,1302"/>
<Baseline points="242,1330 293,1330 315,1338 416,1338 439,1328 514,1328 537,1326 587,1326 608,1325 819,1325 833,1323 943,1323 958,1321 1007,1321 1022,1320 1083,1320 1116,1319 1162,1319 1176,1318 1216,1318 1231,1317 1284,1317 1300,1316 1382,1316 1397,1315 1456,1315"/>
<TextEquiv><Unicode>der glaube noch der rationalismus konnte das tun. für sie alle beide war</Unicode></TextEquiv>
</TextLine>

<TextLine id="line_23">
<Coords points="244,1350 294,1350 321,1349 407,1349 427,1348 517,1348 547,1347 623,1347 651,1346 745,1346 767,1353 817,1353 839,1342 1018,1342 1040,1340 1135,1340 1156,1338 1216,1338 1238,1338 1283,1338 1304,1334 1455,1334 1455,1373 1304,1373 1283,1366 1238,1366 1216,1368 1156,1368 1135,1379 1040,1379 1018,1372 839,1372 817,1373 767,1373 745,1382 651,1382 623,1376 547,1376 517,1382 427,1382 407,1377 321,1377 294,1377 244,1377 244,1350"/>
<Baseline points="244,1377 294,1377 321,1377 407,1377 427,1382 517,1382 547,1376 623,1376 651,1382 745,1382 767,1373 817,1373 839,1372 1018,1372 1040,1379 1135,1379 1156,1368 1216,1368 1238,1366 1283,1366 1304,1373 1455,1373"/>
<TextEquiv><Unicode>der heros uralt, hatte längst vor Kleisthenes gelebt und die gemeinde</Unicode></TextEquiv>
</TextLine>

<TextLine id="line_24">
<Coords points="244,1396 419,1396 442,1404 526,1404 543,1394 721,1394 745,1392 891,1392 913,1391 953,1391 976,1390 1055,1390 1069,1389 1145,1389 1145,1387 1205,1387 1221,1383 1375,1383 1390,1391 1455,1391 1455,1410 1390,1410 1375,1413 1221,1413 1205,1415 1145,1415 1145,1417 1069,1417 1055,1419 976,1419 953,1420 913,1420 891,1421 745,1421 721,1423 543,1423 526,1423 442,1423 419,1433 244,1433 244,1396"/>
<Baseline points="244,1433 419,1433 442,1423 526,1423 543,1423 721,1423 745,1421 891,1421 913,1420 953,1420 976,1419 1055,1419 1069,1417 1145,1417 1145,1415 1205,1415 1221,1413 1375,1413 1390,1410 1455,1410"/>
<TextEquiv><Unicode>gegründet; wenn Kleisthenes notorisch sie nicht mehr als existirend vor-</Unicode></TextEquiv>
</TextLine>

<TextLine id="line_25">
<Coords points="243,1443 387,1443 409,1443 502,1443 532,1452 562,1452 584,1443 662,1443 683,1451 715,1451 736,1441 777,1441 799,1441 874,1441 896,1448 952,1448 974,1437 1122,1437 1165,1442 1195,1442 1217,1432 1274,1432 1293,1430 1353,1430 1375,1429 1456,1429 1456,1459 1375,1459 1353,1458 1293,1458 1274,1459 1217,1459 1195,1461 1165,1461 1122,1467 974,1467 952,1469 896,1469 874,1469 799,1469 777,1470 736,1470 715,1470 683,1470 662,1471 584,1471 562,1471 532,1471 502,1477 409,1477 387,1481 243,1481 243,1443"/>
<Baseline points="243,1481 387,1481 409,1477 502,1477 532,1471 562,1471 584,1471 662,1471 683,1470 715,1470 736,1470 777,1470 799,1469 874,1469 896,1469 952,1469 974,1467 1122,1467 1165,1461 1195,1461 1217,1459 1274,1459 1293,1458 1353,1458 1375,1459 1456,1459"/>
<TextEquiv><Unicode>gefunden hatte, so hatte er sie doch nur restituirt. es traf sich dafür</Unicode></TextEquiv>
</TextLine>

<TextLine id="line_26">
<Coords points="244,1496 311,1496 337,1491 397,1491 425,1491 470,1491 499,1491 750,1491 774,1490 908,1490 931,1484 1126,1484 1150,1487 1253,1487 1276,1482 1394,1482 1423,1489 1455,1489 1455,1509 1423,1509 1394,1515 1276,1515 1253,1508 1150,1508 1126,1525 931,1525 908,1519 774,1519 750,1528 499,1528 470,1519 425,1519 397,1519 337,1519 311,1530 244,1530 244,1496"/>
<Baseline points="244,1530 311,1530 337,1519 397,1519 425,1519 470,1519 499,1528 750,1528 774,1519 908,1519 931,1525 1126,1525 1150,1508 1253,1508 1276,1515 1394,1515 1423,1509 1455,1509"/>
<TextEquiv><Unicode>gut, daſs die neugründungen meistens gentilicische namen trugen, so</Unicode></TextEquiv>
</TextLine>

</TextRegion>
<TextRegion id="block_1" custom="structure {type:header;}">
<Coords points="642,137 642,171 1030,171 1030,137 642,137"/>
<TextLine id="line_27">
<Coords points="642,142 669,142 696,141 719,141 737,139 850,139 867,138 917,138 934,137 1030,137 1030,163 934,163 917,163 867,163 850,171 737,171 719,165 696,165 669,166 642,166 642,142"/>
<Baseline points="642,166 669,166 696,165 719,165 737,171 850,171 867,163 917,163 934,163 1030,163"/>
<TextEquiv><Unicode>II. 6. Trittyen und demen.</Unicode></TextEquiv>
</TextLine>

</TextRegion>
<TextRegion id="block_2" custom="structure {type:pageNum;}">
<Coords points="234,146 234,174 293,174 293,146 234,146"/>
<TextLine id="line_28">
<Coords points="234,146 293,146 293,174 234,174 234,146"/>
<Baseline points="234,174 293,174"/>
<TextEquiv><Unicode>150</Unicode></TextEquiv>
</TextLine>

</TextRegion>
<TextRegion id="block_3" custom="structure {type:note;}">
<Coords points="245,1581 245,1626 246,1622 246,1668 246,1663 394,1663 394,1702 394,1704 246,1704 246,1744 247,1747 247,1789 248,1785 248,1826 246,1824 246,1865 251,1864 251,1904 251,1905 251,1943 251,1941 395,1941 395,1981 395,1986 251,1986 251,2022 251,2027 251,2067 250,2070 250,2105 784,2105 784,2070 1462,2070 1462,2067 1462,2027 1462,2022 1462,1986 1462,1981 1462,1941 1180,1941 1180,1943 1180,1905 1461,1905 1461,1904 1461,1864 1459,1865 1459,1824 1459,1826 1459,1785 1459,1789 1459,1747 1458,1744 1458,1704 1458,1702 1458,1663 1457,1668 1457,1622 1456,1626 1456,1581 245,1581"/>
<TextLine id="line_29">
<Coords points="245,1597 339,1597 357,1616 381,1616 401,1595 436,1595 457,1593 516,1593 539,1592 633,1592 655,1595 700,1595 722,1592 767,1592 784,1591 866,1591 884,1589 991,1589 1025,1585 1135,1585 1156,1582 1199,1582 1217,1589 1262,1589 1280,1581 1319,1581 1337,1590 1456,1590 1456,1615 1337,1615 1319,1607 1280,1607 1262,1606 1217,1606 1199,1606 1156,1606 1135,1614 1025,1614 991,1619 884,1619 866,1625 784,1625 767,1618 722,1618 700,1617 655,1617 633,1626 539,1626 516,1619 457,1619 436,1620 401,1620 381,1621 357,1621 339,1623 245,1623 245,1597"/>
<Baseline points="245,1623 339,1623 357,1621 381,1621 401,1620 436,1620 457,1619 516,1619 539,1626 633,1626 655,1617 700,1617 722,1618 767,1618 784,1625 866,1625 884,1619 991,1619 1025,1614 1135,1614 1156,1606 1199,1606 1217,1606 1262,1606 1280,1607 1319,1607 1337,1615 1456,1615"/>
<TextEquiv><Unicode>αὐτοὺς . . εἰς τοὺς δήμους καὶ τὰς φυλὰς δέκαχα. Lolling, der nur die gramma-</Unicode></TextEquiv>
</TextLine>

<TextLine id="line_30">
<Coords points="246,1639 324,1639 343,1637 446,1637 463,1633 508,1633 525,1637 602,1637 618,1636 740,1636 758,1633 902,1633 921,1628 1028,1628 1040,1625 1083,1625 1095,1622 1221,1622 1234,1622 1276,1622 1289,1625 1457,1625 1457,1650 1289,1650 1276,1648 1234,1648 1221,1647 1095,1647 1083,1649 1040,1649 1028,1661 921,1661 902,1661 758,1661 740,1667 618,1667 602,1668 525,1668 508,1667 463,1667 446,1668 343,1668 324,1664 246,1664 246,1639"/>
<Baseline points="246,1664 324,1664 343,1668 446,1668 463,1667 508,1667 525,1668 602,1668 618,1667 740,1667 758,1661 902,1661 921,1661 1028,1661 1040,1649 1083,1649 1095,1647 1221,1647 1234,1648 1276,1648 1289,1650 1457,1650"/>
<TextEquiv><Unicode>tische bildung (ὡς τϱίχα τέτϱαχα) verkannte, gebührt das verdienst der emendation.</Unicode></TextEquiv>
</TextLine>

<TextLine id="line_31">
<Coords points="394,1678 437,1678 460,1677 526,1677 547,1676 687,1676 710,1675 788,1675 812,1673 912,1673 935,1675 982,1675 1005,1673 1044,1673 1066,1664 1153,1664 1172,1663 1269,1663 1293,1667 1340,1667 1359,1667 1398,1667 1417,1674 1458,1674 1458,1697 1417,1697 1398,1691 1359,1691 1340,1692 1293,1692 1269,1697 1172,1697 1153,1688 1066,1688 1044,1691 1005,1691 982,1693 935,1693 912,1696 812,1696 788,1699 710,1699 687,1700 547,1700 526,1701 460,1701 437,1702 394,1702 394,1678"/>
<Baseline points="394,1702 437,1702 460,1701 526,1701 547,1700 687,1700 710,1699 788,1699 812,1696 912,1696 935,1693 982,1693 1005,1691 1044,1691 1066,1688 1153,1688 1172,1697 1269,1697 1293,1692 1340,1692 1359,1691 1398,1691 1417,1697 1458,1697"/>
<TextEquiv><Unicode>Die alten römischen tribus können uns am besten lehren, wie ein ge-</Unicode></TextEquiv>
</TextLine>

<TextLine id="line_32">
<Coords points="246,1719 359,1719 384,1719 432,1719 456,1719 495,1719 519,1717 591,1717 612,1716 655,1716 677,1715 724,1715 745,1714 881,1714 903,1710 956,1710 978,1707 1086,1707 1129,1704 1154,1704 1177,1704 1263,1704 1287,1708 1342,1708 1369,1707 1458,1707 1458,1731 1369,1731 1342,1731 1287,1731 1263,1730 1177,1730 1154,1728 1129,1728 1086,1731 978,1731 956,1734 903,1734 881,1744 745,1744 724,1739 677,1739 655,1740 612,1740 591,1742 519,1742 495,1742 456,1742 432,1743 384,1743 359,1743 246,1743 246,1719"/>
<Baseline points="246,1743 359,1743 384,1743 432,1743 456,1742 495,1742 519,1742 591,1742 612,1740 655,1740 677,1739 724,1739 745,1744 881,1744 903,1734 956,1734 978,1731 1086,1731 1129,1728 1154,1728 1177,1730 1263,1730 1287,1731 1342,1731 1369,1731 1458,1731"/>
<TextEquiv><Unicode>schlecht und ein stück der flur homonym sein können. in Attika sind selbst-</Unicode></TextEquiv>
</TextLine>

<TextLine id="line_33">
<Coords points="247,1759 415,1759 432,1766 476,1766 493,1758 562,1758 583,1757 631,1757 649,1755 733,1755 744,1748 1001,1748 1014,1751 1101,1751 1115,1752 1145,1752 1158,1747 1304,1747 1316,1748 1459,1748 1459,1779 1316,1779 1304,1775 1158,1775 1145,1768 1115,1768 1101,1769 1014,1769 1001,1783 744,1783 733,1780 649,1780 631,1781 583,1781 562,1782 493,1782 476,1789 432,1789 415,1782 247,1782 247,1759"/>
<Baseline points="247,1782 415,1782 432,1789 476,1789 493,1782 562,1782 583,1781 631,1781 649,1780 733,1780 744,1783 1001,1783 1014,1769 1101,1769 1115,1768 1145,1768 1158,1775 1304,1775 1316,1779 1459,1779"/>
<TextEquiv><Unicode>verständlich gar nicht alle solche localgentilicischen namen zu gemeinden geworden,</Unicode></TextEquiv>
</TextLine>

<TextLine id="line_34">
<Coords points="248,1803 270,1803 288,1796 312,1796 331,1797 370,1797 385,1795 525,1795 549,1804 577,1804 600,1796 683,1796 705,1795 753,1795 776,1793 824,1793 843,1790 937,1790 961,1787 1095,1787 1103,1803 1108,1803 1130,1785 1273,1785 1296,1788 1354,1788 1373,1789 1459,1789 1459,1818 1373,1818 1354,1812 1296,1812 1273,1818 1130,1818 1108,1815 1103,1815 1095,1814 961,1814 937,1819 843,1819 824,1817 776,1817 753,1818 705,1818 683,1825 600,1825 577,1820 549,1820 525,1826 385,1826 370,1820 331,1820 312,1819 288,1819 270,1819 248,1819 248,1803"/>
<Baseline points="248,1819 270,1819 288,1819 312,1819 331,1820 370,1820 385,1826 525,1826 549,1820 577,1820 600,1825 683,1825 705,1818 753,1818 776,1817 824,1817 843,1819 937,1819 961,1814 1095,1814 1103,1815 1108,1815 1130,1818 1273,1818 1296,1812 1354,1812 1373,1818 1459,1818"/>
<TextEquiv><Unicode>z. b. die Ἐχελίδαι, so wenig wie alle dörfer, Μουνιχία, Βϱαυϱών, oder fluren,</Unicode></TextEquiv>
</TextLine>

<TextLine id="line_35">
<Coords points="246,1832 412,1832 429,1835 469,1835 486,1836 558,1836 576,1835 648,1835 666,1834 790,1834 820,1831 859,1831 874,1830 922,1830 941,1825 1111,1825 1126,1824 1230,1824 1251,1828 1298,1828 1311,1828 1356,1828 1370,1829 1459,1829 1459,1853 1370,1853 1356,1852 1311,1852 1298,1851 1251,1851 1230,1856 1126,1856 1111,1851 941,1851 922,1854 874,1854 859,1855 820,1855 790,1858 666,1858 648,1858 576,1858 558,1859 486,1859 469,1858 429,1858 412,1865 246,1865 246,1832"/>
<Baseline points="246,1865 412,1865 429,1858 469,1858 486,1859 558,1859 576,1858 648,1858 666,1858 790,1858 820,1855 859,1855 874,1854 922,1854 941,1851 1111,1851 1126,1856 1230,1856 1251,1851 1298,1851 1311,1852 1356,1852 1370,1853 1459,1853"/>
<TextEquiv><Unicode>Ἀκαδήμεια, die einen heros besaſsen. bei den stattlicheren dörfern, wie den beiden</Unicode></TextEquiv>
</TextLine>

<TextLine id="line_36">
<Coords points="251,1876 404,1876 423,1874 506,1874 526,1874 571,1874 588,1873 711,1873 729,1873 792,1873 810,1872 865,1872 884,1867 978,1867 995,1865 1045,1865 1063,1864 1145,1864 1163,1866 1206,1866 1224,1867 1299,1867 1318,1867 1347,1867 1366,1868 1405,1868 1425,1877 1461,1877 1461,1893 1425,1893 1405,1892 1366,1892 1347,1891 1318,1891 1299,1897 1224,1897 1206,1890 1163,1890 1145,1889 1063,1889 1045,1890 995,1890 978,1900 884,1900 865,1895 810,1895 792,1897 729,1897 711,1896 588,1896 571,1896 526,1896 506,1903 423,1903 404,1904 251,1904 251,1876"/>
<Baseline points="251,1904 404,1904 423,1903 506,1903 526,1896 571,1896 588,1896 711,1896 729,1897 792,1897 810,1895 865,1895 884,1900 978,1900 995,1890 1045,1890 1063,1889 1145,1889 1163,1890 1206,1890 1224,1897 1299,1897 1318,1891 1347,1891 1366,1892 1405,1892 1425,1893 1461,1893"/>
<TextEquiv><Unicode>genannten, fragen wir natürlich nach dem grunde und finden ihn auch, da die er-</Unicode></TextEquiv>
</TextLine>

<TextLine id="line_37">
<Coords points="251,1913 359,1913 376,1912 401,1912 419,1912 462,1912 479,1911 689,1911 706,1912 755,1912 773,1911 851,1911 869,1907 973,1907 992,1905 1090,1905 1109,1906 1180,1906 1180,1930 1109,1930 1090,1930 992,1930 973,1940 869,1940 851,1936 773,1936 755,1935 706,1935 689,1936 479,1936 462,1936 419,1936 401,1935 376,1935 359,1943 251,1943 251,1913"/>
<Baseline points="251,1943 359,1943 376,1935 401,1935 419,1936 462,1936 479,1936 689,1936 706,1935 755,1935 773,1936 851,1936 869,1940 973,1940 992,1930 1090,1930 1109,1930 1180,1930"/>
<TextEquiv><Unicode>klärung in der kleisthenischen zeit selbst gesucht werden muſs.</Unicode></TextEquiv>
</TextLine>

<TextLine id="line_38">
<Coords points="395,1951 445,1951 462,1951 481,1951 500,1953 571,1953 590,1950 704,1950 721,1951 790,1951 808,1950 959,1950 977,1945 1058,1945 1075,1941 1130,1941 1148,1942 1295,1942 1322,1955 1349,1955 1368,1956 1420,1956 1437,1951 1462,1951 1462,1975 1437,1975 1420,1974 1368,1974 1349,1972 1322,1972 1295,1979 1148,1979 1130,1978 1075,1978 1058,1977 977,1977 959,1981 808,1981 790,1974 721,1974 704,1975 590,1975 571,1980 500,1980 481,1975 462,1975 445,1976 395,1976 395,1951"/>
<Baseline points="395,1976 445,1976 462,1975 481,1975 500,1980 571,1980 590,1975 704,1975 721,1974 790,1974 808,1981 959,1981 977,1977 1058,1977 1075,1978 1130,1978 1148,1979 1295,1979 1322,1972 1349,1972 1368,1974 1420,1974 1437,1975 1462,1975"/>
<TextEquiv><Unicode>ClA II 1191, inschrift eines sesselpares ἱεϱεύς ἥϱω ἀϱχηγέτου. so war in</Unicode></TextEquiv>
</TextLine>

<TextLine id="line_39">
<Coords points="251,1994 337,1994 356,1994 395,1994 413,1991 542,1991 561,1991 629,1991 646,1987 716,1987 733,1989 884,1989 902,1988 949,1988 967,1994 1024,1994 1042,1986 1094,1986 1107,1986 1240,1986 1253,1987 1340,1987 1354,1991 1401,1991 1413,1992 1462,1992 1462,2016 1413,2016 1401,2016 1354,2016 1340,2014 1253,2014 1240,2011 1107,2011 1094,2010 1042,2010 1024,2011 967,2011 949,2012 902,2012 884,2022 733,2022 716,2022 646,2022 629,2015 561,2015 542,2022 413,2022 395,2018 356,2018 337,2021 251,2021 251,1994"/>
<Baseline points="251,2021 337,2021 356,2018 395,2018 413,2022 542,2022 561,2015 629,2015 646,2022 716,2022 733,2022 884,2022 902,2012 949,2012 967,2011 1024,2011 1042,2010 1094,2010 1107,2011 1240,2011 1253,2014 1340,2014 1354,2016 1401,2016 1413,2016 1462,2016"/>
<TextEquiv><Unicode>Daulis ein heiligtum eines ἥϱως ἀϱχηγέτης, den man sich bewaffnet dachte wie alle</Unicode></TextEquiv>
</TextLine>

<TextLine id="line_40">
<Coords points="251,2038 352,2038 370,2034 429,2034 447,2032 591,2032 608,2031 722,2031 740,2029 816,2029 846,2029 909,2029 928,2028 1019,2028 1035,2027 1074,2027 1085,2028 1282,2028 1296,2031 1346,2031 1358,2033 1462,2033 1462,2057 1358,2057 1346,2056 1296,2056 1282,2060 1085,2060 1074,2052 1035,2052 1019,2052 928,2052 909,2053 846,2053 816,2053 740,2053 722,2062 608,2062 591,2057 447,2057 429,2059 370,2059 352,2067 251,2067 251,2038"/>
<Baseline points="251,2067 352,2067 370,2059 429,2059 447,2057 591,2057 608,2062 722,2062 740,2053 816,2053 846,2053 909,2053 928,2052 1019,2052 1035,2052 1074,2052 1085,2060 1282,2060 1296,2056 1346,2056 1358,2057 1462,2057"/>
<TextEquiv><Unicode>heroen, aber unbenannt gelassen hatte. dann kamen die mythographen und suchten</Unicode></TextEquiv>
</TextLine>

<TextLine id="line_41">
<Coords points="250,2078 314,2078 333,2077 412,2077 432,2081 528,2081 546,2071 651,2071 669,2070 691,2070 709,2072 732,2072 748,2071 784,2071 784,2095 748,2095 732,2100 709,2100 691,2095 669,2095 651,2097 546,2097 528,2105 432,2105 412,2102 333,2102 314,2105 250,2105 250,2078"/>
<Baseline points="250,2105 314,2105 333,2102 412,2102 432,2105 528,2105 546,2097 651,2097 669,2095 691,2095 709,2100 732,2100 748,2095 784,2095"/>
<TextEquiv><Unicode>nach einem namen, Pausan. X 4, 10.</Unicode></TextEquiv>
</TextLine>

</TextRegion>
</Page>
</PcGts>