1600 2468
283 265 1530 318 werden ihm auch dafür dankbar sein. denn sein bestreben war offenbar,
283 314 1531 377 möglichst wenig von dem überlieferten umkommen zu lassen. und doch
283 366 1530 428 liegt es in der natur der sache, daſs sehr vieles unterdrückt werden muſste,
284 419 1532 469 nicht bloſs einzelne lesarten, da ja die ausgaben keinen kritischen apparat
285 466 1530 522 enthielten, sondern verse und versreihen. wie hätte das gegenüber schau-
284 516 1529 579 spielerredactionen anders sein sollen? wirklich hat Aristophanes die beiden
284 566 1530 627 unechten prologe des Rhesos ganz unterdrückt. so sehr wir also auch
284 617 1529 671 wünschen würden, mit dem apparate, der ihm zur verfügung stand, selbst
285 667 1531 724 zu arbeiten, so dürfen wir uns doch dazu glück wünschen, daſs der
285 720 1529 777 text, der für uns genau so wie im Homer auch im drama zunächst anzu-
286 769 1534 825 streben ist, der der Alexandriner, ein so vorsichtig festgestellter ist. auf
288 819 1531 874 die torheit, bei ihm stehen zu bleiben, ist glücklicherweise niemand ver-
288 874 1273 929 fallen, obgleich der schade geringer wäre als im Homer.
373 919 1531 979 Eine gesammtausgabe würde ihren zweck verfehlen, wenn sie nicht
289 969 1531 1024 durch eine feste ordnung die erhaltung des gesammtbestandes der werke
289 1020 1530 1078 sicherte, wenn also z. b. die tragödien, weil eine jede für ein buch
290 1069 1530 1126 besser zureicht als ein gedicht von Stesichoros, vereinzelt publicirt wurden
290 1122 1533 1175 und vereinzelt blieben. tatsächlich haben denn auch die herausgeber aus
291 1170 1533 1230 diesen lediglich praktischen rücksichten etwas unseren ‘bänden’ ent-
291 1221 1533 1285 sprechendes eingeführt, eine mittelstufe zwischen der summe der werke
292 1273 1534 1326 und dem einzelnen stücke oder buche. wir sehen in der zeit des ent-
292 1322 1531 1376 falteten litterarischen lebens einzelne vielschreibende schriftsteller schon
293 1372 1534 1430 selbst dafür sorgen und ihre bücher in gruppen von 5 oder 10 oder wie
292 1423 1533 1477 viel ihnen beliebt zusammenfassen. die historiker Dinon von Kolophon
293 1472 1535 1529 und Deinias von Argos nannten das eine σύνταξις . die werke des
294 1523 1534 1586 Chrysippos wurden ebenfalls in συντάξεις gesammelt, doch wol schon
294 1573 1534 1626 bei seinen lebzeiten oder bald danach; denn lange konnten sich diese
293 1623 1534 1678 massen schlechtester prosa nicht halten, und der buchhandel blühte
295 1673 1534 1728 damals in Athen . die ebenso ungeheure und unlesbare masse des Epi-
285 203 344 232 148
690 190 1122 223 Geschichte des tragikertextes.
148 951 274 998 Verteilung
295 1763 1533 1822 politik, psychologie ganz anders aussehen. und der Homer würde den hexaplarischen
295 1811 1222 1855 bibelhandschriften noch viel ähnlicher sein, als er es jetzt ist.
379 1844 1534 1901 Δίνων ἐν α΄ τρίτης συντάξεως schol. Nik. Th. 613. Δεινίας ἐν ϑ΄ πρώτης
296 1888 1534 1942 συντάξεως, ἐκδόσεως δὲ δευτέρας schol. Eur. Or. 872. später kommt das wort ab.
295 1928 1534 1980 Erotian in der vorrede braucht es abwechselnd und gleichbedeutend mit βιβλίον.
295 1972 1537 2021 Anaximenes schlieſst seine rhetorik mit der aufforderung, in der rede ἐκ τῆς προτέρας
295 2014 1534 2069 συντάξεως γυμνάζεσϑαι, bezeichnet also sein werk damit. da ist es noch ganz
297 2066 1221 2112 gleich einem ἐξ ὧν πρότερον συντετάχαμεν.
440 2097 1534 2152 Lykon, gestorben 224, übergibt seinen nachlaſs einem Kallinos zur publi-
297 2139 1537 2199 cation in seinem testamente (Diog. V 73). wir ersehen aus demselben, daſs dieser
297 2181 1533 2237 mit dem peripatetischen schulhaupte befreundet und in Hermione heimatberechtigt
