1600 2320
167 230 1372 283 Areopagitikos über rhythmus und musik ist. weder Plutarch noch Aristo-
167 278 1373 324 teles haben diesen schluſs gezogen: folglich hat der gewährsmann des
168 324 1372 371 letzteren eine andere namensform gebraucht, wie denn z. b. die archonten
170 371 1374 421 von 480 und 479 neben den namen Καλλίας und Ξάνϑιππος die s. g.
169 420 1374 478 patronymische form führen, und der erste gehört wol sicher in die
172 468 1375 523 familie, welche diese beiden formen anwendet.  da im vierten jahr-
173 516 1376 567 hundert der name des musikers Damon in dieser form durch seine
171 566 1379 614 schrift sehr bekannt war, die erst später verschollen ist, so wird es
175 617 1380 664 nicht zu kühn sein, den gewährsmann des Aristoteles für älter zu
175 663 1383 713 halten. von bedeutung ist endlich, daſs Isokrates davon weiſs, daſs
176 705 1378 763 Perikles wie des Anaxagoras auch Damons schüler gewesen wäre τοῦ κατ̕
179 807 1385 865 dem bürger liegt im gegensatze zu dem Klazomenier der ton, und der
179 869 930 916 bürger gibt doch wol politische ratschläge.
265 908 1386 960 Gerede von zeitgenossen ist auch in dem berichte über Kimon
182 963 1388 1009 unverkennbar, denn seine liberalität wird mit ganz speciellen zügen ge-
181 1005 1390 1057 schildert, denen man doch glauben schenken darf; Theopomp hatte sie
183 1057 1391 1104 auch, aber in übler verallgemeinerung, offenbar aus derselben quelle
183 1104 1392 1151 erzählt (Athen. 533). die beurteilung Kimons ist äuſserst ungünstig,
185 1150 1393 1193 und wie bei Perikles wird sie in tief verletzenden schlagwörtern ab-
187 1195 1394 1251 gegeben. wenn sein vermögen “ein tyrannisches” heiſst, so klingt das
186 1244 1395 1299 gehässig, ist aber wenigstens wahr, denn sein vater war tyrann und seine
188 1294 1396 1341 mutter eine barbarische fürstentochter; nach seinem ostrakismos lebte er
189 1342 1396 1391 auf seinem besitze in der Chersones wie später der verbannte Alkibiades
190 1390 1397 1443 und wie Thukydides am Pangaion. es geschieht dem Kimon schwerlich
190 1439 1397 1492 ein unrecht, wenn man bei seinen zügen auf der Chersones und in
192 1488 1400 1545 Thrakien dynastische interessen mit in rechnung setzt, wie später bei
193 1538 1399 1598 Iphikrates, nur daſs er seiner vaterstadt dabei genützt hat: ist er doch
193 1586 1401 1638 auch in dem rechenschaftsprocesse frei gesprochen. dagegen sagt Aristo-
1312 148 1369 176 135
644 150 892 179 Perikles. Kimon.
1427 911 1514 932 Kimon.
196 1674 1404 1730 ἀϱχαίης ἰητϱικῆς, πεϱὶ τέχνης denke) für den schüler des Prodikos besser paſst als
197 1715 1405 1762 für den lehrer des Perikles. aber die sonderung des politikers Damonides und des
197 1758 1406 1802 musikers Damon, seines sohnes, läſst sich, wie es scheint, mit unsern zeugnissen
199 1798 1407 1843 auch nicht vereinen. Agariste, die frau des Alkmeonides, γενομένη δὲ καὶ Δάμωνος,
199 1841 1409 1883 macht im Hermokopidenprocess eine denuntiation (Andok. 1, 16); sie ist offenbar
200 1881 1409 1923 selbst mit den Alkmeoniden blutsverwandt, und man wird ihren ersten gatten in dem
201 1921 1409 1970 geschlechte des Damon oder Damonides suchen. aber man kommt damit nicht weiter.
336 1963 1411 2003 Καλλίας Καλλιάδου stratege Thuk. I 61, Kalliades stratege bei den Arginusen.
342 2002 1410 2048 Isokr. 15, 236. es handelt sich um die redekunst der alten staatsmänner;
203 2039 1412 2089 die bedeutung der anaxagorischen lehre für die beredsamkeit des Perikles entnimmt
204 2095 711 2121 Isokrates dem Phaidros des Platon.
