1600 2468
347 173 929 211 ὑπόμνημα zum Oidipus Kol. Didymos.
25 258 1262 299 tümer und localitäten und culte an dem drama erläutert, welches dazu
26 309 1262 353 besonders reiche gelegenheit bot, und daneben wird allerdings auch
26 359 1261 402 wenigstens die frage gestreift, in wie weit Sophokles frei erfunden habe.
26 409 1260 454 dabei fehlt dem verfasser allerdings das beste, die eigene anschauung von
25 460 1260 503 Attika, so daſs er stark in die irre geht . als zusammengehörig lassen sich
27 511 1262 549 nun freilich nur die inhaltlich verwandten stücke erkennen, und nicht mit
26 560 1261 602 völliger sicherheit lassen sich sacherklärungen auf denselben verfasser be-
26 610 1262 654 ziehen, die nur in der erudition verwandt sind. dagegen ist ganz klar, daſs
26 661 1263 704 textkritik und worterklärung, das eigentlichste grammatikergeschäft, für
26 711 1261 757 diesen gelehrten ganz so wie für Theon nebensache sind. für solche dinge
26 762 1260 806 erscheint in den scholien ein par mal der name des Didymos , der denn
26 812 1260 853 auch seiner studienrichtung nach nicht der verfasser dieser arbeit sein
27 862 1262 908 kann, der zeit nach aber auch nicht ihr benutzer. vielmehr hat ein spä-
26 913 1262 958 terer, der welcher unsere Sophoklesscholien redigirt hat, neben Didymos
25 963 1261 1008 für dieses drama ein anderes ὑπόμνημα in die hände bekommen und
26 1015 179 1052 excerpirt.
110 1064 1261 1107 Da ist denn der name des Didymos gefallen, der für die, welche
25 1113 1278 1155 scholien nur von ferne kennen, so ziemlich mit dem identisch zu sein
25 1164 1259 1206 pflegt, was sie in ihnen gut finden; das schlecht befundene wird dem ano-
26 1216 1259 1260 nymen scholiasten aufgebürdet, der sich alles gefallen lassen muſs. Didy-
25 1265 1259 1309 mos ist eine zeit lang stark überschätzt worden; jetzt hat sich eine laute
24 1314 1259 1359 und beachtenswerte stimme erhoben, welche ihn kurzweg für einen dumm-
25 1364 1258 1405 kopf erklärt. das lehrt in wahrheit, daſs man im banne der Aristarcho-
24 1415 859 1457 latrie zu keinem gerechten urteil kommen kann.
109 1466 1259 1510 Es ist ausgemacht, daſs wir von Didymos die schrift über Aristarchs
27 1514 1259 1560 Homerausgabe besitzen, aber so gut wie nichts von seinem Homercom-
25 1569 1259 1612 mentar; wenigstens ist bisher nichts mit sicherheit auf ihn zurückge-
24 1614 1259 1662 führt, und es wird auch nur in der überarbeitung durch jüngere, wie
25 1664 1259 1712 Herakleon und Epaphroditos, vorliegen. es ist weiter ausgemacht, daſs die
24 1715 1257 1759 hauptmasse des gelehrten materiales in den Pindarscholien, sowol was die
25 1768 1258 1813 excerpte aus älteren erklären wie was das historische angeht, ihm gehört.
9 1817 1258 1864 Symmachos, der verfasser unserer Aristophanesscholien, hat ihn ausgiebig
1202 178 1258 207 157
1282 1074 1391 1101 Didymos.
168 1884 1257 1922 Wer Athen kennt, kann ein Pythion, das am wege zwischen dem Kolonos
23 1924 1257 1964 und Theben liegt, nicht bei Marathon suchen, zumal wenn der Aigaleos erwähnt
23 1966 1156 2012 wird, an dem das Pythion von Daphni liegt. so tut aber unser mann 1047.
167 2011 1257 2047 156, 237, 763: ihn geht ganz offenbar das textkritische an, in dem sinne,
22 2049 1258 2091 daſs der redactor dieses wesentlich bei ihm fand. und die aesthetischen und exege-
21 2091 1256 2131 tischen scholien, welche denselben charakter tragen wie die zu den andern dramen
21 2132 1258 2174 des Sophokles, wird man ihm auch ohne zögern zuweisen. mit dem ὑπόμνημα ver-
22 2176 380 2205 mischt sich das fast nie.
