1600 2316
176 237 1384 284 standpunkte, sei es des seefahrers drauſsen, sei es des hinterliegen-
177 285 1385 326 den continentes bezeichnet werden kann, so ist der ursprung dieses
178 334 1385 374 namens auſserhalb Athens zu suchen, wie denn auch Aktaios-
178 381 1386 425 Aktaion in Attika keine locale oder gentilicische verbindung hat.
179 428 1385 479 dagegen ist Aktaion sohn des Aristaios in der kadmeischen genealogie,
179 478 1387 520 Aristaios ist der vertreter von Keos, wo er seinen cult hat: daſs
179 527 1387 569 sein sohn der ‘mann der Akte’ ist, ein vorwitziger mensch, der die
179 578 1388 618 Artemis oder die Semele freien will und zu grunde geht, ist vom
181 629 1059 675 standpunkte der nachbarn Athens ganz begreiflich.
191 675 1389 715 Es bleiben also nur die vier den dichtern des fünften jahrhunderts
181 723 1388 772 geläufigen könige Kekrops, Erechtheus, Pandion, Aigeus. aber auch von
182 770 1390 821 ihnen geht Pandion ab, der nur als vater für die sage in betracht
183 819 1389 867 kommt, von den Πάνδια abgeleitet ist und die sammlung aller Athener,
184 867 1390 919 die einen Ζεὺς ἑϱκεῖος haben, zum gemeinfeste des Zeus bedeutet. wie
184 918 1392 966 dieses ist sein repräsentant immerhin recht alt. die beurteilung des
185 969 1392 1014 Aigeus ist von uns modernen einseitig und falsch lediglich darauf ge-
184 1016 1393 1060 baut worden, daſs er den Poseidon als vater des Theseus ersetzt, und
185 1068 1393 1110 daſs in seinem namen wie in dem von Αἰγαί die wogen stecken können.
185 1117 1393 1159 aber er hat den Poseidon als vater des Theseus nicht verdrängt, wie denn
185 1163 1393 1203 überhaupt ein sterblicher vater neben dem göttlichen zu rechte besteht,
187 1209 1392 1250 und Tyndareos oder Amphitryon sind wahrlich keine hypostasen des
186 1257 1396 1299 Zeus. Αἰγεύς ist der ahnherr des geschlechtes der Αἰγεῖδαι, und dieses
188 1308 1397 1346 existirt in Theben und Sparta sammt ihren pflanzstädten. als zugehöriger
186 1353 1396 1401 zu diesem geschlechte ist Theseus Αἰγεΐδης, wie Herakles Ἀλκεΐδης ist,
188 1407 1398 1447 und zwar schon in der Ilias, also ehe Theseus Athener ist. als dieser
608 159 943 191 Die mythischen könige.
1324 152 1380 180 127
319 1488 1399 1523 Vertreter Athens ist Aktaios in der genealogie des Aias bei Pherekydes
191 1530 1399 1565 (Homer. Unters. 246). das ist zwar attisch, aber Salamis gegenüber liegt auch die
191 1572 430 1607 eigentliche ἀκτή.
320 1610 1398 1647 Der Bakchiade Aktaion, den die liebhaber zerreiſsen wie die hunde den
192 1650 1399 1688 sohn des Aristaios, illustrirt den übergang der sagenmotive in die novelle, wie z. b.
192 1691 1400 1728 Ankaios der bruder Althaias zu einem könige von Samos wird, den wieder ein wild-
193 1732 450 1769 schwein erschlägt.
317 1772 1400 1810 Denn er hat einem begleiter des Teukros in einer interpolation der Ilias
194 1811 1401 1855 seinen namen gegeben, M 372, Homer. Unters. 245. mit einer Homerkritik, die das
197 1852 780 1891 nicht begreift, kann ich nicht disputiren.
322 1894 1402 1930 A 265, denn die athetese des verses im Heraklesschilde 184 ist E. Meyer
196 1927 1401 1972 (Herm. 27, 374) nicht geglückt, wie Robert dazu bemerkt hat: wo sollen wir hin,
199 1973 1402 2012 wenn ein fast gleichzeitiges citat nicht mehr sichert? daſs Theseus Aegide ist,
197 2005 1403 2052 discreditirt den vers vollends nur unter der voraussetzung, daſs die sterblichen väter
195 2051 1402 2108 jünger als die himmlischen wären. der vers ist das älteste zeugnis für Theseus, und
216 2092 1066 2132 hier erscheint er als Lapithe. das ist sehr beherzigenswert.
