1600 2468
274 264 1510 312 grammatikern erscheint, tritt ein bescheidenes buchzählen daneben auf.
272 316 1510 360 so geschieht es mit den gedichten des Stesichoros, wo zudem homo-
274 366 1510 413 nymien stören, und Korinna; sonst ganz vereinzelt . auch in der tragödie
272 416 1509 458 ist zuerst ein schwanken; Λυκουργεία (ποίησις) folgt der epischen
273 466 1508 512 weise; Προμηϑεύς muſs als name für einen complex von drei chören
273 517 1510 564 gelten, und daneben sicher noch für ein satyrspiel desselben verfassers.
274 567 1510 609 Αἶτναι oder in der komödie Ἀρχίλοχοι zeigt die bald verschwindende
273 618 1511 662 verwendung des plurals statt einer ableitung. aber Euripides ist mit der
274 669 1510 713 namengebung ersichtlich ganz überlegt verfahren. und so dann die
273 719 1511 762 komiker, und die prosa, als sie sich zum buche erhebt. daſs Herodot
272 769 1508 814 und Thukydides so wenig wie alle die alten philosophen einen andern
273 819 1510 863 titel für ihre bücher gehabt haben als die eingangsworte, der und der
272 870 1509 915 sagt das folgende, oder ähnlich, ist wol von den verständigen jetzt ein-
273 921 1508 966 gesehen : die titel, die wirklich als die ältesten gelten können, Γοργίου
272 1069 1506 1119 Εὔδημος zeigen die abhängigkeit von Εὐριπίδου Ἑλένη Ἀλέξανδρος.
355 1121 1502 1166 Sodann zeigt die äuſsere ausstattung die bewuſste fürsorge für den
269 1172 1502 1216 leser. vereinzelt in der tragödie, häufig in der komödie haben die gramma-
268 1223 1503 1266 tiker bühnenanweisungen, παρεπιγραφαὶ vorgefunden, und auch auf
268 1273 1500 1317 uns sind einzelne gekommen . dem regisseur, der das stück künftig
274 187 335 216 124
673 182 1103 215 Geschichte des tragikertextes.
397 1334 1498 1386 Σιμωνίδου Ναυμαχία; das kann ein aus dem inhalte geschöpfter name
268 1389 1498 1427 sein, kann aber auch für ein dankfest an die Artemis προσηῴα bestimmt gewesen
268 1428 1498 1469 sein, und dann ist es nicht anders als Ἴβυκος ἐν τῇ εἰς Γοργίαν ᾠδῇ u. dgl. das
267 1473 1498 1510 lob des Leonidas (4) ist ohne jeden grund und sehr verkehrt in dieses gedicht ge-
266 1517 1284 1553 setzt. über dithyrambennamen oben s. 64, anm. 30 und 85 anm. 52.
394 1555 1497 1595 Vgl. z. b. Diels Herm. 22, 436. der anfang von Hekataios Herodot Thukydides
269 1595 1498 1639 liegt ja vor. auch der des Herakleitos fordert vor τοῦ λόγου τοῦδε ein Ἡράκλειτος
266 1640 1498 1682 Ἐφέσιος ὧδε λέγει. auch ein auffälliger anfang mit einer adversativpartikel wird
267 1681 1497 1720 verständlich, z. b. Ions τριαγμοί. ⟨Ἴων Χῖος τάδε λέγει·⟩ ἀρχὴ δέ μοι τοῦ λόγου·
267 1724 1497 1765 πάντα τρία. debatten über den namen des heraklitischen werkes, verwunderung
268 1765 1497 1804 darüber, daſs die alten philosophen ihre bücher περὶ φύσεως genannt hätten, zweifel
267 1807 1497 1846 daran, daſs dasselbe buch unter verschiedenen namen bei späteren citirt wird, fallen
264 1857 602 1883 so in nichts zusammen.
393 1887 1497 1929 Uns sind nur zwei παρεπιγραφαί erhalten (A. Eum. 117—29, E. Kykl. 485),
265 1932 1496 1971 und schon den grammatikern fiel dieser unterschied der tragödie von der komödie
266 1971 1493 2013 auf. die wichtige stelle steht in einem ζήτημα zu Eur. Or. 1384 Ἴλιον — ὥς σ̕
266 2016 1495 2072 ὀλόμενον στένω ἁρμάτειον ἁρμάτειον μέλος βαρβάρῳ βοᾷ. da zerbrach man sich
265 2056 1496 2110 über ἁρμάτειον unnütz den kopf. Ἀπολλόδωρος ὁ Κυρηναῖος παρεπιγραφὴν λέγει
264 2094 1494 2155 (Kirchhoff: ἐπιγράφει λέγων codd.) τὸ ἁρμάτειον (Schwartz: ἁρμόδιον) [ὦ Ἴλιον].
264 2140 1494 2197 εἰ δ̕ ἦν παρεπιγραφή, ἅπαξ ἂν [ἐπ]ἐγράφετο [τὸ Ἴλιον ἀπώλετο]. Apollodor
264 2183 1493 2224 meint, die worte ἁρμάτειον ἁρμάτειον μέλος gehörten nicht dem sänger, sondern
