1600 2316
642 168 1042 195 II. 7. Der athenische name.
239 249 1449 291 mochte gerade in der ersten zeit nach der vertreibung der tyrannen
241 296 1448 336 oder auch nach der schlacht von Marathon, wo der polemarch Kalli-
238 346 1450 387 machos von Aphidna commandirt hatte und gefallen war, dieser ortsname
240 393 1450 433 einen besondern klang haben.  sehen wir dann folgende grabschriften
240 441 1450 486 IV p. 117 Ἀϱιστέας Ἰφιστιάδης, Τιμαϱίστη Θεοφῶντος Λαμπτϱέως,
239 539 1451 585 στιάδης, vater, mutter und söhne, aus dem ende des fünften jahrhun-
239 584 1450 632 derts. II 1685 Ξενοκλέης Ἀγγελῆϑεν, Πολυχάϱης Ξενοκλέους Ἀγγελῆϑεν,
237 784 1453 828 Ἄλκιππος Μελιτεύς, Διοφάνης Ἀλκίππου Μελιτε(ύς) und vier nur
224 831 1453 877 mit dem eigennamen bezeichnete töchter. in diesen vier fällen führt der
237 879 1451 920 vater nur den demos, der sohn folgt der sitte des vierten jahrhunderts:
240 928 1454 968 entweder also, der vater war neubürger, oder aber die sitte hatte mit dieser
243 976 1451 1019 generation gewechselt; so viel ich sehe, würden wir dann bei dem
240 1026 959 1058 vater eher das fehlen des demos erwarten.
325 1075 1452 1108 Grabsteine von fremden mit vater und vaterland sind im fünften
237 1125 1452 1169 jahrhundert nicht selten. die metöken verschmähen die officielle be-
238 1176 1453 1220 zeichnung nach dem demos so gut wie ganz . die isotelen nennen sich
239 1225 1454 1269 im vierten jahrhundert mit stolz so auf den steinen; etwa ein drittel fügt
239 1275 1453 1318 den vater zu: darin liegt, daſs der vater bereits diesem bevorzugten stande
238 1325 1454 1367 angehört hat.  für dieselbe zeit darf man als eine regel, von der es aus-
238 1372 1455 1415 nahmen geben wird, aber doch als eine regel, an die wir uns zunächst
239 1418 1453 1464 halten, aufstellen, daſs die grabsteine, die nur den vater nennen ohne
239 1466 1454 1510 vaterland und demos, von metöken herrühren. äuſserst merkwürdig
239 1509 1453 1560 sind folgende grabsteine des fünften jahrhunderts IV p. 115 Ἀϱχίας
239 1559 1454 1614 Νέβϱο Ἀνδϱίο; Εὐφϱαντίδης Μάνδϱωνος Ἀστυπαλαιέως; Ἀϑηνό-
240 1612 1454 1662 δοτος Ἰατϱοκλέος Φασηλίτο; die leute haben das vaterland ihrer väter
240 168 299 196 174
101 1137 201 1158 Metöken
79 1163 227 1184 und fremde.
385 1699 1454 1743 IV p. 153. es ist kaum auszudenken, wie der bei Marathon gefallene
241 1738 1452 1781 polemarch Kallimachos ein weihgeschenk darbringen sollte, das der Meder erwähnte.
380 1792 586 1822 Herm. 22, 251.
383 1819 1455 1856 CIA II 2723—2734. die amme einer Hippostrate erhält von dieser ihr grab
242 1858 1453 1899 und den namen in der form Ἀπολλοδώϱου ἰσοτέλου ϑυγάτηϱ Μέλιττα τίτϑη; 2729.
244 1898 1453 1937 Gerys, der einen sclavennamen führt wie Δϱόμων und Πάταικος, ist zusammen be-
243 1941 1454 1979 graben mit Νικώ seiner frau, die er als solche bezeichnet, und Θεόφιλος ἰσοτέλης,
243 1982 1454 2016 dem sohne, der den eltern den stein setzt, denn beide erhalten einen entsetzlichen
243 2020 1456 2060 vers. die mutter geht an (was Köhler verkannt hat) καὶ ἐγὰ τοῦδ̕ ἀνδϱὸς ἔφυν
242 2062 1455 2101 καὶ πάντα ὁμοία γήϱαι καὶ φϱοντίδι εὐσεβίας ἕνεκα, wo das letzte stammelnd be-
242 2105 1275 2145 zeichnet, daſs sie aus frömmigkeit im alter den alten gut gepflegt hat.
