1600 2320
301 230 1494 279 teiligung an dem nachspiele des krieges muſs bedeutend gewesen sein,
300 280 1494 327 da er von der beute eine halle in Sikyon erbaute und selbst dem
298 329 1494 374 pythischen gotte ein fest zu hause stiftete. in dem wagenrennen, das
298 379 1493 423 erst jetzt, 582, ein teil des pythischen spieles ward, nachdem auf dem
297 430 1492 474 neuerworbenen Kirrhaeischen felde eine bequeme bahn zur verfügung
296 478 1492 522 stand, war ein gespann des Kleisthenes sieger. dies ist in der delphi-
295 526 1491 566 schen festchronik überliefert; daſs sie von der Kirrhaeischen beute er-
295 574 1493 617 richtet war, wird an der sikyonischen halle selbst gestanden haben; die
295 622 1492 663 stiftung der Pythien ist wahrscheinlich durch die bekanntlich alte und
294 671 1492 711 im vierten jahrhundert schon publicirte sikyonische chronik überliefert.
293 720 1491 759 so bewährt sich jeder zug der überlieferung von mehreren seiten, und
293 768 1493 805 man braucht die novellistische oder gar gefabelte geschichte nicht erst
292 814 1180 853 zu verhören, die übrigens nicht ohne interesse ist.
374 862 1490 908 In dieser darlegung ist bisher Pausanias nur mit dem herangezogen
303 148 339 175 18
792 158 1000 191 1. Chronologie.
293 948 1491 988 kriege unbeteiligt waren, oder den gegensatz von 449 auf 590 überträgt. aber daſs
294 987 1490 1029 Korinth so gar nicht mitspielt, daſs Kleisthenes eine flotte hat, ist merkwürdig und
292 1026 1490 1070 beweist, daſs Periandros in den letzten zeiten seiner herrschaft nach westen wenigstens
294 1068 1490 1104 einfluſslos war. die pflanzstädte im ionischen meere waren zwar in händen seiner
292 1109 1490 1146 familie, aber ihm selbst entfremdet. auf seinen in die achtziger jahre fallenden tod
291 1150 1489 1188 folgt ein ohnmächtiger nachfolger und bald die revolution. die stiftung der Isthmien
292 1191 1489 1229 wird nach unserer überlieferung hinter die Pythien gerückt. das ist falsch, da Solon
291 1231 1489 1269 zwar für Isthmioniken, aber nicht für Pythioniken prämien ausgeworfen hat. man
291 1271 1344 1305 wird beliebt haben, sie erst von der zeit der freiheit Korinths zu zählen.
430 1312 680 1343 Pausanias II 9, 6.
430 1353 1488 1393 Dionysios von Halikarnass (denn es liegt kein grund vor, seiner χϱονικὴ
286 1394 1487 1427 βίβλος diese notiz abzusprechen, und ihn versteht man am leichtesten bei scholiasten
286 1433 1488 1470 unter Ἁλικαϱνασσεύς) im schol. Pindar Nem. 9, 1. daſs zu Pindars zeiten nicht
288 1475 1487 1512 der tyrann, sondern der heros das fest gestiftet hat, ist eben so selbstverständlich,
287 1516 1489 1549 wie daſs Herakles und nicht Iphitos bei ihm stifter der Olympien ist, Sisyphos der
285 1554 784 1589 Isthmien und Apollon der Pythien.
426 1596 649 1628 Pausan. X 7, 6.
419 1634 1487 1670 Die eine tradition, an ein orakel anknüpfend, das bei Aischines 3, 112 freilich
288 1674 1487 1709 nur interpolirt ist, darf doch nicht für jünger gelten, denn Diodor IX 16 wird wie die
289 1711 1486 1752 andern orakelgeschichten bei ihm mit wahrscheinlichkeit auf Ephoros zurückgeführt.
288 1750 1488 1792 dieselbe geschichte Paus. X 37, 6, Polyaen. III 5. sehr viel romantischer ist die ge-
289 1789 1485 1826 schichte in Thessalos’ athenischer rede (Hippokr. III 834 ff. Kühn), schlechter bei Pausan.
287 1829 1487 1867 X 37, 7, Polyaen. VI 13 mit anderen personen. das ganze klingt nach hellenisti-
287 1869 1486 1909 scher novelle, etwa Euphorion. aber das strategem einer brunnenvergiftung ist
287 1909 1486 1944 auf dem boden von Krisa erdacht. Ulrichs hat in Itea eine stark abführende salz-
288 1948 1483 1987 quelle gefunden (Topogr. v. Delphi 79). Euphorions gedicht Γέϱανος ward auch
287 1989 1485 2031 einem Archytas aus Amphissa beigelegt, und von diesem sind verse erhalten, die
286 2029 1484 2069 topographika seiner heimat behandeln; daran darf man wenigstens erinnern (Meineke
284 2072 530 2103 An. Al. 44. 353).
