1600 2468
292 258 1538 307 wol um 100 n. Chr., denn wenn ihn auch erst Herodian citirt, so ist
292 307 1535 363 doch der erfolg seiner auswahl schon in den rhetorischen lexicis des
292 357 1535 415 2. jahrhunderts zu spüren, die demgemäſs die betreffenden stücke be-
291 409 1537 464 vorzugen . Symmachos bezieht sich in seinem commentar häufig auf
291 458 1531 507 früher von ihm behandelte stellen, so daſs die reihenfolge der erklärten
292 509 1534 565 dramen ganz feststeht, übrigens auch in der Byzantinerzeit nicht ver-
292 559 1534 616 gessen worden ist. Es folgen auf einander Plutos Wolken Frösche Ritter
292 609 1533 665 Acharner Wespen Frieden Vögel Thesmophoriazusen Ekklesiazusen Ly-
292 660 1532 715 sistrate . die reihe war damit ohne zweifel nicht abgeschlossen ;
293 710 1530 767 Symmachos hat auch Kratinos erklärt und wird da wol ebenso verfahren
292 761 1533 816 sein . die rücksichten der schule sind einleuchtend. der Plutos ist
293 811 1532 859 weitaus am einfachsten, Wolken Frösche Ritter zu kennen forderte die
292 861 1530 919 allgemeine bildung mit rücksicht auf die angegriffenen berühmtheiten
292 911 1533 967 Sokrates Euripides Kleon. für die folgenden stücke ist es besser nichts
290 961 1529 1017 zu vermuten. Symmachos ist nun ein schriftsteller noch von der alten
293 190 352 219 180
700 180 1128 213 Geschichte des tragikertextes.
291 1045 1530 1096 zeigt sich als zusatz (Fried. 916; sonst noch ein par mal zu Wesp.). dieser ist deipno-
291 1086 1531 1138 sophist bei Athenaeus, was nur zeigt, daſs er eine berühmtheit wie Galen Rufus
291 1128 1531 1179 Plutarch Ulpian war. und als vaterland hat ihm Athenaeus nach Plat. Phaidr. 261d
292 1170 1531 1222 Elea gegeben: woraus nach jenen analogien folgt, daſs er nicht daher war. inter-
291 1212 1529 1264 polirt hat Suidas oder ein vorgänger dies in den kargen biographischen artikel, aus
291 1253 1529 1301 dem abzuleiten ist, daſs er bei Dionys und Philon nicht vorkam, d. h. nach 140
294 1295 1523 1346 blühte. auch Symmachos fehlt bei Suidas, aber ein schluſs e silentio ist mislich
292 1337 1529 1388 und die gänzliche vermeidung von schriftstellern des 2. jahrhunderts spricht für
292 1397 590 1425 etwas höheres alter.
455 1421 1530 1464 Man kann das leicht sehen, wenn man die indices zu Nabers Photius
293 1463 1531 1508 mustert. auf welchen umwegen auch immer hineingelangt, die quellen dieses lexi-
294 1504 1530 1557 cons gehören dem 2. jahrhundert an. damit man nicht irre, bemerke ich, daſs die
295 1546 1529 1597 atticistischen glossen im Hesych nicht Diogenian sind. selbst bei Lukian sind die
294 1590 1530 1634 erhaltenen komödien stark bevorzugt, P. Schultze quae ratio inter Lucianum et
295 1643 792 1675 comicos intercedat. Berlin 1883.
457 1674 1528 1714 Die sehr zahlreichen belege führe ich nicht an. die nummern 1—4, 10, 11
295 1715 1529 1758 wird niemand bezweifeln. für die reihenfolge Ach. Wesp. vgl. Wesp. 1195, 1206.
297 1755 1529 1804 1407. Wesp. Fried. vgl. Wesp. 1446 Fr. 1048 (zielt auf Wesp. 718). Fried. Vög. vgl.
295 1796 1529 1849 Vög. 822 (zielt auf Fried. 928). Thesm. 162 ἐν τῷ πρὸ τούτου δράματι τοῖς Ὄρνισι·
295 1839 1529 1891 Lysistr. 801 auf Ekkl. 303, jetzt fast verschwunden. damit erledigt sich die an-
294 1881 1527 1931 sicht, daſs die auswahl von 7 stücken im Venetus erhalten wäre; sie ist auch an
294 1922 1529 1972 sich verkehrt, denn diese gelehrteste handschrift repräsentirt keine verkürzung der
293 1982 417 2009 auswahl.
457 2008 1527 2052 Nach der häufigkeit der citate wären Daitales Babylonier Tagenisten etwa
292 2067 400 2100 gefolgt.
457 2089 1530 2134 Herodian II 945 Lentz (π. μον. λέξ. 39). es wird sich für Kratinos schwer-
292 2132 1529 2177 lich ermitteln lassen, welche dramen noch länger behandelt wurden. wol aber ist
292 2184 952 2219 der versuch für Menander nicht aussichtslos.
