1600 2316
223 216 1425 256 religiöse und politische fortschritt sehr früh getan sein, eher als die
222 264 1425 306 wendung nach Delphi. denn es sind die delischen beziehungen der ost-
223 312 1424 352 küste von der hauptstadt übernommen. Athena ist die vermittlerin
221 359 1425 397 zwischen den cultstätten ihres bruders in Delphi und Delos: das war etwas
219 408 1424 450 groſses, was der adelsstaat schon im siebenten jahrhundert erreicht hat.
220 457 1424 497 im heiligen kriege hat Solon die delphischen, später Peisistratos die
219 506 838 543 delischen verbindungen ausgenutzt.
302 555 1424 593 Die politischen obliegenheiten des archons sind die eines schirm-
220 603 1425 651 herrn und vertreters des herrschenden standes: er ist der πϱοστάτης
219 651 1424 697 τοῦ δήμου im sinne des damaligen demos. seine erste amtshandlung
218 702 1423 743 ist die proclamation, daſs er jeden einzelnen in seinem besitze lassen
219 752 1422 789 und erhalten werde (66, 3). die fürsorge für die herrschenden familien
216 798 1422 835 und ihren besitz ist der inhalt seiner aufsicht und judicatur. er ist der
216 846 1424 884 vormund der erbtöchter und der waisen von amts wegen, er entscheidet
217 892 1422 941 in allen erbschaftssachen, und das familienrecht im weitesten umfange
218 940 1421 980 steht unter ihm. in Athen aber hat der staat in diese verhältnisse über-
217 989 1422 1032 aus tief eingegriffen. wenn er die entmündigung eines greises, der
218 1037 1421 1081 nicht mehr im stande ist, sein vermögen zu verwalten, aussprechen darf,
217 1087 1422 1130 den einzelnen zur verantwortung zieht, so er sein vermögen durch
215 1133 1420 1183 untätigkeit (ἀϱγία) verkommen läſst, auf die anklage eines beliebigen
214 1183 1420 1233 bürgers die ‘schlechte behandlung’ (κάκωσις) von eltern oder gattin
213 1238 1421 1282 ahndet, so hat selbst in unserer zeit der sich unfehlbar und allmächtig
214 1285 1420 1328 dünkende staat es noch nicht so weit gebracht, und die spätere attische
214 1331 1421 1377 demokratie macht von diesen bestimmungen, obwol sie gelten, nicht
199 1379 1420 1423 leicht gebrauch. in der tat muſs es eine sehr eigentümliche gesellschafts-
215 1427 1421 1471 ordnung sein, die sich diesen beamten gesetzt hat. ihr liegt an der
213 1475 1418 1520 individuellen freiheit ungleich weniger als an der erhaltung des standes,
213 1524 1419 1565 und die fürsorge des archons gilt weit weniger dem vater oder sohne
213 1572 1417 1619 als dem κλῆϱος, der frau und erbtochter als der mitgift, der πϱοίξ.
213 1621 1420 1664 auch noch in der aristotelischen zeit läſst sich das volk regelmäſsig über
213 1670 1417 1712 die erledigten κλῆϱοι meldung machen, und heiſst die bürgerrolle nach
213 1715 1419 1757 den λήξεις, den ‘erbanfällen’. im attischen dient dasselbe wort für
605 135 1042 167 II. 2. Von Kekrops bis Solon.
223 136 261 162 46
353 1818 1418 1854 Töpffer Herm. 23 über Pythaisten und Deliasten. die verfolgung der local-
213 1858 1418 1897 culte gehört nicht hierher. störend würde es sein, wenn Hypereides, wie Töpffer
212 1897 1417 1936 behauptet, den Delier als πατϱῷος bezeichnet hätte. aber das durfte Töpffer dem
212 1937 930 1971 rhetor Aristides nicht glauben: der allein sagt es.
357 1978 1416 2020 An den Isthmien besitzt Athen die proedrie, und seine beziehungen zu
211 2018 1417 2058 Korinth sind im sechsten jahrhundert sehr gut. aber in höhere zeit hinauf als die
209 2059 1080 2094 restitution der Isthmien kann man das schwerlich verfolgen.
