1600 2316
244 223 1455 272 die Epakrier von der Aigeis mit den Thriasiern von der Oineis zu-
242 273 1456 317 sammenstoſsen (IV 517b), sind die gestellungsplätze der phylen auch
243 320 1456 371 damals verlost worden. aber die grenzsteine sind niemals erneuert: die
243 371 1285 418 einrichtung hat eine weile vorgehalten, dann ist sie verfallen.
326 418 1458 461 Steine mit trittyennamen sind auch auf der Pnyx gefunden.  der
244 467 1456 517 gedanke liegt nahe, sie auch auf versammlungsplätze der kreisangehörigen
244 517 1459 558 zu beziehen. man darf aber nicht so weit gehen, den Athenern comitia
245 562 1459 605 centuriata oder tributa zuzuschreiben, die es nie gegeben hat. der
246 614 1459 659 demos ist eine einheit, jeder bürger hat seine virilstimme, die gliederung
245 663 1459 702 des volkes als heerbann oder nach seinen kreisen und gemeinden hat
244 712 1459 759 für die sammtgemeinde und deren beschluſsfassung keinerlei bedeutung.
246 761 1460 805 es reicht hin, an die scenen des Aristophanes zu erinnern, die eine
245 807 1461 856 volksversammlung darstellen. aber wol war eine controlle der besucher
247 855 1461 900 auf ihre berechtigung notwendig, und die zeit, die noch keinen sold
247 903 1468 949 ausgab, hatte noch nicht die controllmarken. im vierten jahrhundert
249 954 1461 995 controlliren den besuch die 30 aus dem rate genommenen συλλογῆς
247 1001 1460 1047 τοῦ δήμου  unterstützt von den kanzlisten, die die bürgerlisten führen
249 1051 1462 1098 (ληξίαϱχοι). dreiſsig, das ist die zahl der trittyen, die, wie wir gleich
248 1101 1461 1142 sehen werden, im rate fortbestanden. in ihnen also wird man die ver-
246 1153 1463 1188 treter der kreise sehen. ein ratsherr aus dem kreise controllirt seine
246 1202 1462 1248 kreisgenossen, und ein stein auf der pnyx bezeichnet die stelle, wo
248 1252 1463 1290 er zu finden ist und sie sich zu melden haben. so scheinen mir jene
247 1301 1462 1344 steine eine befriedigende erklärung zu finden. aber gleichzeitig muſs ich
112 435 207 464 Trittyen
122 466 198 480 in der
112 484 213 506 ekklesie.
652 146 1040 179 II. 6. Trittyen und demen.
245 150 303 178 166
249 1394 1461 1434 gehalten waren. das ergibt 50. und daſs es nach Kleisthenes so viel blieben,
248 1433 1462 1473 bezeugt das wertvolle bruchstück des Kleidemos bei Phot. ναυκϱαϱία, das so zu
249 1472 1462 1515 verbessern ist Κλεισϑένους δέκα φυλὰς ποιήσαντος ἀντὶ τῶν τεττάϱων, συνέβη
250 1553 1463 1598 κϱάϱια cod.), ὥσπεϱ νῦν εἰς τὰ ἑκατὸν μέϱη διαιϱεϑέντες (-τα cod.) καλοῦσι συμ-
250 1594 1464 1639 μοϱίας. für die verbesserung ist entscheidend, daſs man sich überlegt, wer verteilt
250 1634 1463 1679 wird, unmöglich etwas anderes als die bürgerschaft. dann heilt sich der wichtigste
251 1675 1464 1718 satz mit geringster änderung. der ausdruck ist in dem zweiten nicht schön, aber
250 1715 1464 1752 verständlich. Kleisthenes hat also 50 naukrarien gemacht, d. h. fünf auf jede neue
251 1755 1465 1797 phyle, lediglich decimal und duodecimalsystem ausgleichend. Themistokles beseitigt
253 1796 1465 1836 diese gänzlich antiquirten gebilde zu gunsten der trittyen im sinne der kleistheni-
254 1835 1465 1875 schen ordnung. das volk aber, das im dritten jahrhundert auf die symmorien zu-
254 1876 1309 1911 rückgriff, hat offenbar von der kleisthenischen ordnung kenntnis gehabt.
396 1918 1288 1953 CIA I 500. 502; auf die standplätze gedeutet von C. Schaefer.
401 1957 1465 1996 Ueber diese commission hat Köhler (Mitt. Ath. VII 103) licht verbreitet,
252 1998 1466 2030 wesentlich mit hilfe des steines II 872. auch er hält sie für älter als die sold-
252 2038 1466 2076 zahlung und meint, sie hätten im fünften jahrhundert οἱ τϱιάκοντα geheiſsen. dies
252 2080 1324 2116 letzte ist nicht glaublich, da die demenrichter und logisten auch 30 sind.
