<?xml version="1.0" encoding="UTF-8"?>
<PcGts xmlns="http://schema.primaresearch.org/PAGE/gts/pagecontent/2019-07-15" xmlns:xsi="http://www.w3.org/2001/XMLSchema-instance" xsi:schemaLocation="http://schema.primaresearch.org/PAGE/gts/pagecontent/2019-07-15 http://schema.primaresearch.org/PAGE/gts/pagecontent/2019-07-15/pagecontent.xsd">
<Metadata>
<Creator>regJS2PAGE.py</Creator>
<Created>2021-02-16T10:49:11.778251</Created>
<LastChange>2021-02-16T10:49:11.778251</LastChange>
</Metadata>
<Page imageFilename="tmp/wilamowitz_aristoteles02_1893_0031.png" imageWidth="1600" imageHeight="2316">
<TextRegion id="block_0" custom="structure {type:body;}">
<Coords points="216,231 216,278 216,277 135,277 135,323 136,325 136,375 137,375 137,421 137,427 137,471 137,469 137,515 136,518 136,564 137,564 137,607 137,612 220,612 220,654 220,658 140,658 140,705 141,706 141,750 143,756 143,800 141,806 141,850 143,857 143,900 143,906 143,935 143,954 227,954 227,1000 227,1002 145,1002 145,1047 145,1052 145,1096 147,1097 147,1145 148,1146 148,1189 148,1193 148,1232 150,1238 150,1283 152,1286 152,1327 152,1335 152,1385 151,1387 151,1434 151,1435 151,1474 151,1485 235,1485 235,1525 235,1534 153,1534 153,1578 1360,1578 1360,1534 1361,1525 1361,1485 782,1485 782,1474 782,1435 1359,1435 1359,1434 1359,1387 1358,1385 1358,1335 1358,1327 1358,1286 1357,1283 1357,1238 1356,1232 1356,1193 1356,1189 1356,1146 1353,1145 1353,1097 1353,1096 1353,1052 1351,1047 1351,1002 1349,1000 1349,954 273,954 273,935 273,906 1347,906 1347,900 1347,857 1349,850 1349,806 1347,800 1347,756 1348,750 1348,706 1348,705 1348,658 1346,654 1346,612 835,612 835,607 835,564 1343,564 1343,564 1343,518 1344,515 1344,469 1342,471 1342,427 1343,421 1343,375 1343,375 1343,325 1342,323 1342,277 1340,278 1340,231 216,231"/>
<TextLine id="line_0">
<Coords points="216,231 296,231 317,233 361,233 383,235 539,235 561,241 634,241 655,242 785,242 804,242 864,242 880,245 999,245 1015,241 1051,241 1066,240 1166,240 1181,239 1240,239 1254,238 1340,238 1340,268 1254,268 1240,268 1181,268 1166,269 1066,269 1051,269 1015,269 999,270 880,270 864,270 804,270 785,271 655,271 634,270 561,270 539,278 383,278 361,263 317,263 296,260 216,260 216,231"/>
<Baseline points="216,260 296,260 317,263 361,263 383,278 539,278 561,270 634,270 655,271 785,271 804,270 864,270 880,270 999,270 1015,269 1051,269 1066,269 1166,269 1181,268 1240,268 1254,268 1340,268"/>
<TextEquiv><Unicode>Doch die forschung nach büchern und autoren ist endlos und ziem-</Unicode></TextEquiv>
</TextLine>

<TextLine id="line_1">
<Coords points="135,277 192,277 220,281 401,281 431,288 556,288 584,289 652,289 678,290 748,290 776,290 822,290 850,288 976,288 1003,288 1076,288 1097,288 1191,288 1213,288 1284,288 1307,296 1342,296 1342,316 1307,316 1284,323 1213,323 1191,318 1097,318 1076,317 1003,317 976,318 850,318 822,318 776,318 748,318 678,318 652,318 584,318 556,317 431,317 401,321 220,321 192,305 135,305 135,277"/>
<Baseline points="135,305 192,305 220,321 401,321 431,317 556,317 584,318 652,318 678,318 748,318 776,318 822,318 850,318 976,318 1003,317 1076,317 1097,318 1191,318 1213,323 1284,323 1307,316 1342,316"/>
<TextEquiv><Unicode>lich unergiebig: nützlich aber wird ein umblick über Hellas sein, zu</Unicode></TextEquiv>
</TextLine>

<TextLine id="line_2">
<Coords points="136,325 242,325 264,337 308,337 331,331 395,331 416,334 512,334 531,332 739,332 755,337 950,337 964,336 1084,336 1105,345 1150,345 1166,338 1210,338 1225,336 1343,336 1343,365 1225,365 1210,365 1166,365 1150,364 1105,364 1084,370 964,370 950,366 755,366 739,375 531,375 512,364 416,364 395,361 331,361 308,357 264,357 242,361 136,361 136,325"/>
<Baseline points="136,361 242,361 264,357 308,357 331,361 395,361 416,364 512,364 531,375 739,375 755,366 950,366 964,370 1084,370 1105,364 1150,364 1166,365 1210,365 1225,365 1343,365"/>
<TextEquiv><Unicode>zeigen, wo eine solche ἀϱχαιολογία nachweisbar scheint, wo die historie</Unicode></TextEquiv>
</TextLine>

<TextLine id="line_3">
<Coords points="137,375 308,375 339,380 407,380 432,388 581,388 609,384 703,384 732,385 793,385 821,385 885,385 913,384 1005,384 1028,384 1100,384 1121,384 1169,384 1190,391 1246,391 1267,381 1343,381 1343,410 1267,410 1246,411 1190,411 1169,411 1121,411 1100,412 1028,412 1005,421 913,421 885,413 821,413 793,413 732,413 703,418 609,418 581,412 432,412 407,408 339,408 308,405 137,405 137,375"/>
<Baseline points="137,405 308,405 339,408 407,408 432,412 581,412 609,418 703,418 732,413 793,413 821,413 885,413 913,421 1005,421 1028,412 1100,412 1121,411 1169,411 1190,411 1246,411 1267,410 1343,410"/>
<TextEquiv><Unicode>constatiren oder vermuten kann, daſs eine quelle auch für uns noch</Unicode></TextEquiv>
</TextLine>

<TextLine id="line_4">
<Coords points="137,429 239,429 261,427 416,427 436,429 494,429 530,432 611,432 632,433 701,433 724,434 801,434 824,442 895,442 917,433 1002,433 1004,432 1105,432 1120,431 1170,431 1182,430 1227,430 1241,430 1342,430 1342,458 1241,458 1227,459 1182,459 1170,460 1120,460 1105,461 1004,461 1002,462 917,462 895,471 824,471 801,462 724,462 701,461 632,461 611,460 530,460 494,459 436,459 416,464 261,464 239,451 137,451 137,429"/>
<Baseline points="137,451 239,451 261,464 416,464 436,459 494,459 530,460 611,460 632,461 701,461 724,462 801,462 824,471 895,471 917,462 1002,462 1004,461 1105,461 1120,460 1170,460 1182,459 1227,459 1241,458 1342,458"/>
<TextEquiv><Unicode>wasser gespendet hat. dabei wird mein auge immer auch auf die aristo-</Unicode></TextEquiv>
</TextLine>

<TextLine id="line_5">
<Coords points="137,469 273,469 302,474 422,474 455,478 595,478 621,480 698,480 730,481 819,481 845,481 1049,481 1076,484 1150,484 1178,478 1268,478 1295,477 1344,477 1344,507 1295,507 1268,507 1178,507 1150,509 1076,509 1049,510 845,510 819,510 730,510 698,515 621,515 595,514 455,514 422,504 302,504 273,502 137,502 137,469"/>
<Baseline points="137,502 273,502 302,504 422,504 455,514 595,514 621,515 698,515 730,510 819,510 845,510 1049,510 1076,509 1150,509 1178,507 1268,507 1295,507 1344,507"/>
<TextEquiv><Unicode>telischen Politien gerichtet sein, deren kümmerliche reste durch das</Unicode></TextEquiv>
</TextLine>

<TextLine id="line_6">
<Coords points="136,518 218,518 247,522 296,522 323,531 377,531 406,524 470,524 496,526 641,526 668,527 870,527 898,534 993,534 1021,530 1115,530 1143,527 1192,527 1214,527 1255,527 1276,526 1343,526 1343,561 1276,561 1255,557 1214,557 1192,556 1143,556 1115,558 1021,558 993,558 898,558 870,564 668,564 641,553 496,553 470,551 406,551 377,550 323,550 296,550 247,550 218,555 136,555 136,518"/>
<Baseline points="136,555 218,555 247,550 296,550 323,550 377,550 406,551 470,551 496,553 641,553 668,564 870,564 898,558 993,558 1021,558 1115,558 1143,556 1192,556 1214,557 1255,557 1276,561 1343,561"/>
<TextEquiv><Unicode>licht, das von dem nunmehr vorliegenden ersten buche auf sie fällt,</Unicode></TextEquiv>
</TextLine>

<TextLine id="line_7">
<Coords points="137,564 321,564 343,569 566,569 586,573 739,573 761,575 835,575 835,603 761,603 739,607 586,607 566,598 343,598 321,596 137,596 137,564"/>
<Baseline points="137,596 321,596 343,598 566,598 586,607 739,607 761,603 835,603"/>
<TextEquiv><Unicode>beträchtlich verständlicher geworden sind.</Unicode></TextEquiv>
</TextLine>

<TextLine id="line_8">
<Coords points="220,612 271,612 292,614 384,614 408,615 445,615 466,615 540,615 563,616 586,616 602,618 631,618 654,619 847,619 869,622 1030,622 1073,625 1261,625 1282,624 1346,624 1346,652 1282,652 1261,653 1073,653 1030,651 869,651 847,654 654,654 631,650 602,650 586,651 563,651 540,643 466,643 445,642 408,642 384,642 292,642 271,640 220,640 220,612"/>
<Baseline points="220,640 271,640 292,642 384,642 408,642 445,642 466,643 540,643 563,651 586,651 602,650 631,650 654,654 847,654 869,651 1030,651 1073,653 1261,653 1282,652 1346,652"/>
<TextEquiv><Unicode>Die Atthis ist oben (I 8) eingehender behandelt. litterarische dar-</Unicode></TextEquiv>
</TextLine>

<TextLine id="line_9">
<Coords points="140,658 264,658 283,660 333,660 353,661 393,661 415,666 474,666 496,663 632,663 661,665 702,665 723,665 768,665 790,667 907,667 929,670 1049,670 1069,671 1261,671 1284,680 1348,680 1348,700 1284,700 1261,700 1069,700 1049,705 929,705 907,696 790,696 768,693 723,693 702,693 661,693 632,698 496,698 474,691 415,691 393,689 353,689 333,689 283,689 264,696 140,696 140,658"/>
<Baseline points="140,696 264,696 283,689 333,689 353,689 393,689 415,691 474,691 496,698 632,698 661,693 702,693 723,693 768,693 790,696 907,696 929,705 1049,705 1069,700 1261,700 1284,700 1348,700"/>
<TextEquiv><Unicode>stellung hat sie erst erhalten, als die attische sprache vollkommen aus-</Unicode></TextEquiv>
</TextLine>

<TextLine id="line_10">
<Coords points="141,706 264,706 284,718 351,718 388,710 467,710 487,711 541,711 558,716 654,716 668,712 715,712 729,713 842,713 857,714 886,714 902,715 1081,715 1103,717 1179,717 1195,718 1225,718 1242,718 1348,718 1348,746 1242,746 1225,744 1195,744 1179,744 1103,744 1081,750 902,750 886,741 857,741 842,749 729,749 715,740 668,740 654,749 558,749 541,740 487,740 467,739 388,739 351,738 284,738 264,744 141,744 141,706"/>
<Baseline points="141,744 264,744 284,738 351,738 388,739 467,739 487,740 541,740 558,749 654,749 668,740 715,740 729,749 842,749 857,741 886,741 902,750 1081,750 1103,744 1179,744 1195,744 1225,744 1242,746 1348,746"/>
<TextEquiv><Unicode>gebildet war. nicht viel später hat Megara in Dieuchidas, dann in Hereas</Unicode></TextEquiv>
</TextLine>

<TextLine id="line_11">
<Coords points="143,756 205,756 218,757 283,757 294,758 472,758 484,760 608,760 620,761 670,761 681,765 724,765 735,761 783,761 793,761 848,761 860,761 953,761 963,762 1109,762 1123,763 1201,763 1213,772 1248,772 1262,764 1347,764 1347,792 1262,792 1248,792 1213,792 1201,792 1123,792 1109,800 963,800 953,791 860,791 848,790 793,790 783,790 735,790 724,790 681,790 670,790 620,790 608,799 484,799 472,789 294,789 283,787 218,787 205,786 143,786 143,756"/>
<Baseline points="143,786 205,786 218,787 283,787 294,789 472,789 484,799 608,799 620,790 670,790 681,790 724,790 735,790 783,790 793,790 848,790 860,791 953,791 963,800 1109,800 1123,792 1201,792 1213,792 1248,792 1262,792 1347,792"/>
<TextEquiv><Unicode>eine sehr bedeutende leistung der art auf den markt gebracht, reich an wirk-</Unicode></TextEquiv>
</TextLine>

<TextLine id="line_12">
<Coords points="141,806 197,806 231,809 465,809 497,811 724,811 756,811 906,811 935,812 1161,812 1188,812 1349,812 1349,850 1188,850 1161,849 935,849 906,840 756,840 724,848 497,848 465,845 231,845 197,836 141,836 141,806"/>
<Baseline points="141,836 197,836 231,845 465,845 497,848 724,848 756,840 906,840 935,849 1161,849 1188,850 1349,850"/>
<TextEquiv><Unicode>lich geschichtlicher überlieferung, kostbarer antiquarischer belehrung</Unicode></TextEquiv>
</TextLine>

<TextLine id="line_13">
<Coords points="143,864 193,864 214,857 371,857 391,859 451,859 464,860 615,860 630,861 688,861 705,866 840,866 855,871 909,871 927,862 1006,862 1020,861 1161,861 1178,862 1347,862 1347,900 1178,900 1161,900 1020,900 1006,892 927,892 909,891 855,891 840,900 705,900 688,891 630,891 615,898 464,898 451,888 391,888 371,896 214,896 193,885 143,885 143,864"/>
<Baseline points="143,885 193,885 214,896 371,896 391,888 451,888 464,898 615,898 630,891 688,891 705,900 840,900 855,891 909,891 927,892 1006,892 1020,900 1161,900 1178,900 1347,900"/>
<TextEquiv><Unicode>aus localsagen und legenden, und getragen von einer kräftigen politischen</Unicode></TextEquiv>
</TextLine>

<TextLine id="line_14">
<Coords points="143,906 273,906 273,935 143,935 143,906"/>
<Baseline points="143,935 273,935"/>
<TextEquiv><Unicode>tendenz.</Unicode></TextEquiv>
</TextLine>

<TextLine id="line_15">
<Coords points="227,954 285,954 311,956 355,956 384,957 550,957 576,961 739,961 760,962 796,962 817,962 927,962 949,971 1020,971 1042,961 1199,961 1220,963 1349,963 1349,1000 1220,1000 1199,992 1042,992 1020,1000 949,1000 927,991 817,991 796,991 760,991 739,996 576,996 550,995 384,995 355,985 311,985 285,983 227,983 227,954"/>
<Baseline points="227,983 285,983 311,985 355,985 384,995 550,995 576,996 739,996 760,991 796,991 817,991 927,991 949,1000 1020,1000 1042,992 1199,992 1220,1000 1349,1000"/>
<TextEquiv><Unicode>Für die allgemeine geschichte ist Euboia ganz besonders wichtig;</Unicode></TextEquiv>
</TextLine>

<TextLine id="line_16">
<Coords points="145,1002 208,1002 239,1005 368,1005 395,1007 495,1007 521,1017 576,1017 604,1009 904,1009 932,1011 995,1011 1024,1010 1166,1010 1199,1012 1259,1012 1287,1016 1351,1016 1351,1040 1287,1040 1259,1040 1199,1040 1166,1047 1024,1047 995,1040 932,1040 904,1039 604,1039 576,1036 521,1036 495,1035 395,1035 368,1040 239,1040 208,1031 145,1031 145,1002"/>
<Baseline points="145,1031 208,1031 239,1040 368,1040 395,1035 495,1035 521,1036 576,1036 604,1039 904,1039 932,1040 995,1040 1024,1047 1166,1047 1199,1040 1259,1040 1287,1040 1351,1040"/>
<TextEquiv><Unicode>eine gröſsere anzahl von schriftstellernamen sind bekannt, und ent-</Unicode></TextEquiv>
</TextLine>

<TextLine id="line_17">
<Coords points="145,1052 305,1052 333,1053 384,1053 405,1054 676,1054 699,1057 865,1057 885,1068 941,1068 965,1059 1076,1059 1097,1060 1204,1060 1225,1061 1285,1061 1308,1060 1353,1060 1353,1088 1308,1088 1285,1089 1225,1089 1204,1089 1097,1089 1076,1088 965,1088 941,1088 885,1088 865,1096 699,1096 676,1085 405,1085 384,1082 333,1082 305,1087 145,1087 145,1052"/>
<Baseline points="145,1087 305,1087 333,1082 384,1082 405,1085 676,1085 699,1096 865,1096 885,1088 941,1088 965,1088 1076,1088 1097,1089 1204,1089 1225,1089 1285,1089 1308,1088 1353,1088"/>
<TextEquiv><Unicode>sprechend der colonisatorischen bedeutung von Chalkis wächst sich die</Unicode></TextEquiv>
</TextLine>

<TextLine id="line_18">
<Coords points="147,1097 382,1097 409,1111 444,1111 472,1102 599,1102 628,1114 692,1114 720,1105 764,1105 792,1115 858,1115 887,1108 1007,1108 1036,1107 1105,1107 1126,1107 1203,1107 1225,1104 1353,1104 1353,1137 1225,1137 1203,1145 1126,1145 1105,1135 1036,1135 1007,1141 887,1141 858,1134 792,1134 764,1133 720,1133 692,1139 628,1139 599,1132 472,1132 444,1130 409,1130 382,1135 147,1135 147,1097"/>
<Baseline points="147,1135 382,1135 409,1130 444,1130 472,1132 599,1132 628,1139 692,1139 720,1133 764,1133 792,1134 858,1134 887,1141 1007,1141 1036,1135 1105,1135 1126,1145 1203,1145 1225,1137 1353,1137"/>
<TextEquiv><Unicode>localgeschichte zu büchern aus, die man κτίσεις oder πεϱὶ πόλεων</Unicode></TextEquiv>
</TextLine>

<TextLine id="line_19">
<Coords points="148,1146 288,1146 330,1147 375,1147 401,1148 586,1148 611,1152 661,1152 683,1152 846,1152 867,1153 992,1153 1016,1155 1209,1155 1233,1155 1284,1155 1305,1155 1356,1155 1356,1182 1305,1182 1284,1182 1233,1182 1209,1189 1016,1189 992,1189 867,1189 846,1181 683,1181 661,1180 611,1180 586,1185 401,1185 375,1176 330,1176 288,1181 148,1181 148,1146"/>
<Baseline points="148,1181 288,1181 330,1176 375,1176 401,1185 586,1185 611,1180 661,1180 683,1181 846,1181 867,1189 992,1189 1016,1189 1209,1189 1233,1182 1284,1182 1305,1182 1356,1182"/>
<TextEquiv><Unicode>nennt. die pflanzstädte der Chalkidike gehören naturgemäſs mit der</Unicode></TextEquiv>
</TextLine>

<TextLine id="line_20">
<Coords points="148,1193 328,1193 354,1203 531,1203 560,1198 628,1198 654,1200 727,1200 753,1200 802,1200 822,1200 1016,1200 1038,1201 1114,1201 1139,1200 1233,1200 1255,1201 1356,1201 1356,1229 1255,1229 1233,1228 1139,1228 1114,1228 1038,1228 1016,1228 822,1228 802,1228 753,1228 727,1227 654,1227 628,1226 560,1226 531,1232 354,1232 328,1220 148,1220 148,1193"/>
<Baseline points="148,1220 328,1220 354,1232 531,1232 560,1226 628,1226 654,1227 727,1227 753,1228 802,1228 822,1228 1016,1228 1038,1228 1114,1228 1139,1228 1233,1228 1255,1229 1356,1229"/>
<TextEquiv><Unicode>mutterstadt zusammen; aber auch das benachbarte Keos dürfte hinzu-</Unicode></TextEquiv>
</TextLine>

<TextLine id="line_21">
<Coords points="150,1238 304,1238 323,1241 438,1241 460,1242 589,1242 612,1245 646,1245 660,1246 825,1246 846,1247 928,1247 948,1246 1002,1246 1024,1246 1096,1246 1118,1246 1162,1246 1182,1247 1254,1247 1268,1247 1357,1247 1357,1283 1268,1283 1254,1276 1182,1276 1162,1275 1118,1275 1096,1275 1024,1275 1002,1275 948,1275 928,1274 846,1274 825,1274 660,1274 646,1273 612,1273 589,1278 460,1278 438,1268 323,1268 304,1273 150,1273 150,1238"/>
<Baseline points="150,1273 304,1273 323,1268 438,1268 460,1278 589,1278 612,1273 646,1273 660,1274 825,1274 846,1274 928,1274 948,1275 1002,1275 1024,1275 1096,1275 1118,1275 1162,1275 1182,1276 1254,1276 1268,1283 1357,1283"/>
<TextEquiv><Unicode>gerechnet werden können, da Aristoteles recht viel über die insel weiſs,</Unicode></TextEquiv>
</TextLine>

<TextLine id="line_22">
<Coords points="152,1286 209,1286 233,1286 286,1286 306,1287 479,1287 500,1289 566,1289 588,1291 1008,1291 1029,1294 1158,1294 1179,1296 1223,1296 1266,1296 1304,1296 1328,1307 1358,1307 1358,1327 1328,1327 1304,1326 1266,1326 1223,1325 1179,1325 1158,1324 1029,1324 1008,1323 588,1323 566,1318 500,1318 479,1325 306,1325 286,1315 233,1315 209,1315 152,1315 152,1286"/>
<Baseline points="152,1315 209,1315 233,1315 286,1315 306,1325 479,1325 500,1318 566,1318 588,1323 1008,1323 1029,1324 1158,1324 1179,1325 1223,1325 1266,1326 1304,1326 1328,1327 1358,1327"/>
<TextEquiv><Unicode>und mir wenigstens kein keischer localschriftsteller bekannt ist. ob es</Unicode></TextEquiv>
</TextLine>

<TextLine id="line_23">
<Coords points="152,1335 214,1335 236,1336 357,1336 379,1336 506,1336 528,1338 591,1338 617,1339 662,1339 684,1340 754,1340 775,1341 961,1341 983,1343 1012,1343 1036,1344 1089,1344 1112,1345 1167,1345 1187,1346 1290,1346 1309,1356 1358,1356 1358,1385 1309,1385 1290,1376 1187,1376 1167,1375 1112,1375 1089,1374 1036,1374 1012,1372 983,1372 961,1380 775,1380 754,1369 684,1369 662,1367 617,1367 591,1373 528,1373 506,1375 379,1375 357,1366 236,1366 214,1365 152,1365 152,1335"/>
<Baseline points="152,1365 214,1365 236,1366 357,1366 379,1375 506,1375 528,1373 591,1373 617,1367 662,1367 684,1369 754,1369 775,1380 961,1380 983,1372 1012,1372 1036,1374 1089,1374 1112,1375 1167,1375 1187,1376 1290,1376 1309,1385 1358,1385"/>
<TextEquiv><Unicode>eine chronik gegeben hat, die feste zeitangaben in alte zeit hinauf ge-</Unicode></TextEquiv>
</TextLine>

<TextLine id="line_24">
<Coords points="151,1391 272,1391 294,1396 358,1396 379,1387 497,1387 519,1387 590,1387 626,1387 695,1387 710,1389 798,1389 813,1392 989,1392 1005,1394 1063,1394 1079,1394 1134,1394 1148,1396 1359,1396 1359,1434 1148,1434 1134,1424 1079,1424 1063,1423 1005,1423 989,1430 813,1430 798,1426 710,1426 695,1416 626,1416 590,1416 519,1416 497,1425 379,1425 358,1425 294,1425 272,1424 151,1424 151,1391"/>
<Baseline points="151,1424 272,1424 294,1425 358,1425 379,1425 497,1425 519,1416 590,1416 626,1416 695,1416 710,1426 798,1426 813,1430 989,1430 1005,1423 1063,1423 1079,1424 1134,1424 1148,1434 1359,1434"/>
<TextEquiv><Unicode>stattete, mag fraglich sein. aber artige verschen und alte documente</Unicode></TextEquiv>
</TextLine>

<TextLine id="line_25">
<Coords points="151,1435 214,1435 236,1445 318,1445 339,1437 385,1437 406,1446 461,1446 483,1437 557,1437 580,1437 782,1437 782,1467 580,1467 557,1466 483,1466 461,1466 406,1466 385,1466 339,1466 318,1474 236,1474 214,1465 151,1465 151,1435"/>
<Baseline points="151,1465 214,1465 236,1474 318,1474 339,1466 385,1466 406,1466 461,1466 483,1466 557,1466 580,1467 782,1467"/>
<TextEquiv><Unicode>sind sogar für uns noch nachweisbar.</Unicode></TextEquiv>
</TextLine>

<TextLine id="line_26">
<Coords points="235,1486 367,1486 390,1487 427,1487 448,1487 476,1487 492,1485 628,1485 644,1485 750,1485 764,1487 875,1487 899,1490 927,1490 943,1491 1105,1491 1129,1494 1187,1494 1210,1494 1361,1494 1361,1523 1210,1523 1187,1522 1129,1522 1105,1521 943,1521 927,1519 899,1519 875,1525 764,1525 750,1516 644,1516 628,1515 492,1515 476,1515 448,1515 427,1516 390,1516 367,1524 235,1524 235,1486"/>
<Baseline points="235,1524 367,1524 390,1516 427,1516 448,1515 476,1515 492,1515 628,1515 644,1516 750,1516 764,1525 875,1525 899,1519 927,1519 943,1521 1105,1521 1129,1522 1187,1522 1210,1523 1361,1523"/>
<TextEquiv><Unicode>Dagegen ist in Boeotien Phokis Lokris, in Thessalien und selbstver-</Unicode></TextEquiv>
</TextLine>

<TextLine id="line_27">
<Coords points="153,1534 292,1534 320,1535 366,1535 395,1536 449,1536 478,1535 580,1535 609,1539 748,1539 777,1537 828,1537 855,1539 943,1539 969,1541 1030,1541 1056,1541 1105,1541 1127,1541 1301,1541 1329,1550 1360,1550 1360,1570 1329,1570 1301,1577 1127,1577 1105,1570 1056,1570 1030,1569 969,1569 943,1578 855,1578 828,1567 777,1567 748,1565 609,1565 580,1564 478,1564 449,1565 395,1565 366,1565 320,1565 292,1564 153,1564 153,1534"/>
<Baseline points="153,1564 292,1564 320,1565 366,1565 395,1565 449,1565 478,1564 580,1564 609,1565 748,1565 777,1567 828,1567 855,1578 943,1578 969,1569 1030,1569 1056,1570 1105,1570 1127,1577 1301,1577 1329,1570 1360,1570"/>
<TextEquiv><Unicode>ständlich bei den wilden stämmen der berge und des westens, so</Unicode></TextEquiv>
</TextLine>

</TextRegion>
<TextRegion id="block_1" custom="structure {type:pageNum;}">
<Coords points="1299,151 1299,181 1336,181 1336,151 1299,151"/>
<TextLine id="line_28">
<Coords points="1299,151 1336,151 1336,181 1299,181 1299,151"/>
<Baseline points="1299,181 1336,181"/>
<TextEquiv><Unicode>21</Unicode></TextEquiv>
</TextLine>

</TextRegion>
<TextRegion id="block_2" custom="structure {type:header;}">
<Coords points="534,157 534,192 928,192 928,157 534,157"/>
<TextLine id="line_29">
<Coords points="534,157 643,157 677,159 928,159 928,192 677,192 643,191 534,191 534,157"/>
<Baseline points="534,191 643,191 677,192 928,192"/>
<TextEquiv><Unicode>Hippias. Nordgriechenland.</Unicode></TextEquiv>
</TextLine>

</TextRegion>
<TextRegion id="block_3" custom="structure {type:note;}">
<Coords points="1384,724 1384,747 1471,747 1471,724 1384,724"/>
<TextLine id="line_30">
<Coords points="1384,724 1471,724 1471,747 1384,747 1384,724"/>
<Baseline points="1384,747 1471,747"/>
<TextEquiv><Unicode>Megara</Unicode></TextEquiv>
</TextLine>

</TextRegion>
<TextRegion id="block_4" custom="structure {type:note;}">
<Coords points="1393,969 1393,990 1475,990 1475,969 1393,969"/>
<TextLine id="line_31">
<Coords points="1393,969 1475,969 1475,990 1393,990 1393,969"/>
<Baseline points="1393,990 1475,990"/>
<TextEquiv><Unicode>Euboia</Unicode></TextEquiv>
</TextLine>

</TextRegion>
<TextRegion id="block_5" custom="structure {type:note;}">
<Coords points="1407,1504 1407,1523 1388,1528 1388,1552 1388,1552 1421,1552 1421,1572 1472,1572 1472,1552 1505,1552 1505,1552 1505,1528 1476,1528 1476,1523 1476,1504 1407,1504"/>
<TextLine id="line_32">
<Coords points="1407,1504 1476,1504 1476,1523 1407,1523 1407,1504"/>
<Baseline points="1407,1523 1476,1523"/>
<TextEquiv><Unicode>Nord-</Unicode></TextEquiv>
</TextLine>

<TextLine id="line_33">
<Coords points="1388,1528 1505,1528 1505,1552 1388,1552 1388,1528"/>
<Baseline points="1388,1552 1505,1552"/>
<TextEquiv><Unicode>griechen-</Unicode></TextEquiv>
</TextLine>

<TextLine id="line_34">
<Coords points="1421,1552 1472,1552 1472,1572 1421,1572 1421,1552"/>
<Baseline points="1421,1572 1472,1572"/>
<TextEquiv><Unicode>land</Unicode></TextEquiv>
</TextLine>

</TextRegion>
<TextRegion id="block_6" custom="structure {type:note;}">
<Coords points="155,1630 155,1668 157,1670 157,1706 157,1715 301,1715 301,1752 301,1750 159,1750 159,1790 157,1785 157,1831 159,1829 159,1875 159,1869 159,1909 159,1915 301,1915 301,1946 304,1955 304,1996 304,1987 162,1987 162,2027 162,2035 302,2035 302,2075 302,2069 181,2069 181,2118 1369,2118 1369,2069 1369,2075 1369,2035 335,2035 335,2027 335,1987 1369,1987 1369,1996 1369,1955 560,1955 560,1946 560,1915 529,1915 529,1909 529,1869 1366,1869 1366,1875 1366,1829 1366,1831 1366,1785 1365,1790 1365,1750 1364,1752 1364,1715 828,1715 828,1706 828,1670 1362,1670 1362,1668 1362,1630 155,1630"/>
<TextLine id="line_35">
<Coords points="155,1630 204,1630 221,1631 286,1631 303,1634 461,1634 490,1632 577,1632 596,1633 654,1633 671,1633 713,1633 730,1633 804,1633 822,1635 871,1635 889,1636 993,1636 1010,1637 1109,1637 1139,1636 1179,1636 1193,1635 1362,1635 1362,1668 1193,1668 1179,1660 1139,1660 1109,1667 1010,1667 993,1661 889,1661 871,1660 822,1660 804,1659 730,1659 713,1657 671,1657 654,1657 596,1657 577,1664 490,1664 461,1659 303,1659 286,1656 221,1656 204,1654 155,1654 155,1630"/>
<Baseline points="155,1654 204,1654 221,1656 286,1656 303,1659 461,1659 490,1664 577,1664 596,1657 654,1657 671,1657 713,1657 730,1659 804,1659 822,1660 871,1660 889,1661 993,1661 1010,1667 1109,1667 1139,1660 1179,1660 1193,1668 1362,1668"/>
<TextEquiv><Unicode>und ihrer schwestern. Delphi aber hat keine alte chronik gehabt. die Pythioniken</Unicode></TextEquiv>
</TextLine>

<TextLine id="line_36">
<Coords points="157,1670 211,1670 229,1675 279,1675 296,1681 352,1681 370,1675 477,1675 496,1674 580,1674 598,1673 629,1673 648,1673 828,1673 828,1706 648,1706 629,1697 598,1697 580,1705 496,1705 477,1706 370,1706 352,1699 296,1699 279,1697 229,1697 211,1695 157,1695 157,1670"/>
<Baseline points="157,1695 211,1695 229,1697 279,1697 296,1699 352,1699 370,1706 477,1706 496,1705 580,1705 598,1697 629,1697 648,1706 828,1706"/>
<TextEquiv><Unicode>sind erst vom heiligen kriege ab glaubwürdig.</Unicode></TextEquiv>
</TextLine>

<TextLine id="line_37">
<Coords points="301,1715 345,1715 368,1717 422,1717 440,1717 520,1717 537,1721 632,1721 650,1716 754,1716 770,1723 820,1723 837,1716 946,1716 964,1716 1019,1716 1034,1716 1158,1716 1176,1716 1245,1716 1262,1718 1364,1718 1364,1742 1262,1742 1245,1741 1176,1741 1158,1752 1034,1752 1019,1741 964,1741 946,1740 837,1740 820,1740 770,1740 754,1746 650,1746 632,1747 537,1747 520,1741 440,1741 422,1741 368,1741 345,1740 301,1740 301,1715"/>
<Baseline points="301,1740 345,1740 368,1741 422,1741 440,1741 520,1741 537,1747 632,1747 650,1746 754,1746 770,1740 820,1740 837,1740 946,1740 964,1741 1019,1741 1034,1752 1158,1752 1176,1741 1245,1741 1262,1742 1364,1742"/>
<TextEquiv><Unicode>Die titel dieser ganzen gattung von büchern sind natürlich nicht authen-</Unicode></TextEquiv>
</TextLine>

<TextLine id="line_38">
<Coords points="159,1750 248,1750 271,1754 307,1754 330,1756 369,1756 391,1757 433,1757 450,1757 534,1757 552,1764 601,1764 619,1755 757,1755 775,1756 824,1756 842,1756 990,1756 1026,1753 1090,1753 1107,1757 1243,1757 1266,1755 1365,1755 1365,1789 1266,1789 1243,1789 1107,1789 1090,1790 1026,1790 990,1781 842,1781 824,1780 775,1780 757,1786 619,1786 601,1781 552,1781 534,1782 450,1782 433,1782 391,1782 369,1781 330,1781 307,1779 271,1779 248,1777 159,1777 159,1750"/>
<Baseline points="159,1777 248,1777 271,1779 307,1779 330,1781 369,1781 391,1782 433,1782 450,1782 534,1782 552,1781 601,1781 619,1786 757,1786 775,1780 824,1780 842,1781 990,1781 1026,1790 1090,1790 1107,1789 1243,1789 1266,1789 1365,1789"/>
<TextEquiv><Unicode>tischer als die der werke von Xenophon und Kleidemos. ὧϱοι Σιφνίων, Ἀτϑίς,</Unicode></TextEquiv>
</TextLine>

<TextLine id="line_39">
<Coords points="157,1785 258,1785 276,1794 421,1794 439,1796 590,1796 597,1817 603,1817 618,1796 731,1796 750,1798 816,1798 833,1799 915,1799 932,1797 987,1797 1005,1798 1073,1798 1092,1798 1186,1798 1204,1800 1262,1800 1280,1800 1366,1800 1366,1825 1280,1825 1262,1825 1204,1825 1186,1831 1092,1831 1073,1823 1005,1823 987,1822 932,1822 915,1821 833,1821 816,1821 750,1821 731,1827 618,1827 603,1828 597,1828 590,1829 439,1829 421,1829 276,1829 258,1824 157,1824 157,1785"/>
<Baseline points="157,1824 258,1824 276,1829 421,1829 439,1829 590,1829 597,1828 603,1828 618,1827 731,1827 750,1821 816,1821 833,1821 915,1821 932,1822 987,1822 1005,1823 1073,1823 1092,1831 1186,1831 1204,1825 1262,1825 1280,1825 1366,1825"/>
<TextEquiv><Unicode>Ἀττικὴ ξυγγϱαφή, Μιλησιακά, Ἰωνίας, Χίου κτίσις sind nicht falsch, aber darum</Unicode></TextEquiv>
</TextLine>

<TextLine id="line_40">
<Coords points="159,1829 279,1829 297,1836 365,1836 383,1846 432,1846 450,1839 496,1839 514,1839 652,1839 671,1838 791,1838 817,1839 907,1839 925,1839 1021,1839 1039,1847 1084,1847 1102,1840 1141,1840 1154,1841 1216,1841 1228,1843 1288,1843 1302,1842 1366,1842 1366,1865 1302,1865 1288,1875 1228,1875 1216,1870 1154,1870 1141,1865 1102,1865 1084,1864 1039,1864 1021,1864 925,1864 907,1870 817,1870 791,1870 671,1870 652,1864 514,1864 496,1863 450,1863 432,1863 383,1863 365,1861 297,1861 279,1857 159,1857 159,1829"/>
<Baseline points="159,1857 279,1857 297,1861 365,1861 383,1863 432,1863 450,1863 496,1863 514,1864 652,1864 671,1870 791,1870 817,1870 907,1870 925,1864 1021,1864 1039,1864 1084,1864 1102,1865 1141,1865 1154,1870 1216,1870 1228,1875 1288,1875 1302,1865 1366,1865"/>
<TextEquiv><Unicode>durchaus nicht von den verfassern gegeben. jünger scheint nur die form πεϱὶ Θεσ-</Unicode></TextEquiv>
</TextLine>

<TextLine id="line_41">
<Coords points="159,1869 295,1869 311,1884 334,1884 353,1877 402,1877 420,1887 451,1887 469,1880 529,1880 529,1905 469,1905 451,1904 420,1904 402,1909 353,1909 334,1901 311,1901 295,1904 159,1904 159,1869"/>
<Baseline points="159,1904 295,1904 311,1901 334,1901 353,1909 402,1909 420,1904 451,1904 469,1905 529,1905"/>
<TextEquiv><Unicode>σαλονίκης u. dgl. zu sein.</Unicode></TextEquiv>
</TextLine>

<TextLine id="line_42">
<Coords points="301,1915 418,1915 435,1920 502,1920 521,1923 560,1923 560,1946 521,1946 502,1946 435,1946 418,1943 301,1943 301,1915"/>
<Baseline points="301,1943 418,1943 435,1946 502,1946 521,1946 560,1946"/>
<TextEquiv><Unicode>Plutarch Erot. 17.</Unicode></TextEquiv>
</TextLine>

<TextLine id="line_43">
<Coords points="304,1955 420,1955 442,1968 485,1968 508,1962 563,1962 587,1962 717,1962 739,1962 781,1962 803,1963 910,1963 934,1964 958,1964 981,1963 1147,1963 1170,1964 1209,1964 1232,1961 1369,1961 1369,1995 1232,1995 1209,1988 1170,1988 1147,1996 981,1996 958,1988 934,1988 910,1989 803,1989 781,1988 739,1988 717,1994 587,1994 563,1987 508,1987 485,1986 442,1986 420,1984 304,1984 304,1955"/>
<Baseline points="304,1984 420,1984 442,1986 485,1986 508,1987 563,1987 587,1994 717,1994 739,1988 781,1988 803,1989 910,1989 934,1988 958,1988 981,1996 1147,1996 1170,1988 1209,1988 1232,1995 1369,1995"/>
<TextEquiv><Unicode>Urkunde aus dem heiligtum der Artemis in Amarynthos bei Apollodor</Unicode></TextEquiv>
</TextLine>

<TextLine id="line_44">
<Coords points="162,1987 252,1987 270,1995 335,1995 335,2027 270,2027 252,2017 162,2017 162,1987"/>
<Baseline points="162,2017 252,2017 270,2027 335,2027"/>
<TextEquiv><Unicode>(Strab. 448).</Unicode></TextEquiv>
</TextLine>

<TextLine id="line_45">
<Coords points="302,2035 455,2035 471,2043 505,2043 523,2045 585,2045 603,2045 643,2045 661,2045 781,2045 799,2046 842,2046 860,2046 1047,2046 1064,2046 1168,2046 1185,2043 1286,2043 1319,2039 1369,2039 1369,2065 1319,2065 1286,2068 1185,2068 1168,2075 1064,2075 1047,2071 860,2071 842,2071 799,2071 781,2071 661,2071 643,2070 603,2070 585,2069 523,2069 505,2068 471,2068 455,2066 302,2066 302,2035"/>
<Baseline points="302,2066 455,2066 471,2068 505,2068 523,2069 585,2069 603,2070 643,2070 661,2071 781,2071 799,2071 842,2071 860,2071 1047,2071 1064,2075 1168,2075 1185,2068 1286,2068 1319,2065 1369,2065"/>
<TextEquiv><Unicode>Uncivilisirt ist auch die südküste des korinthischen busens, Achaia. und</Unicode></TextEquiv>
</TextLine>

<TextLine id="line_46">
<Coords points="181,2071 217,2071 232,2069 275,2069 292,2075 359,2075 376,2080 464,2080 483,2083 522,2083 540,2085 589,2085 608,2085 650,2085 669,2086 818,2086 830,2085 972,2085 985,2086 1032,2086 1045,2084 1149,2084 1163,2084 1230,2084 1242,2085 1369,2085 1369,2106 1242,2106 1230,2108 1163,2108 1149,2110 1045,2110 1032,2111 985,2111 972,2117 830,2117 818,2118 669,2118 650,2111 608,2111 589,2110 540,2110 522,2108 483,2108 464,2106 376,2106 359,2102 292,2102 275,2096 232,2096 217,2089 181,2089 181,2071"/>
<Baseline points="181,2089 217,2089 232,2096 275,2096 292,2102 359,2102 376,2106 464,2106 483,2108 522,2108 540,2110 589,2110 608,2111 650,2111 669,2118 818,2118 830,2117 972,2117 985,2111 1032,2111 1045,2110 1149,2110 1163,2108 1230,2108 1242,2106 1369,2106"/>
<TextEquiv><Unicode>hier hat nicht einmal die zeit der politischen bedeutung den versuch einer stammes-</Unicode></TextEquiv>
</TextLine>

</TextRegion>
</Page>
</PcGts>