1600 2316
643 143 1035 176 II. 6. Trittyen und demen.
240 222 1451 260 schlechte der Eroiaden ist ein demos der Antiochis benannt, wodurch
240 271 1452 316 für die ansetzung des gleichnamigen der Hippothontis nichts gesagt ist;
240 320 1451 365 das geschlecht mochte in jeder beliebigen andern ecke des landes ein
240 368 1453 413 anderes landgut haben. so unerfreulich es ist, daſs die wichtige frage
240 417 1452 459 mit zuversicht nicht erledigt werden kann, bleibt es doch wahrscheinlich,
241 466 1453 507 daſs die zahlreichen gemeinden, die in dieser gegend der laureotischen
240 513 1390 556 halbinsel zur Antiochis gehören, teilweise ihrem landkreise zufallen.
324 563 1455 604 Nun endlich zu dem schwersten probleme, der Akamantis. auſser
241 612 1454 648 dem Kerameikos müssen wir zu dem stadtkreise noch Hermos rechnen,
241 661 1454 703 bestimmt an der heiligen straſse westlich von Lakiadai um den jetzigen
240 708 1455 750 bach von Chaidari, der nach Hermos hieſs, gelegen. auſserdem sind
241 760 1455 803 Eiresidai und Iphistiadai für den landkreis durch Platons testament ge-
240 805 1455 851 sichert, noch auf das linke Kephisosufer mindestens übergreifend, am
240 850 1456 901 wege nach Kephisia, also etwa wo jetzt die eisenbahn (station Arakli
242 899 1457 943 und vorher) läuft. der landkreis der Kekropis engt dieses stück durch
243 948 1456 994 Sypalettos und Athmonon von norden und osten ein, im nordwesten
243 997 1456 1041 drängt sich Acharnai heran, von süden die städtische provinz; nach westen
244 1047 1458 1091 allerdings kann noch ein kurzer streifen als frei gelten. ein anderes
243 1097 1456 1141 zusammenliegendes stück landes gehört im osten der Akamantis, Agnus
243 1149 1457 1194 Prospalta Kephale Sphettos, und stöſst mit Thorikos an das meer. so
242 1198 1459 1240 scheint es, und man weiſs dann wieder nicht, soll man diese landschaft,
243 1247 1457 1292 die zum teil ganz binnenländischen charakter trägt, um Thorikos’ willen
243 1296 1460 1336 zum küstenkreise machen, oder so entlegene stücke wie Agnus und
244 1345 1459 1381 Eiresidai zum landkreise vereinen. es kommt hinzu, daſs der küsten-
244 1390 1458 1429 kreis der Leontis sowol Potamos wie Sunion umfaſst, also entweder
245 1438 1458 1484 Thorikos von seinen nachbarn gleicher phyle, Prospalta Kephale, ab-
245 1486 1459 1533 drängt, doch nur durch einen schmalen streifen, wo es dann eine enclave
246 1534 1460 1580 wird, wie Azenia im küstenkreise der Antiochis, oder aber dem demos
246 1583 1458 1629 Thorikos die küstenqualität nimmt, indem etwa die dem burgberge von
240 147 298 174 158
91 579 223 599 Akamantis.
401 1671 1461 1707 Dies eröffnet eine columne in dem verstümmelten prytanenverzeichnis
246 1722 339 1749 II 867.
392 1750 1466 1787 Brückner Mitt. Ath. XVI 200. für die kreisteilung kommt nichts wesent-
249 1791 1461 1832 liches darauf an, ob Milchhöfer mit der bestreitung dieses ansatzes recht hat; er
249 1830 1461 1869 hat einige beachtenswerte einwände erhoben. — entweder in die umgegend von
249 1872 1461 1909 Agnus oder in die von Eiresidai gehört Kikynna: also hat es mit Kynnes nichts
250 1912 1462 1948 zu tun. die darauf gerichtete vermutung von Kirchner (Att. et Peloponn. 52) ist
251 1950 1461 1988 auch an sich falsch, erstens weil Kynnes nach Ἁλαὶ Αἰξωνίδες gehört, nicht nach
250 1992 1462 2029 Κίκυννα, zweitens weil zwar Κύννης und Κίκυννα mit κύων verbunden werden
249 2034 1461 2071 können, aber wenn sie mit einander zusammenhiengen, würde nicht bloſs eines von
249 2078 579 2113 beiden reduplicirt sein.
