1600 2468
250 251 1505 296 Attiker: Aristides sagte es, daſs ers besser könnte, und Lukian war zum
249 300 1503 349 sagen zu klug, aber er glaubte es auch. an den verächtlichen siegespreis,
250 350 1501 399 ein erlognes attisch zu reden, sich seinem eignen volkstum zu entfremden,
249 393 1502 443 in den wolken zu leben, setzte man sauren schweiſs, jahrelange arbeit,
249 452 1500 499 beständigen training. und diesem niedern zwecke zu dienen, spannte
249 501 1499 549 sich auch die grammatik ins joch: mag es auch mancher nicht eingestehen,
249 550 1501 601 die grammatische arbeit des 2. jahrhunderts ist im grunde nichts als
335 652 1499 699 Was diesen praktischen zwecken dienen kann, das wird eifrig fort-
248 702 1498 743 studirt. nicht bloſs die redner in der ausdehnung, welche der per-
248 752 1499 802 gamenische kanon festgestellt hatte, sondern auch andere brauchbar
249 803 1497 846 erscheinende schriftsteller, wie Xenophon und die anderen nicht gar zu
248 853 1499 904 philosophischen Sokratiker: selbst Phaidon ist bis in das 4. jahrhundert
249 904 1496 953 erhalten geblieben . Kritias hat sich eben so lange gehalten, nachdem
191 953 1497 996 ihn die laune der archaisten entdeckt hatte. und da diese ihre experi-
237 1004 1497 1047 mente bis zum ionisch schreiben steigerten, so erhielt selbst Hekataios
250 1054 1497 1100 eine stilistische würdigung durch Hermogenes und sein geographisches
249 1105 1494 1151 werk ist noch in frühbyzantinischer zeit gelesen ; auch die ionischen
249 1154 1495 1207 mythographen, Akusilaos und Pherekydes, haben keinesweges bloſs in
250 1205 1496 1257 excerpten gelebt . vollends die komödie war die ergiebigste fundgrube
250 1255 1495 1301 des archaisten, und keinesweges bloſs Menander, der bis über Iustinian
239 1298 1496 1349 hinaus bekannt blieb, sondern selbst andere alte komiker als Aristophanes
250 1353 1496 1400 haben noch leuten wie Libanius und Synesius vorgelegen. Galen schreibt
250 1403 1496 1456 seine tragikercitate aus glossaren und philosophischen tractaten ab: über
250 1457 1494 1502 die komödie hat er specialarbeiten verfaſst. es war so ziemlich der ganze
251 1504 1492 1556 nachlaſs der μέση und νέα, den Athenaeus selbst excerpirt hat: derselbe,
250 1555 1492 1605 der keine einzige tragödie, kein lyrisches gedicht aus eignen mitteln citirt.
250 1603 1493 1651 wozu sollte man auch diese gedichte lesen, die man nicht copiren wollte?
250 1655 1492 1707 den sagenstoff, so weit man ihn für die allgemeine bildung brauchte,
250 1706 1492 1750 lieferten die handbücher, und die vocabeln konnte man nicht brauchen.
336 1754 1493 1801 Poesie ward freilich auch noch producirt, massenhaft sogar, während
252 175 313 204 176
654 170 1091 202 Geschichte des tragikertextes.
410 1830 1492 1875 Synesius (Dion. 17, p. 297 Krab.) nennt unter einer langen reihe von situa-
248 1869 1491 1916 tionen die er platonischen dialogen entnimmt auch οὐδὲ Σίμων ὁ σκυτεὺς πάνυ τι
248 1912 1491 1961 συγχωρεῖν ἠξίου Σωκράτει, ἀλλ̕ ἐπράττετο λόγον έκάστου λόγου, notwendigerweise
248 1954 1491 2000 mit beziehung auf einen dialog, der dann Phaidons Simon war, den Iulian noch
248 2005 745 2043 gelesen hat. vgl. Herm. XIV 476.
407 2038 1490 2083 Stephanus von Byzanz hat ihn selbst ausgezogen, Niese de Steph. Byz.
247 2095 371 2119 auct. 13.
408 2121 1490 2164 Das beweisen lange wörtliche den ionismus bewahrende stücke in den
246 2164 1489 2208 scholien zur Odyssee (z. b. λ 287, 321) Pindar (P. 4, 133) Apollonios (4, 1396, 1515).
