<?xml version="1.0" encoding="UTF-8"?>
<PcGts xmlns="http://schema.primaresearch.org/PAGE/gts/pagecontent/2019-07-15" xmlns:xsi="http://www.w3.org/2001/XMLSchema-instance" xsi:schemaLocation="http://schema.primaresearch.org/PAGE/gts/pagecontent/2019-07-15 http://schema.primaresearch.org/PAGE/gts/pagecontent/2019-07-15/pagecontent.xsd">
<Metadata>
<Creator>regJS2PAGE.py</Creator>
<Created>2021-02-16T11:01:54.820816</Created>
<LastChange>2021-02-16T11:01:54.820816</LastChange>
</Metadata>
<Page imageFilename="tmp/wilamowitz_aristoteles02_1893_0152.png" imageWidth="1600" imageHeight="2316">
<TextRegion id="block_0" custom="structure {type:body;}">
<Coords points="248,224 248,264 247,273 247,309 246,322 246,361 246,371 246,408 246,419 246,457 246,468 246,508 246,515 246,555 248,565 248,604 247,614 247,654 247,664 247,702 247,712 247,752 246,761 246,801 245,811 245,840 245,854 331,854 331,891 331,902 243,902 243,943 248,951 248,990 248,1000 248,1039 251,1048 251,1086 250,1099 250,1138 248,1150 248,1190 248,1201 248,1232 247,1250 247,1291 248,1299 248,1340 248,1347 248,1389 250,1394 250,1433 251,1441 251,1484 249,1489 249,1535 250,1537 250,1578 251,1585 251,1631 249,1635 249,1677 249,1683 249,1729 242,1732 242,1778 251,1779 251,1822 250,1827 250,1868 251,1877 251,1917 1459,1917 1459,1877 1459,1868 1459,1827 1458,1822 1458,1779 1458,1778 1458,1732 1459,1729 1459,1683 1457,1677 1457,1635 1458,1631 1458,1585 1456,1578 1456,1537 1456,1535 1456,1489 1456,1484 1456,1441 1458,1433 1458,1394 1457,1389 1457,1347 1459,1340 1459,1299 1458,1291 1458,1250 1457,1232 1457,1201 1457,1190 1457,1150 1456,1138 1456,1099 1457,1086 1457,1048 1457,1039 1457,1000 1454,990 1454,951 1456,943 1456,902 1457,891 1457,854 474,854 474,840 474,811 1456,811 1456,801 1456,761 1454,752 1454,712 1454,702 1454,664 1454,654 1454,614 1454,604 1454,565 1454,555 1454,515 1454,508 1454,468 1454,457 1454,419 1454,408 1454,371 1451,361 1451,322 1453,309 1453,273 1452,264 1452,224 248,224"/>
<TextLine id="line_0">
<Coords points="248,225 384,225 426,227 476,227 504,227 613,227 636,224 729,224 750,224 804,224 827,226 933,226 955,227 1020,227 1043,226 1087,226 1111,225 1272,225 1295,225 1355,225 1377,224 1452,224 1452,253 1377,253 1355,254 1295,254 1272,261 1111,261 1087,254 1043,254 1020,255 955,255 933,264 827,264 804,254 750,254 729,253 636,253 613,264 504,264 476,256 426,256 384,263 248,263 248,225"/>
<Baseline points="248,263 384,263 426,256 476,256 504,264 613,264 636,253 729,253 750,254 804,254 827,264 933,264 955,255 1020,255 1043,254 1087,254 1111,261 1272,261 1295,254 1355,254 1377,253 1452,253"/>
<TextEquiv><Unicode>gänzlich. das einzige auſser den phylen sind die Kodriden, und diese</Unicode></TextEquiv>
</TextLine>

<TextLine id="line_1">
<Coords points="247,275 310,275 332,276 361,276 384,276 475,276 500,276 572,276 596,283 628,283 650,273 791,273 811,275 864,275 886,276 937,276 961,276 1019,276 1042,276 1120,276 1141,275 1241,275 1280,274 1370,274 1393,273 1453,273 1453,302 1393,302 1370,309 1280,309 1241,304 1141,304 1120,304 1042,304 1019,304 961,304 937,304 886,304 864,304 811,304 791,303 650,303 628,303 596,303 572,305 500,305 475,305 384,305 361,304 332,304 310,304 247,304 247,275"/>
<Baseline points="247,304 310,304 332,304 361,304 384,305 475,305 500,305 572,305 596,303 628,303 650,303 791,303 811,304 864,304 886,304 937,304 961,304 1019,304 1042,304 1120,304 1141,304 1241,304 1280,309 1370,309 1393,302 1453,302"/>
<TextEquiv><Unicode>sind in Athen eben so secundär wie Ion und seine söhne. dafür, daſs</Unicode></TextEquiv>
</TextLine>

<TextLine id="line_2">
<Coords points="246,324 556,324 576,322 637,322 658,330 746,330 767,324 857,324 879,324 908,324 931,323 1032,323 1055,324 1114,324 1137,332 1187,332 1209,323 1294,323 1316,323 1374,323 1396,331 1451,331 1451,349 1396,349 1374,351 1316,351 1294,360 1209,360 1187,352 1137,352 1114,352 1055,352 1032,352 931,352 908,351 879,351 857,351 767,351 746,357 658,357 637,350 576,350 556,361 246,361 246,324"/>
<Baseline points="246,361 556,361 576,350 637,350 658,357 746,357 767,351 857,351 879,351 908,351 931,352 1032,352 1055,352 1114,352 1137,352 1187,352 1209,360 1294,360 1316,351 1374,351 1396,349 1451,349"/>
<TextEquiv><Unicode>fürstengeschlechter und ganze städte in Ionien sich aus Pylos und von</Unicode></TextEquiv>
</TextLine>

<TextLine id="line_3">
<Coords points="246,373 300,373 330,373 447,373 476,371 630,371 662,371 720,371 748,371 777,371 801,372 892,372 923,371 1044,371 1074,371 1283,371 1317,371 1454,371 1454,399 1317,399 1283,408 1074,408 1044,399 923,399 892,400 801,400 777,399 748,399 720,398 662,398 630,401 476,401 447,401 330,401 300,401 246,401 246,373"/>
<Baseline points="246,401 300,401 330,401 447,401 476,401 630,401 662,398 720,398 748,399 777,399 801,400 892,400 923,399 1044,399 1074,408 1283,408 1317,399 1454,399"/>
<TextEquiv><Unicode>den Neliden herleiten, und in Athen manche geschlechter, darunter</Unicode></TextEquiv>
</TextLine>

<TextLine id="line_4">
<Coords points="246,423 294,423 316,422 367,422 389,420 588,420 618,419 745,419 772,425 841,425 871,420 946,420 974,420 1126,420 1148,420 1194,420 1217,419 1454,419 1454,457 1217,457 1194,448 1148,448 1126,457 974,457 946,448 871,448 841,455 772,455 745,449 618,449 588,453 389,453 367,450 316,450 294,451 246,451 246,423"/>
<Baseline points="246,451 294,451 316,450 367,450 389,453 588,453 618,449 745,449 772,455 841,455 871,448 946,448 974,457 1126,457 1148,448 1194,448 1217,457 1454,457"/>
<TextEquiv><Unicode>das der Medontiden, dasselbe tun, muſs allerdings ein geschichtlicher</Unicode></TextEquiv>
</TextLine>

<TextLine id="line_5">
<Coords points="246,471 335,471 357,469 478,469 500,468 624,468 660,477 742,477 768,479 797,479 819,470 928,470 950,469 999,469 1022,477 1056,477 1078,468 1175,468 1198,469 1269,469 1291,469 1337,469 1358,468 1454,468 1454,496 1358,496 1337,496 1291,496 1269,504 1198,504 1175,496 1078,496 1056,497 1022,497 999,497 950,497 928,508 819,508 797,499 768,499 742,498 660,498 624,496 500,496 478,508 357,508 335,499 246,499 246,471"/>
<Baseline points="246,499 335,499 357,508 478,508 500,496 624,496 660,498 742,498 768,499 797,499 819,508 928,508 950,497 999,497 1022,497 1056,497 1078,496 1175,496 1198,504 1269,504 1291,496 1337,496 1358,496 1454,496"/>
<TextEquiv><Unicode>anlaſs gesucht werden. wenn es gelingt ihn zu finden (und ich meine</Unicode></TextEquiv>
</TextLine>

<TextLine id="line_6">
<Coords points="246,520 295,520 319,519 348,519 371,519 423,519 441,516 626,516 648,517 697,517 719,519 826,519 850,517 1043,517 1064,526 1114,526 1136,517 1199,517 1221,517 1381,517 1404,515 1454,515 1454,544 1404,544 1381,545 1221,545 1199,545 1136,545 1114,546 1064,546 1043,555 850,555 826,548 719,548 697,546 648,546 626,554 441,554 423,546 371,546 348,547 319,547 295,548 246,548 246,520"/>
<Baseline points="246,548 295,548 319,547 348,547 371,546 423,546 441,554 626,554 648,546 697,546 719,548 826,548 850,555 1043,555 1064,546 1114,546 1136,545 1199,545 1221,545 1381,545 1404,544 1454,544"/>
<TextEquiv><Unicode>ihn in der vertreibung der älteren bevölkerung aus dem südwesten des</Unicode></TextEquiv>
</TextLine>

<TextLine id="line_7">
<Coords points="248,568 461,568 477,565 566,565 584,566 742,566 759,568 818,568 834,568 918,568 932,578 965,578 982,568 1090,568 1112,576 1143,576 1159,566 1229,566 1245,565 1370,565 1386,565 1454,565 1454,594 1386,594 1370,594 1245,594 1229,594 1159,594 1143,595 1112,595 1090,603 982,603 965,596 932,596 918,597 834,597 818,597 759,597 742,604 584,604 566,594 477,594 461,604 248,604 248,568"/>
<Baseline points="248,604 461,604 477,594 566,594 584,604 742,604 759,597 818,597 834,597 918,597 932,596 965,596 982,603 1090,603 1112,595 1143,595 1159,594 1229,594 1245,594 1370,594 1386,594 1454,594"/>
<TextEquiv><Unicode>Peloponneses durch Spartiaten und Eleer zu sehen), so wird dadurch viel-</Unicode></TextEquiv>
</TextLine>

<TextLine id="line_8">
<Coords points="247,614 333,614 354,623 437,623 460,614 504,614 528,615 657,615 679,617 773,617 796,617 842,617 864,617 907,617 931,617 1106,617 1128,616 1178,616 1203,615 1311,615 1334,615 1454,615 1454,653 1334,653 1311,644 1203,644 1178,644 1128,644 1106,654 931,654 907,645 864,645 842,645 796,645 773,645 679,645 657,645 528,645 504,643 460,643 437,652 354,652 333,643 247,643 247,614"/>
<Baseline points="247,643 333,643 354,652 437,652 460,643 504,643 528,645 657,645 679,645 773,645 796,645 842,645 864,645 907,645 931,654 1106,654 1128,644 1178,644 1203,644 1311,644 1334,653 1454,653"/>
<TextEquiv><Unicode>leicht sogar ein relatives datum für die einführung der älteren phylen-</Unicode></TextEquiv>
</TextLine>

<TextLine id="line_9">
<Coords points="247,664 381,664 409,665 438,665 461,664 553,664 576,666 711,666 733,667 856,667 899,666 962,666 984,665 1160,665 1183,665 1227,665 1250,665 1324,665 1346,664 1454,664 1454,696 1346,696 1324,693 1250,693 1227,693 1183,693 1160,694 984,694 962,694 899,694 856,694 733,694 711,695 576,695 553,693 461,693 438,693 409,693 381,702 247,702 247,664"/>
<Baseline points="247,702 381,702 409,693 438,693 461,693 553,693 576,695 711,695 733,694 856,694 899,694 962,694 984,694 1160,694 1183,693 1227,693 1250,693 1324,693 1346,696 1454,696"/>
<TextEquiv><Unicode>ordnung in Athen ermittelt werden. hier beschränke ich mich darauf,</Unicode></TextEquiv>
</TextLine>

<TextLine id="line_10">
<Coords points="247,713 291,713 314,714 469,714 491,715 677,715 703,715 748,715 776,715 820,715 843,714 1085,714 1106,714 1165,714 1187,713 1231,713 1253,712 1382,712 1405,712 1454,712 1454,740 1405,740 1382,741 1253,741 1231,741 1187,741 1165,741 1106,741 1085,752 843,752 820,743 776,743 748,743 703,743 677,752 491,752 469,752 314,752 291,742 247,742 247,713"/>
<Baseline points="247,742 291,742 314,752 469,752 491,752 677,752 703,743 748,743 776,743 820,743 843,752 1085,752 1106,741 1165,741 1187,741 1231,741 1253,741 1382,741 1405,740 1454,740"/>
<TextEquiv><Unicode>die hypothese vorzulegen, die die phylenordnung und die ionische ab-</Unicode></TextEquiv>
</TextLine>

<TextLine id="line_11">
<Coords points="246,767 408,767 436,764 485,764 507,763 634,763 660,764 788,764 816,763 867,763 895,764 945,764 973,762 1158,762 1185,762 1384,762 1406,761 1456,761 1456,788 1406,788 1384,796 1185,796 1158,791 973,791 945,791 895,791 867,791 816,791 788,801 660,801 634,792 507,792 485,792 436,792 408,800 246,800 246,767"/>
<Baseline points="246,800 408,800 436,792 485,792 507,792 634,792 660,801 788,801 816,791 867,791 895,791 945,791 973,791 1158,791 1185,796 1384,796 1406,788 1456,788"/>
<TextEquiv><Unicode>stammung der Athener zugleich mit der athenischen abstammung der</Unicode></TextEquiv>
</TextLine>

<TextLine id="line_12">
<Coords points="245,811 341,811 362,811 474,811 474,840 362,840 341,840 245,840 245,811"/>
<Baseline points="245,840 341,840 362,840 474,840"/>
<TextEquiv><Unicode>Ionier erklärt.</Unicode></TextEquiv>
</TextLine>

<TextLine id="line_13">
<Coords points="331,860 384,860 407,860 529,860 550,859 586,859 607,859 652,859 674,862 798,862 818,858 867,858 887,857 936,857 950,856 1104,856 1126,855 1175,855 1197,854 1391,854 1406,855 1457,855 1457,885 1406,885 1391,891 1197,891 1175,883 1126,883 1104,884 950,884 936,884 887,884 867,885 818,885 798,886 674,886 652,886 607,886 586,887 550,887 529,887 407,887 384,887 331,887 331,860"/>
<Baseline points="331,887 384,887 407,887 529,887 550,887 586,887 607,886 652,886 674,886 798,886 818,885 867,885 887,884 936,884 950,884 1104,884 1126,883 1175,883 1197,891 1391,891 1406,885 1457,885"/>
<TextEquiv><Unicode>Ein corollar ist die antwort auf das verhältnis des geschlechtes der</Unicode></TextEquiv>
</TextLine>

<TextLine id="line_14">
<Coords points="243,902 399,902 428,907 477,907 498,915 549,915 571,907 622,907 649,905 773,905 803,904 852,904 883,913 915,913 942,904 1107,904 1135,902 1232,902 1260,911 1302,911 1325,903 1456,903 1456,935 1325,935 1302,931 1260,931 1232,930 1135,930 1107,931 942,931 915,932 883,932 852,932 803,932 773,933 649,933 622,934 571,934 549,934 498,934 477,934 428,934 399,943 243,943 243,902"/>
<Baseline points="243,943 399,943 428,934 477,934 498,934 549,934 571,934 622,934 649,933 773,933 803,932 852,932 883,932 915,932 942,931 1107,931 1135,930 1232,930 1260,931 1302,931 1325,935 1456,935"/>
<TextEquiv><Unicode>Ἰωνίδαι, das aus der existenz des so benannten demos am Brilettos</Unicode></TextEquiv>
</TextLine>

<TextLine id="line_15">
<Coords points="248,954 329,954 372,954 449,954 475,954 576,954 599,953 661,953 683,953 754,953 775,953 865,953 887,952 931,952 954,951 1122,951 1144,951 1195,951 1216,951 1454,951 1454,983 1216,983 1195,978 1144,978 1122,979 954,979 931,980 887,980 865,980 775,980 754,980 683,980 661,990 599,990 576,981 475,981 449,981 372,981 329,990 248,990 248,954"/>
<Baseline points="248,990 329,990 372,981 449,981 475,981 576,981 599,990 661,990 683,980 754,980 775,980 865,980 887,980 931,980 954,979 1122,979 1144,978 1195,978 1216,983 1454,983"/>
<TextEquiv><Unicode>folgt. denn dessen lage wird durch die erkenntnis der kleisthenischen</Unicode></TextEquiv>
</TextLine>

<TextLine id="line_16">
<Coords points="248,1002 436,1002 465,1001 549,1001 578,1001 629,1001 647,1001 771,1001 786,1001 834,1001 856,1000 1050,1000 1065,1008 1123,1008 1144,1000 1215,1000 1239,1000 1287,1000 1310,1001 1457,1001 1457,1039 1310,1039 1287,1029 1239,1029 1215,1028 1144,1028 1123,1028 1065,1028 1050,1038 856,1038 834,1029 786,1029 771,1029 647,1029 629,1029 578,1029 549,1029 465,1029 436,1038 248,1038 248,1002"/>
<Baseline points="248,1038 436,1038 465,1029 549,1029 578,1029 629,1029 647,1029 771,1029 786,1029 834,1029 856,1038 1050,1038 1065,1028 1123,1028 1144,1028 1215,1028 1239,1029 1287,1029 1310,1039 1457,1039"/>
<TextEquiv><Unicode>kreisteilung fixirt. der ahnherr des geschlechtes war sohn des Gargettos</Unicode></TextEquiv>
</TextLine>

<TextLine id="line_17">
<Coords points="251,1051 343,1051 366,1050 401,1050 424,1051 472,1051 497,1052 540,1052 570,1050 628,1050 656,1059 740,1059 772,1050 816,1050 845,1050 917,1050 946,1050 973,1050 998,1048 1056,1048 1084,1050 1134,1050 1162,1049 1267,1049 1291,1050 1457,1050 1457,1079 1291,1079 1267,1078 1162,1078 1134,1078 1084,1078 1056,1078 998,1078 973,1078 946,1078 917,1079 845,1079 816,1079 772,1079 740,1079 656,1079 628,1079 570,1079 540,1086 497,1086 472,1085 424,1085 401,1078 366,1078 343,1086 251,1086 251,1051"/>
<Baseline points="251,1086 343,1086 366,1078 401,1078 424,1085 472,1085 497,1086 540,1086 570,1079 628,1079 656,1079 740,1079 772,1079 816,1079 845,1079 917,1079 946,1078 973,1078 998,1078 1056,1078 1084,1078 1134,1078 1162,1078 1267,1078 1291,1079 1457,1079"/>
<TextEquiv><Unicode>(Paus. VI 22, 7), und wenn ein local in Elis mit diesem verbunden</Unicode></TextEquiv>
</TextLine>

<TextLine id="line_18">
<Coords points="250,1100 327,1100 351,1110 382,1110 405,1101 452,1101 473,1100 523,1100 545,1100 668,1100 690,1100 781,1100 801,1099 978,1099 994,1100 1045,1100 1060,1099 1238,1099 1253,1108 1307,1108 1324,1100 1374,1100 1392,1100 1456,1100 1456,1128 1392,1128 1374,1128 1324,1128 1307,1128 1253,1128 1238,1137 1060,1137 1045,1128 994,1128 978,1138 801,1138 781,1130 690,1130 668,1129 545,1129 523,1129 473,1129 452,1129 405,1129 382,1130 351,1130 327,1136 250,1136 250,1100"/>
<Baseline points="250,1136 327,1136 351,1130 382,1130 405,1129 452,1129 473,1129 523,1129 545,1129 668,1129 690,1130 781,1130 801,1138 978,1138 994,1128 1045,1128 1060,1137 1238,1137 1253,1128 1307,1128 1324,1128 1374,1128 1392,1128 1456,1128"/>
<TextEquiv><Unicode>wird, so hat der urheber dieser verbindung mit überlegung von Ion dem</Unicode></TextEquiv>
</TextLine>

<TextLine id="line_19">
<Coords points="248,1152 392,1152 416,1151 484,1151 505,1151 632,1151 653,1151 824,1151 869,1151 918,1151 942,1150 986,1150 1016,1150 1157,1150 1187,1160 1240,1160 1271,1160 1373,1160 1398,1151 1457,1151 1457,1180 1398,1180 1373,1180 1271,1180 1240,1179 1187,1179 1157,1189 1016,1189 986,1180 942,1180 918,1180 869,1180 824,1190 653,1190 632,1181 505,1181 484,1180 416,1180 392,1181 248,1181 248,1152"/>
<Baseline points="248,1181 392,1181 416,1180 484,1180 505,1181 632,1181 653,1190 824,1190 869,1180 918,1180 942,1180 986,1180 1016,1189 1157,1189 1187,1179 1240,1179 1271,1180 1373,1180 1398,1180 1457,1180"/>
<TextEquiv><Unicode>ahnherrn aller Athener abgesehen. auf die anklänge von namen und</Unicode></TextEquiv>
</TextLine>

<TextLine id="line_20">
<Coords points="248,1202 420,1202 452,1202 480,1202 504,1202 562,1202 590,1203 647,1203 671,1202 763,1202 791,1202 839,1202 866,1210 930,1210 955,1201 1004,1201 1026,1201 1106,1201 1127,1201 1155,1201 1179,1201 1278,1201 1300,1201 1354,1201 1377,1201 1457,1201 1457,1228 1377,1228 1354,1229 1300,1229 1278,1229 1179,1229 1155,1229 1127,1229 1106,1230 1026,1230 1004,1230 955,1230 930,1230 866,1230 839,1230 791,1230 763,1231 671,1231 647,1231 590,1231 562,1232 504,1232 480,1231 452,1231 420,1231 248,1231 248,1202"/>
<Baseline points="248,1231 420,1231 452,1231 480,1231 504,1232 562,1232 590,1231 647,1231 671,1231 763,1231 791,1230 839,1230 866,1230 930,1230 955,1230 1004,1230 1026,1230 1106,1230 1127,1229 1155,1229 1179,1229 1278,1229 1300,1229 1354,1229 1377,1228 1457,1228"/>
<TextEquiv><Unicode>traditionen in Elis und Attika hat man mit recht in letzter zeit mehr</Unicode></TextEquiv>
</TextLine>

<TextLine id="line_21">
<Coords points="247,1253 436,1253 459,1263 489,1263 511,1253 546,1253 568,1253 635,1253 657,1253 710,1253 732,1252 864,1252 887,1251 946,1251 968,1251 1094,1251 1111,1250 1230,1250 1254,1259 1304,1259 1326,1250 1388,1250 1405,1250 1458,1250 1458,1278 1405,1278 1388,1278 1326,1278 1304,1278 1254,1278 1230,1279 1111,1279 1094,1280 968,1280 946,1281 887,1281 864,1289 732,1289 710,1281 657,1281 635,1282 568,1282 546,1282 511,1282 489,1282 459,1282 436,1291 247,1291 247,1253"/>
<Baseline points="247,1291 436,1291 459,1282 489,1282 511,1282 546,1282 568,1282 635,1282 657,1281 710,1281 732,1289 864,1289 887,1281 946,1281 968,1280 1094,1280 1111,1279 1230,1279 1254,1278 1304,1278 1326,1278 1388,1278 1405,1278 1458,1278"/>
<TextEquiv><Unicode>geachtet ; es ist sehr wol möglich, daſs wirklich Ioniden aus dem Pe-</Unicode></TextEquiv>
</TextLine>

<TextLine id="line_22">
<Coords points="248,1303 390,1303 413,1303 485,1303 503,1303 593,1303 617,1302 831,1302 853,1301 926,1301 942,1301 982,1301 1005,1301 1048,1301 1064,1300 1149,1300 1171,1300 1258,1300 1281,1308 1314,1308 1334,1299 1459,1299 1459,1336 1334,1336 1314,1327 1281,1327 1258,1328 1171,1328 1149,1328 1064,1328 1048,1329 1005,1329 982,1329 942,1329 926,1336 853,1336 831,1340 617,1340 593,1331 503,1331 485,1331 413,1331 390,1339 248,1339 248,1303"/>
<Baseline points="248,1339 390,1339 413,1331 485,1331 503,1331 593,1331 617,1340 831,1340 853,1336 926,1336 942,1329 982,1329 1005,1329 1048,1329 1064,1328 1149,1328 1171,1328 1258,1328 1281,1327 1314,1327 1334,1336 1459,1336"/>
<TextEquiv><Unicode>loponnes nach Athen ausgewandert sind, als die Eleer ihnen zu mächtig</Unicode></TextEquiv>
</TextLine>

<TextLine id="line_23">
<Coords points="248,1351 376,1351 413,1351 457,1351 474,1352 575,1352 591,1351 687,1351 707,1352 767,1352 782,1351 826,1351 843,1350 938,1350 960,1350 1040,1350 1065,1358 1167,1358 1191,1357 1235,1357 1257,1347 1360,1347 1384,1347 1457,1347 1457,1375 1384,1375 1360,1375 1257,1375 1235,1376 1191,1376 1167,1377 1065,1377 1040,1378 960,1378 938,1379 843,1379 826,1380 782,1380 767,1380 707,1380 687,1387 591,1387 575,1389 474,1389 457,1380 413,1380 376,1380 248,1380 248,1351"/>
<Baseline points="248,1380 376,1380 413,1380 457,1380 474,1389 575,1389 591,1387 687,1387 707,1380 767,1380 782,1380 826,1380 843,1379 938,1379 960,1378 1040,1378 1065,1377 1167,1377 1191,1376 1235,1376 1257,1375 1360,1375 1384,1375 1457,1375"/>
<TextEquiv><Unicode>wurden. ich glaube selbst, daſs die Ionier ihren namen am letzten ende</Unicode></TextEquiv>
</TextLine>

<TextLine id="line_24">
<Coords points="250,1398 342,1398 364,1400 577,1400 601,1405 718,1405 740,1400 917,1400 948,1399 997,1399 1020,1398 1093,1398 1121,1397 1150,1397 1170,1395 1255,1395 1276,1394 1387,1394 1410,1395 1458,1395 1458,1424 1410,1424 1387,1430 1276,1430 1255,1431 1170,1431 1150,1424 1121,1424 1093,1426 1020,1426 997,1426 948,1426 917,1433 740,1433 718,1429 601,1429 577,1429 364,1429 342,1426 250,1426 250,1398"/>
<Baseline points="250,1426 342,1426 364,1429 577,1429 601,1429 718,1429 740,1433 917,1433 948,1426 997,1426 1020,1426 1093,1426 1121,1424 1150,1424 1170,1431 1255,1431 1276,1430 1387,1430 1410,1424 1458,1424"/>
<TextEquiv><Unicode>einem verschollenen stamme verdanken, der eben in jener gegend des</Unicode></TextEquiv>
</TextLine>

<TextLine id="line_25">
<Coords points="251,1445 463,1445 475,1448 533,1448 548,1448 576,1448 594,1449 656,1449 673,1457 775,1457 792,1448 841,1448 856,1446 1052,1446 1067,1445 1116,1445 1128,1442 1247,1442 1260,1441 1338,1441 1351,1450 1456,1450 1456,1479 1351,1479 1338,1469 1260,1469 1247,1471 1128,1471 1116,1472 1067,1472 1052,1484 856,1484 841,1476 792,1476 775,1477 673,1477 656,1476 594,1476 576,1476 548,1476 533,1475 475,1475 463,1483 251,1483 251,1445"/>
<Baseline points="251,1483 463,1483 475,1475 533,1475 548,1476 576,1476 594,1476 656,1476 673,1477 775,1477 792,1476 841,1476 856,1484 1052,1484 1067,1472 1116,1472 1128,1471 1247,1471 1260,1469 1338,1469 1351,1479 1456,1479"/>
<TextEquiv><Unicode>Peloponneses und in dem namen des geschlechtes der Ioniden seine spuren</Unicode></TextEquiv>
</TextLine>

<TextLine id="line_26">
<Coords points="249,1494 438,1494 460,1496 522,1496 546,1496 614,1496 635,1497 683,1497 704,1497 771,1497 789,1496 910,1496 932,1495 983,1495 1004,1491 1175,1491 1198,1489 1243,1489 1258,1489 1305,1489 1320,1489 1410,1489 1427,1493 1456,1493 1456,1522 1427,1522 1410,1520 1320,1520 1305,1517 1258,1517 1243,1516 1198,1516 1175,1530 1004,1530 983,1523 932,1523 910,1535 789,1535 771,1535 704,1535 683,1526 635,1526 614,1525 546,1525 522,1532 460,1532 438,1523 249,1523 249,1494"/>
<Baseline points="249,1523 438,1523 460,1532 522,1532 546,1525 614,1525 635,1526 683,1526 704,1535 771,1535 789,1535 910,1535 932,1523 983,1523 1004,1530 1175,1530 1198,1516 1243,1516 1258,1517 1305,1517 1320,1520 1410,1520 1427,1522 1456,1522"/>
<TextEquiv><Unicode>hinterlassen hat; aber das liegt jenseits der geschichte, die für Athen in</Unicode></TextEquiv>
</TextLine>

<TextLine id="line_27">
<Coords points="250,1543 379,1543 408,1544 524,1544 568,1545 615,1545 641,1546 681,1546 710,1546 774,1546 795,1546 846,1546 873,1545 945,1545 968,1543 1018,1543 1040,1538 1150,1538 1173,1537 1241,1537 1263,1537 1313,1537 1335,1541 1456,1541 1456,1578 1335,1578 1313,1567 1263,1567 1241,1565 1173,1565 1150,1567 1040,1567 1018,1571 968,1571 945,1574 873,1574 846,1574 795,1574 774,1575 710,1575 681,1574 641,1574 615,1573 568,1573 524,1573 408,1573 379,1573 250,1573 250,1543"/>
<Baseline points="250,1573 379,1573 408,1573 524,1573 568,1573 615,1573 641,1574 681,1574 710,1575 774,1575 795,1574 846,1574 873,1574 945,1574 968,1571 1018,1571 1040,1567 1150,1567 1173,1565 1241,1565 1263,1567 1313,1567 1335,1578 1456,1578"/>
<TextEquiv><Unicode>betracht kommt. für sie sind der sohn des Xuthos oder des Apollon</Unicode></TextEquiv>
</TextLine>

<TextLine id="line_28">
<Coords points="251,1594 307,1594 331,1594 381,1594 403,1593 474,1593 492,1593 540,1593 556,1593 704,1593 726,1595 793,1595 816,1601 971,1601 989,1589 1034,1589 1056,1585 1194,1585 1210,1587 1302,1587 1318,1591 1458,1591 1458,1628 1318,1628 1302,1617 1210,1617 1194,1614 1056,1614 1034,1617 989,1617 971,1631 816,1631 793,1622 726,1622 704,1630 556,1630 540,1621 492,1621 474,1622 403,1622 381,1622 331,1622 307,1623 251,1623 251,1594"/>
<Baseline points="251,1623 307,1623 331,1622 381,1622 403,1622 474,1622 492,1621 540,1621 556,1630 704,1630 726,1622 793,1622 816,1631 971,1631 989,1617 1034,1617 1056,1614 1194,1614 1210,1617 1302,1617 1318,1628 1458,1628"/>
<TextEquiv><Unicode>und der sohn des Gargettos zwei personen, die einander nichts angehen.</Unicode></TextEquiv>
</TextLine>

<TextLine id="line_29">
<Coords points="249,1644 287,1644 315,1643 412,1643 440,1642 572,1642 600,1643 681,1643 707,1643 774,1643 804,1639 947,1639 975,1637 1025,1637 1054,1635 1282,1635 1315,1638 1457,1638 1457,1677 1315,1677 1282,1672 1054,1672 1025,1665 975,1665 947,1670 804,1670 774,1677 707,1677 681,1672 600,1672 572,1671 440,1671 412,1672 315,1672 287,1672 249,1672 249,1644"/>
<Baseline points="249,1672 287,1672 315,1672 412,1672 440,1671 572,1671 600,1672 681,1672 707,1677 774,1677 804,1670 947,1670 975,1665 1025,1665 1054,1672 1282,1672 1315,1677 1457,1677"/>
<TextEquiv><Unicode>im demos Potamos sollte Ion, natürlich der staatsgründer, begraben</Unicode></TextEquiv>
</TextLine>

<TextLine id="line_30">
<Coords points="249,1692 340,1692 358,1692 451,1692 468,1692 479,1692 496,1693 543,1693 560,1693 587,1693 603,1702 657,1702 673,1692 730,1692 748,1689 914,1689 928,1685 977,1685 994,1687 1036,1687 1060,1683 1104,1683 1127,1683 1215,1683 1239,1688 1362,1688 1380,1689 1459,1689 1459,1717 1380,1717 1362,1717 1239,1717 1215,1713 1127,1713 1104,1711 1060,1711 1036,1719 994,1719 977,1713 928,1713 914,1719 748,1719 730,1720 673,1720 657,1720 603,1720 587,1726 560,1726 543,1726 496,1726 479,1720 468,1720 451,1728 358,1728 340,1729 249,1729 249,1692"/>
<Baseline points="249,1729 340,1729 358,1728 451,1728 468,1720 479,1720 496,1726 543,1726 560,1726 587,1726 603,1720 657,1720 673,1720 730,1720 748,1719 914,1719 928,1713 977,1713 994,1719 1036,1719 1060,1711 1104,1711 1127,1713 1215,1713 1239,1717 1362,1717 1380,1717 1459,1717"/>
<TextEquiv><Unicode>liegen (Paus. I 31, 3, von ihm wiederholt VII 1): die bloſse existenz eines</Unicode></TextEquiv>
</TextLine>

<TextLine id="line_31">
<Coords points="242,1735 353,1735 379,1738 500,1738 528,1741 640,1741 667,1741 721,1741 749,1739 817,1739 843,1738 889,1738 910,1733 1014,1733 1038,1732 1172,1732 1195,1736 1301,1736 1323,1736 1387,1736 1409,1746 1458,1746 1458,1764 1409,1764 1387,1764 1323,1764 1301,1764 1195,1764 1172,1760 1038,1760 1014,1762 910,1762 889,1765 843,1765 817,1767 749,1767 721,1768 667,1768 640,1768 528,1768 500,1778 379,1778 353,1774 242,1774 242,1735"/>
<Baseline points="242,1774 353,1774 379,1778 500,1778 528,1768 640,1768 667,1768 721,1768 749,1767 817,1767 843,1765 889,1765 910,1762 1014,1762 1038,1760 1172,1760 1195,1764 1301,1764 1323,1764 1387,1764 1409,1764 1458,1764"/>
<TextEquiv><Unicode>Ἴωνος τύμβος scheint mir aber für keinen weiteren schluſs eine zu-</Unicode></TextEquiv>
</TextLine>

<TextLine id="line_32">
<Coords points="251,1785 403,1785 431,1788 513,1788 558,1789 621,1789 649,1789 732,1789 754,1788 832,1788 854,1784 906,1784 927,1782 991,1782 1012,1779 1080,1779 1103,1780 1153,1780 1174,1783 1214,1783 1235,1785 1397,1785 1420,1786 1458,1786 1458,1813 1420,1813 1397,1820 1235,1820 1214,1811 1174,1811 1153,1808 1103,1808 1080,1814 1012,1814 991,1809 927,1809 906,1821 854,1821 832,1822 754,1822 732,1816 649,1816 621,1816 558,1816 513,1816 431,1816 403,1815 251,1815 251,1785"/>
<Baseline points="251,1815 403,1815 431,1816 513,1816 558,1816 621,1816 649,1816 732,1816 754,1822 832,1822 854,1821 906,1821 927,1809 991,1809 1012,1814 1080,1814 1103,1808 1153,1808 1174,1811 1214,1811 1235,1820 1397,1820 1420,1813 1458,1813"/>
<TextEquiv><Unicode>reichende basis. eine letzte frage gilt dem Ion, der als polemarch im</Unicode></TextEquiv>
</TextLine>

<TextLine id="line_33">
<Coords points="250,1830 348,1830 375,1833 463,1833 485,1834 595,1834 622,1835 700,1835 730,1834 784,1834 814,1832 903,1832 929,1827 1088,1827 1114,1828 1205,1828 1229,1833 1287,1833 1310,1833 1365,1833 1387,1834 1459,1834 1459,1862 1387,1862 1365,1861 1310,1861 1287,1860 1229,1860 1205,1858 1114,1858 1088,1856 929,1856 903,1861 814,1861 784,1862 730,1862 700,1868 622,1868 595,1863 485,1863 463,1861 375,1861 348,1867 250,1867 250,1830"/>
<Baseline points="250,1867 348,1867 375,1861 463,1861 485,1863 595,1863 622,1868 700,1868 730,1862 784,1862 814,1861 903,1861 929,1856 1088,1856 1114,1858 1205,1858 1229,1860 1287,1860 1310,1861 1365,1861 1387,1862 1459,1862"/>
<TextEquiv><Unicode>kriege wider Eleusis hilft, den schon Herodotos kennt und wol auch</Unicode></TextEquiv>
</TextLine>

<TextLine id="line_34">
<Coords points="251,1878 445,1878 485,1889 516,1889 537,1881 613,1881 638,1891 693,1891 713,1886 799,1886 821,1880 871,1880 893,1877 1059,1877 1081,1877 1130,1877 1152,1880 1366,1880 1387,1882 1459,1882 1459,1917 1387,1917 1366,1916 1152,1916 1130,1904 1081,1904 1059,1913 893,1913 871,1908 821,1908 799,1910 713,1910 693,1910 638,1910 613,1909 537,1909 516,1908 485,1908 445,1915 251,1915 251,1878"/>
<Baseline points="251,1915 445,1915 485,1908 516,1908 537,1909 613,1909 638,1910 693,1910 713,1910 799,1910 821,1908 871,1908 893,1913 1059,1913 1081,1904 1130,1904 1152,1916 1366,1916 1387,1917 1459,1917"/>
<TextEquiv><Unicode>Euripides.  er kann nur unter der bedingung der staatsgründer sein,</Unicode></TextEquiv>
</TextLine>

</TextRegion>
<TextRegion id="block_1" custom="structure {type:header;}">
<Coords points="635,142 635,175 1057,175 1057,142 635,142"/>
<TextLine id="line_35">
<Coords points="635,143 663,143 692,145 715,145 732,142 776,142 793,142 884,142 902,152 950,152 968,144 1057,144 1057,168 968,168 950,169 902,169 884,175 793,175 776,167 732,167 715,168 692,168 663,169 635,169 635,143"/>
<Baseline points="635,169 663,169 692,168 715,168 732,167 776,167 793,175 884,175 902,169 950,169 968,168 1057,168"/>
<TextEquiv><Unicode>II. 5. Die könige von Athen.</Unicode></TextEquiv>
</TextLine>

</TextRegion>
<TextRegion id="block_2" custom="structure {type:pageNum;}">
<Coords points="249,142 249,170 308,170 308,142 249,142"/>
<TextLine id="line_36">
<Coords points="249,142 308,142 308,170 249,170 249,142"/>
<Baseline points="249,170 308,170"/>
<TextEquiv><Unicode>142</Unicode></TextEquiv>
</TextLine>

</TextRegion>
<TextRegion id="block_3" custom="structure {type:note;}">
<Coords points="395,1955 395,1990 400,1996 400,2035 400,2037 251,2037 251,2070 251,2078 251,2116 1459,2116 1459,2078 1459,2070 1459,2037 1460,2035 1460,1996 1147,1996 1147,1990 1147,1955 395,1955"/>
<TextLine id="line_37">
<Coords points="395,1956 513,1956 530,1957 617,1957 636,1960 661,1960 676,1959 892,1959 910,1955 1056,1955 1077,1957 1147,1957 1147,1981 1077,1981 1056,1981 910,1981 892,1990 676,1990 661,1981 636,1981 617,1982 530,1982 513,1981 395,1981 395,1956"/>
<Baseline points="395,1981 513,1981 530,1982 617,1982 636,1981 661,1981 676,1990 892,1990 910,1981 1056,1981 1077,1981 1147,1981"/>
<TextEquiv><Unicode>Kirchner Attica et Peloponnesiaca Greifswald 1890.</Unicode></TextEquiv>
</TextLine>

<TextLine id="line_38">
<Coords points="400,1997 508,1997 526,1998 549,1998 562,1999 602,1999 627,2000 687,2000 708,1998 789,1998 807,1998 971,1998 994,1996 1144,1996 1168,1996 1332,1996 1350,2003 1403,2003 1421,2003 1460,2003 1460,2027 1421,2027 1403,2035 1350,2035 1332,2033 1168,2033 1144,2022 994,2022 971,2028 807,2028 789,2022 708,2022 687,2022 627,2022 602,2028 562,2028 549,2028 526,2028 508,2022 400,2022 400,1997"/>
<Baseline points="400,2022 508,2022 526,2028 549,2028 562,2028 602,2028 627,2022 687,2022 708,2022 789,2022 807,2028 971,2028 994,2022 1144,2022 1168,2033 1332,2033 1350,2035 1403,2035 1421,2027 1460,2027"/>
<TextEquiv><Unicode>Herodot 8, 44, statt seines allgemeinen ausdruckes στϱατάϱχης gibt die</Unicode></TextEquiv>
</TextLine>

<TextLine id="line_39">
<Coords points="251,2041 334,2041 357,2039 407,2039 431,2038 470,2038 493,2038 537,2038 557,2039 593,2039 617,2038 722,2038 744,2037 980,2037 999,2037 1112,2037 1132,2037 1253,2037 1272,2041 1319,2041 1337,2044 1459,2044 1459,2068 1337,2068 1319,2067 1272,2067 1253,2064 1132,2064 1112,2062 999,2062 980,2070 744,2070 722,2069 617,2069 593,2063 557,2063 537,2063 493,2063 470,2063 431,2063 407,2065 357,2065 334,2067 251,2067 251,2041"/>
<Baseline points="251,2067 334,2067 357,2065 407,2065 431,2063 470,2063 493,2063 537,2063 557,2063 593,2063 617,2069 722,2069 744,2070 980,2070 999,2062 1112,2062 1132,2064 1253,2064 1272,2067 1319,2067 1337,2068 1459,2068"/>
<TextEquiv><Unicode>Atthis und die auf sie gebaute mythographische tradition durchaus den attischen</Unicode></TextEquiv>
</TextLine>

<TextLine id="line_40">
<Coords points="251,2083 378,2083 412,2079 542,2079 560,2079 635,2079 653,2078 695,2078 714,2079 745,2079 759,2078 801,2078 821,2085 848,2085 866,2085 915,2085 933,2078 987,2078 1001,2078 1097,2078 1115,2078 1161,2078 1180,2080 1288,2080 1301,2084 1391,2084 1408,2084 1459,2084 1459,2109 1408,2109 1391,2116 1301,2116 1288,2115 1180,2115 1161,2104 1115,2104 1097,2104 1001,2104 987,2103 933,2103 915,2110 866,2110 848,2103 821,2103 801,2103 759,2103 745,2103 714,2103 695,2103 653,2103 635,2104 560,2104 542,2113 412,2113 378,2111 251,2111 251,2083"/>
<Baseline points="251,2111 378,2111 412,2113 542,2113 560,2104 635,2104 653,2103 695,2103 714,2103 745,2103 759,2103 801,2103 821,2103 848,2103 866,2110 915,2110 933,2103 987,2103 1001,2104 1097,2104 1115,2104 1161,2104 1180,2115 1288,2115 1301,2116 1391,2116 1408,2109 1459,2109"/>
<TextEquiv><Unicode>amtstitel. Euripides formt das im Ion so um, daſs Xuthos den hilfszug macht, und</Unicode></TextEquiv>
</TextLine>

</TextRegion>
</Page>
</PcGts>