1600 2316
265 201 1466 251 gestellten die geschichte der eigenen heimat zur aufgabe wählen, Ion
265 252 1468 292 von Chios und noch den peripatetiker Duris von Samos. die Aeoler
264 300 1466 348 von Lesbos und Kyme stehen den Ioniern gleich, und diese zeigen
265 348 1467 395 dieselbe regsamkeit auf den Kykladen, am Hellespont und im Pontos
265 398 1468 437 wie in den zwölfstädten der küste; am Pontos nimmt aber auch die
263 447 1468 491 megarische pflanzstadt Herakleia einen ehrenplatz auf allen gebieten des
263 494 1467 541 geistigen lebens ein. daſs wirklich zeitgenöſsische chronikartige auf-
263 543 1468 588 zeichnungen und viele alte urkunden vorhanden waren, versteht sich
264 591 1466 640 eigentlich von selbst. zufällig erhaltene stücke, wie über die gründung
261 641 1468 687 von Ephesos aus der dortigen und der siphnischen tradition oder
262 690 1467 736 die schiedssprüche im Athenatempel zu Priene, liefern auch greifbare
260 739 1467 780 belege. für manchen ist vielleicht bezeichnender, daſs Aristoteles in der
260 791 1466 833 samischen Politie das erscheinen einer weiſsen schwalbe, so groſs wie
260 839 1465 880 ein rebhuhn, notirt. aber die lust zu fabuliren, die freude an dem
260 887 1467 927 spiele der phantasie und dem bunten leben, die Ionien als erbe Homers
260 934 1465 980 besaſs, ist für die rein geschichtliche überlieferung verhängnisvoll ge-
260 984 1466 1024 worden. die schriftstellerei stand im zeichen der novelle, als sie die
260 1032 1465 1074 geschichtliche überlieferung zu behandeln begann, der subjectivismus und
261 1081 1465 1120 rationalismus trat hinzu, und so sind gerade die ionischen traditionen
260 1131 1466 1174 für den historiker mindestens viel schwerer verwendbar geworden als
259 1181 1466 1216 die nakten namen und daten aus anderen orten. schon wenn wir die
257 1229 1465 1274 lydische geschichte und die ionische, so weit sie herangezogen wird, bei
259 1276 1465 1322 Herodotos lesen, werden wir oft bedenklich (obwol die schlacht bei Lade
537 124 1194 161 I. 1. Die quellen der griechischen geschichte.
266 127 304 153 30
400 1375 1463 1410 Noch Menekrates von Elaia, ein schüler des Xenokrates, schreibt κτίσεις
259 1412 1398 1451 seiner aeolischen heimat (Strab. 572 u. ö., immer aus Demetrios von Skepsis).
408 1453 1464 1493 Schriftsteller aus älterer zeit (wie später namentlich Demetrios von Kal-
258 1493 1464 1531 latis) kenne ich nicht, aber die gründungsdaten sind zum teil erhalten, und Aristo-
259 1536 1249 1567 teles verfügt über historisches material selbst aus Phasis und Istros.
404 1576 1463 1608 Hier steht im dritten jahrhundert selbst die chronik des dichters Phere-
259 1617 1463 1653 timos neben der des staatsmannes Nymphis. da die stadt erst in der mitte des
258 1658 1464 1690 sechsten jahrhunderts entstanden ist und dauernde nahe beziehnung zu Athen unter-
258 1695 1465 1734 halten hatte, ist es nicht wunderbar, daſs sich gute überlieferung in geschichtlicher
260 1733 1463 1775 form erhalten hatte, bis sie aufgezeichnet ward, und schon vorher Aristoteles und
260 1772 1463 1814 andere über die herakleotischen verhältnisse orientirt waren. wie wichtig die stadt
260 1810 721 1855 diesem erschienen ist, vgl. I 10.
283 1893 1465 1937 Herakl. 31 ἐφάνη λευκὴ χελιδὼν οὐκ ἐλάττων πέϱδικος. der iambische
259 1931 1463 1975 trimeter ist durch zufall entstanden; es ist keiner für altionische metrik. dieselbe
260 1970 1462 2018 tatsache aus den anonymen ὧϱοι Σαμιακοί bei Antig. Karystr. Parad. 120. das er-
259 2011 1464 2055 scheinen der ersten weiſsen tauben berichtete Charon in seiner lampsakenischen
259 2051 597 2083 chronik, Athen. IX 394.
