<?xml version="1.0" encoding="UTF-8"?>
<PcGts xmlns="http://schema.primaresearch.org/PAGE/gts/pagecontent/2019-07-15" xmlns:xsi="http://www.w3.org/2001/XMLSchema-instance" xsi:schemaLocation="http://schema.primaresearch.org/PAGE/gts/pagecontent/2019-07-15 http://schema.primaresearch.org/PAGE/gts/pagecontent/2019-07-15/pagecontent.xsd">
<Metadata>
<Creator>regJS2PAGE.py</Creator>
<Created>2021-02-16T10:53:09.321790</Created>
<LastChange>2021-02-16T10:53:09.321790</LastChange>
</Metadata>
<Page imageFilename="tmp/wilamowitz_tragoedie_1889_0186.png" imageWidth="1600" imageHeight="2468">
<TextRegion id="block_0" custom="structure {type:body;}">
<Coords points="307,269 307,313 308,319 308,368 307,369 307,419 307,420 307,470 308,468 308,519 306,520 306,572 308,570 308,620 309,621 309,670 307,670 307,714 307,721 307,764 307,771 307,814 307,821 307,869 307,872 307,923 308,921 308,974 308,972 308,1016 308,1023 308,1070 308,1073 308,1126 307,1126 307,1171 307,1174 392,1174 392,1220 392,1223 308,1223 308,1274 307,1275 307,1323 308,1323 308,1375 307,1374 307,1426 307,1425 307,1470 306,1474 306,1519 307,1525 307,1574 307,1575 307,1625 306,1625 306,1678 307,1675 307,1724 307,1725 307,1775 306,1778 306,1826 307,1824 307,1872 306,1874 306,1923 306,1924 306,1975 306,1975 306,2024 1539,2024 1539,1975 1538,1975 1538,1924 1541,1923 1541,1874 1537,1872 1537,1824 1501,1824 1501,1826 1501,1778 1541,1778 1541,1775 1541,1725 1540,1724 1540,1675 1540,1678 1540,1625 1541,1625 1541,1575 1540,1574 1540,1525 1541,1519 1541,1474 1543,1470 1543,1425 1542,1426 1542,1374 1541,1375 1541,1323 1541,1323 1541,1275 1542,1274 1542,1223 1540,1220 1540,1174 1247,1174 1247,1171 1247,1126 1542,1126 1542,1126 1542,1073 1541,1070 1541,1023 1542,1016 1542,972 1542,974 1542,921 1542,923 1542,872 1541,869 1541,821 1543,814 1543,771 1543,764 1543,721 1545,714 1545,670 1545,670 1545,621 1544,620 1544,570 1543,572 1543,520 1546,519 1546,468 1544,470 1544,420 1543,419 1543,369 1545,368 1545,319 1545,313 1545,269 307,269"/>
<TextLine id="line_0">
<Coords points="307,287 459,287 483,281 555,281 575,278 713,278 734,286 789,286 814,275 1038,275 1062,272 1219,272 1248,270 1307,270 1330,270 1389,270 1412,278 1474,278 1496,269 1545,269 1545,298 1496,298 1474,299 1412,299 1389,300 1330,300 1307,300 1248,300 1219,311 1062,311 1038,306 814,306 789,306 734,306 713,309 575,309 555,310 483,310 459,313 307,313 307,287"/>
<Baseline points="307,313 459,313 483,310 555,310 575,309 713,309 734,306 789,306 814,306 1038,306 1062,311 1219,311 1248,300 1307,300 1330,300 1389,300 1412,299 1474,299 1496,298 1545,298"/>
<TextEquiv><Unicode>mentaren oder vielmehr von commentirten ausgaben, und dies war das</Unicode></TextEquiv>
</TextLine>

<TextLine id="line_1">
<Coords points="308,343 384,343 406,332 466,332 489,330 630,330 675,329 704,329 734,327 786,327 814,331 870,331 899,334 985,334 1015,324 1061,324 1083,322 1183,322 1213,320 1272,320 1302,320 1347,320 1376,319 1545,319 1545,349 1376,349 1347,349 1302,349 1272,351 1213,351 1183,353 1083,353 1061,353 1015,353 985,354 899,354 870,361 814,361 786,357 734,357 704,358 675,358 630,368 489,368 466,362 406,362 384,363 308,363 308,343"/>
<Baseline points="308,363 384,363 406,362 466,362 489,368 630,368 675,358 704,358 734,357 786,357 814,361 870,361 899,354 985,354 1015,353 1061,353 1083,353 1183,353 1213,351 1272,351 1302,349 1347,349 1376,349 1545,349"/>
<TextEquiv><Unicode>neue und wichtige. in der tat, wenn die schule und die mündliche</Unicode></TextEquiv>
</TextLine>

<TextLine id="line_2">
<Coords points="307,382 527,382 543,381 590,381 605,380 650,380 666,378 795,378 810,375 1039,375 1061,373 1145,373 1166,371 1248,371 1271,369 1459,369 1483,370 1543,370 1543,399 1483,399 1459,409 1271,409 1248,401 1166,401 1145,403 1061,403 1039,406 810,406 795,418 666,418 650,409 605,409 590,409 543,409 527,419 307,419 307,382"/>
<Baseline points="307,419 527,419 543,409 590,409 605,409 650,409 666,418 795,418 810,406 1039,406 1061,403 1145,403 1166,401 1248,401 1271,409 1459,409 1483,399 1543,399"/>
<TextEquiv><Unicode>unterweisung für die gelehrte schriftstellerei nicht mehr maſsgebend sein</Unicode></TextEquiv>
</TextLine>

<TextLine id="line_3">
<Coords points="307,432 428,432 453,432 502,432 517,431 663,431 687,429 756,429 778,427 830,427 848,427 904,427 921,423 1129,423 1153,422 1234,422 1255,421 1338,421 1359,420 1489,420 1512,429 1544,429 1544,450 1512,450 1489,456 1359,456 1338,450 1255,450 1234,451 1153,451 1129,462 921,462 904,456 848,456 830,456 778,456 756,458 687,458 663,470 517,470 502,461 453,461 428,468 307,468 307,432"/>
<Baseline points="307,468 428,468 453,461 502,461 517,470 663,470 687,458 756,458 778,456 830,456 848,456 904,456 921,462 1129,462 1153,451 1234,451 1255,450 1338,450 1359,456 1489,456 1512,450 1544,450"/>
<TextEquiv><Unicode>konnte, das publicum aber mit den textausgaben nicht mehr auskam, so</Unicode></TextEquiv>
</TextLine>

<TextLine id="line_4">
<Coords points="308,492 367,492 390,484 467,484 484,482 588,482 610,489 665,489 689,479 778,479 800,477 935,477 979,475 1040,475 1057,473 1194,473 1211,471 1291,471 1307,470 1380,470 1395,468 1546,468 1546,509 1395,509 1380,500 1307,500 1291,501 1211,501 1194,511 1057,511 1040,504 979,504 935,515 800,515 778,509 689,509 665,509 610,509 588,519 484,519 467,512 390,512 367,513 308,513 308,492"/>
<Baseline points="308,513 367,513 390,512 467,512 484,519 588,519 610,509 665,509 689,509 778,509 800,515 935,515 979,504 1040,504 1057,511 1194,511 1211,501 1291,501 1307,500 1380,500 1395,509 1546,509"/>
<TextEquiv><Unicode>war diese lösung von selbst geboten. daſs Didymos nicht bloſs ὑπομνή-</Unicode></TextEquiv>
</TextLine>

<TextLine id="line_5">
<Coords points="306,544 394,544 425,532 497,532 527,531 572,531 595,529 743,529 770,527 842,527 866,526 1015,526 1038,524 1231,524 1252,521 1381,521 1414,520 1543,520 1543,550 1414,550 1381,555 1252,555 1231,561 1038,561 1015,563 866,563 842,565 770,565 743,568 595,568 572,560 527,560 497,561 425,561 394,572 306,572 306,544"/>
<Baseline points="306,572 394,572 425,561 497,561 527,560 572,560 595,568 743,568 770,565 842,565 866,563 1015,563 1038,561 1231,561 1252,555 1381,555 1414,550 1543,550"/>
<TextEquiv><Unicode>ματα über die tragödien (und sonstigen dichtungen) schrieb, sondern</Unicode></TextEquiv>
</TextLine>

<TextLine id="line_6">
<Coords points="308,583 382,583 398,587 474,587 491,581 555,581 579,581 679,581 698,579 743,579 759,577 887,577 912,585 984,585 1000,573 1137,573 1161,572 1207,572 1229,572 1290,572 1314,571 1363,571 1381,571 1465,571 1487,570 1544,570 1544,600 1487,600 1465,601 1381,601 1363,600 1314,600 1290,601 1229,601 1207,602 1161,602 1137,609 1000,609 984,615 912,615 887,608 759,608 743,609 698,609 679,610 579,610 555,620 491,620 474,612 398,612 382,613 308,613 308,583"/>
<Baseline points="308,613 382,613 398,612 474,612 491,620 555,620 579,610 679,610 698,609 743,609 759,608 887,608 912,615 984,615 1000,609 1137,609 1161,602 1207,602 1229,601 1290,601 1314,600 1363,600 1381,601 1465,601 1487,600 1544,600"/>
<TextEquiv><Unicode>auch texte gab, lehren die scholien ganz deutlich, die sich auf seine les-</Unicode></TextEquiv>
</TextLine>

<TextLine id="line_7">
<Coords points="309,638 390,638 407,633 467,633 483,631 628,631 645,630 766,630 776,628 818,628 852,628 903,628 918,626 1061,626 1079,623 1140,623 1156,622 1201,622 1218,621 1432,621 1448,621 1545,621 1545,650 1448,650 1432,660 1218,660 1201,651 1156,651 1140,653 1079,653 1061,656 918,656 903,657 852,657 818,665 776,665 766,659 645,659 628,670 483,670 467,663 407,663 390,664 309,664 309,638"/>
<Baseline points="309,664 390,664 407,663 467,663 483,670 628,670 645,659 766,659 776,665 818,665 852,657 903,657 918,656 1061,656 1079,653 1140,653 1156,651 1201,651 1218,660 1432,660 1448,650 1545,650"/>
<TextEquiv><Unicode>arten und ausgaben berufen . das fortleben und die umgestaltung seiner</Unicode></TextEquiv>
</TextLine>

<TextLine id="line_8">
<Coords points="307,688 506,688 527,681 585,681 611,685 687,685 709,680 788,680 810,677 950,677 973,676 1091,676 1121,673 1181,673 1204,672 1302,672 1329,671 1379,671 1402,670 1545,670 1545,700 1402,700 1379,700 1329,700 1302,701 1204,701 1181,703 1121,703 1091,710 973,710 950,707 810,707 788,709 709,709 687,710 611,710 585,711 527,711 506,714 307,714 307,688"/>
<Baseline points="307,714 506,714 527,711 585,711 611,710 687,710 709,709 788,709 810,707 950,707 973,710 1091,710 1121,703 1181,703 1204,701 1302,701 1329,700 1379,700 1402,700 1545,700"/>
<TextEquiv><Unicode>commentare und texte führt ebenfalls darauf, daſs beides mit einander</Unicode></TextEquiv>
</TextLine>

<TextLine id="line_9">
<Coords points="307,734 476,734 499,732 584,732 628,731 690,731 720,729 796,729 827,728 901,728 930,727 976,727 1004,723 1225,723 1247,721 1371,721 1402,721 1438,721 1468,721 1543,721 1543,750 1468,750 1438,751 1402,751 1371,760 1247,760 1225,755 1004,755 976,755 930,755 901,757 827,757 796,759 720,759 690,761 628,761 584,761 499,761 476,764 307,764 307,734"/>
<Baseline points="307,764 476,764 499,761 584,761 628,761 690,761 720,759 796,759 827,757 901,757 930,755 976,755 1004,755 1225,755 1247,760 1371,760 1402,751 1438,751 1468,750 1543,750"/>
<TextEquiv><Unicode>überliefert ward. sein buch über die aristarchische ausgabe ist ohne</Unicode></TextEquiv>
</TextLine>

<TextLine id="line_10">
<Coords points="307,785 478,785 499,783 584,783 608,791 642,791 666,780 798,780 822,778 883,778 901,786 960,786 975,777 1052,777 1077,773 1189,773 1213,772 1278,772 1300,777 1398,777 1413,771 1543,771 1543,809 1413,809 1398,810 1300,810 1278,802 1213,802 1189,804 1077,804 1052,806 975,806 960,806 901,806 883,807 822,807 798,814 666,814 642,810 608,810 584,812 499,812 478,814 307,814 307,785"/>
<Baseline points="307,814 478,814 499,812 584,812 608,810 642,810 666,814 798,814 822,807 883,807 901,806 960,806 975,806 1052,806 1077,804 1189,804 1213,802 1278,802 1300,810 1398,810 1413,809 1543,809"/>
<TextEquiv><Unicode>Homertext kaum zu denken; dies war denn freilich eine streng gelehrte</Unicode></TextEquiv>
</TextLine>

<TextLine id="line_11">
<Coords points="307,835 409,835 446,833 515,833 538,832 582,832 599,831 744,831 768,829 833,829 856,829 904,829 926,828 976,828 1000,826 1117,826 1140,823 1288,823 1312,822 1362,822 1385,821 1541,821 1541,851 1385,851 1362,851 1312,851 1288,862 1140,862 1117,855 1000,855 976,857 926,857 904,857 856,857 833,859 768,859 744,869 599,869 582,861 538,861 515,863 446,863 409,865 307,865 307,835"/>
<Baseline points="307,865 409,865 446,863 515,863 538,861 582,861 599,869 744,869 768,859 833,859 856,857 904,857 926,857 976,857 1000,855 1117,855 1140,862 1288,862 1312,851 1362,851 1385,851 1541,851"/>
<TextEquiv><Unicode>arbeit. aber die ausgaben sind für das weitere publicum mit berechnet</Unicode></TextEquiv>
</TextLine>

<TextLine id="line_12">
<Coords points="307,894 455,894 479,893 509,893 532,882 595,882 619,881 670,881 690,881 784,881 802,884 892,884 908,881 985,881 1009,876 1061,876 1082,874 1211,874 1235,882 1377,882 1415,872 1462,872 1478,880 1542,880 1542,901 1478,901 1462,901 1415,901 1377,912 1235,912 1211,905 1082,905 1061,905 1009,905 985,907 908,907 892,908 802,908 784,910 690,910 670,911 619,911 595,912 532,912 509,913 479,913 455,923 307,923 307,894"/>
<Baseline points="307,923 455,923 479,913 509,913 532,912 595,912 619,911 670,911 690,910 784,910 802,908 892,908 908,907 985,907 1009,905 1061,905 1082,905 1211,905 1235,912 1377,912 1415,901 1462,901 1478,901 1542,901"/>
<TextEquiv><Unicode>gewesen: es sind mit einem worte texte mit scholien gewesen. die aus-</Unicode></TextEquiv>
</TextLine>

<TextLine id="line_13">
<Coords points="308,941 438,941 460,935 513,935 528,933 725,933 749,930 802,930 825,929 877,929 900,928 940,928 963,927 992,927 1010,935 1120,935 1138,924 1353,924 1376,922 1485,922 1507,921 1542,921 1542,951 1507,951 1485,957 1376,957 1353,954 1138,954 1120,955 1010,955 992,956 963,956 940,958 900,958 877,958 825,958 802,959 749,959 725,966 528,966 513,964 460,964 438,974 308,974 308,941"/>
<Baseline points="308,974 438,974 460,964 513,964 528,966 725,966 749,959 802,959 825,958 877,958 900,958 940,958 963,956 992,956 1010,955 1120,955 1138,954 1353,954 1376,957 1485,957 1507,951 1542,951"/>
<TextEquiv><Unicode>stattung der dichtertexte, wie wir sie in unsern handschriften finden, ist</Unicode></TextEquiv>
</TextLine>

<TextLine id="line_14">
<Coords points="308,987 360,987 379,986 456,986 479,984 534,984 555,981 823,981 849,979 877,979 902,978 954,978 974,977 1055,977 1079,976 1131,976 1153,974 1289,974 1307,972 1459,972 1476,975 1542,975 1542,1005 1476,1005 1459,1012 1307,1012 1289,1004 1153,1004 1131,1005 1079,1005 1055,1007 974,1007 954,1007 902,1007 877,1008 849,1008 823,1012 555,1012 534,1014 479,1014 456,1015 379,1015 360,1016 308,1016 308,987"/>
<Baseline points="308,1016 360,1016 379,1015 456,1015 479,1014 534,1014 555,1012 823,1012 849,1008 877,1008 902,1007 954,1007 974,1007 1055,1007 1079,1005 1131,1005 1153,1004 1289,1004 1307,1012 1459,1012 1476,1005 1542,1005"/>
<TextEquiv><Unicode>auf diese zeit zurückzuführen: in der mitte der metrisch abgeteilte text,</Unicode></TextEquiv>
</TextLine>

<TextLine id="line_15">
<Coords points="308,1037 361,1037 382,1036 516,1036 542,1033 715,1033 739,1031 798,1031 822,1029 997,1029 1025,1027 1080,1027 1104,1035 1161,1035 1183,1025 1282,1025 1304,1023 1363,1023 1385,1023 1487,1023 1510,1027 1541,1027 1541,1060 1510,1060 1487,1056 1385,1056 1363,1054 1304,1054 1282,1055 1183,1055 1161,1055 1104,1055 1080,1056 1025,1056 997,1063 822,1063 798,1060 739,1060 715,1062 542,1062 516,1070 382,1070 361,1066 308,1066 308,1037"/>
<Baseline points="308,1066 361,1066 382,1070 516,1070 542,1062 715,1062 739,1060 798,1060 822,1063 997,1063 1025,1056 1080,1056 1104,1055 1161,1055 1183,1055 1282,1055 1304,1054 1363,1054 1385,1056 1487,1056 1510,1060 1541,1060"/>
<TextEquiv><Unicode>mit zeichen, metrischen und kritischen, wol nur obelos und kreuz, χῖ</Unicode></TextEquiv>
</TextLine>

<TextLine id="line_16">
<Coords points="308,1088 379,1088 395,1089 531,1089 547,1086 687,1086 709,1082 769,1082 789,1081 844,1081 862,1078 1057,1078 1082,1077 1152,1077 1176,1085 1220,1085 1236,1075 1334,1075 1356,1074 1409,1074 1430,1073 1542,1073 1542,1102 1430,1102 1409,1104 1356,1104 1334,1110 1236,1110 1220,1105 1176,1105 1152,1106 1082,1106 1057,1116 862,1116 844,1110 789,1110 769,1110 709,1110 687,1121 547,1121 531,1126 395,1126 379,1117 308,1117 308,1088"/>
<Baseline points="308,1117 379,1117 395,1126 531,1126 547,1121 687,1121 709,1110 769,1110 789,1110 844,1110 862,1116 1057,1116 1082,1106 1152,1106 1176,1105 1220,1105 1236,1110 1334,1110 1356,1104 1409,1104 1430,1102 1542,1102"/>
<TextEquiv><Unicode>oder σημεῖον genannt, und den erklärungen dazu am rande, der auſser-</Unicode></TextEquiv>
</TextLine>

<TextLine id="line_17">
<Coords points="307,1137 374,1137 399,1136 474,1136 497,1133 715,1133 739,1141 773,1141 796,1130 949,1130 974,1128 1076,1128 1101,1126 1247,1126 1247,1156 1101,1156 1076,1157 974,1157 949,1160 796,1160 773,1161 739,1161 715,1171 497,1171 474,1166 399,1166 374,1167 307,1167 307,1137"/>
<Baseline points="307,1167 374,1167 399,1166 474,1166 497,1171 715,1171 739,1161 773,1161 796,1160 949,1160 974,1157 1076,1157 1101,1156 1247,1156"/>
<TextEquiv><Unicode>dem noch bemerkungen zu einzelnen stellen aufnahm.</Unicode></TextEquiv>
</TextLine>

<TextLine id="line_18">
<Coords points="392,1186 459,1186 474,1185 549,1185 562,1187 743,1187 758,1182 810,1182 822,1180 933,1180 948,1178 1079,1178 1091,1178 1120,1178 1133,1181 1218,1181 1231,1176 1286,1176 1297,1174 1394,1174 1406,1182 1540,1182 1540,1212 1406,1212 1394,1204 1297,1204 1286,1205 1231,1205 1218,1215 1133,1215 1120,1206 1091,1206 1079,1208 948,1208 933,1209 822,1209 810,1211 758,1211 743,1220 562,1220 549,1214 474,1214 459,1216 392,1216 392,1186"/>
<Baseline points="392,1216 459,1216 474,1214 549,1214 562,1220 743,1220 758,1211 810,1211 822,1209 933,1209 948,1208 1079,1208 1091,1206 1120,1206 1133,1215 1218,1215 1231,1205 1286,1205 1297,1204 1394,1204 1406,1212 1540,1212"/>
<TextEquiv><Unicode>Daſs diese ausstattung der bücher wirklich in guter zeit üblich gewesen</Unicode></TextEquiv>
</TextLine>

<TextLine id="line_19">
<Coords points="308,1238 355,1238 371,1237 419,1237 434,1245 500,1245 517,1235 600,1235 616,1233 697,1233 711,1232 835,1232 853,1230 972,1230 996,1229 1079,1229 1096,1227 1185,1227 1201,1227 1237,1227 1251,1225 1322,1225 1337,1225 1384,1225 1400,1223 1476,1223 1492,1232 1542,1232 1542,1262 1492,1262 1476,1254 1400,1254 1384,1254 1337,1254 1322,1255 1251,1255 1237,1257 1201,1257 1185,1257 1096,1257 1079,1258 996,1258 972,1266 853,1266 835,1271 711,1271 697,1263 616,1263 600,1273 517,1273 500,1265 434,1265 419,1266 371,1266 355,1274 308,1274 308,1238"/>
<Baseline points="308,1274 355,1274 371,1266 419,1266 434,1265 500,1265 517,1273 600,1273 616,1263 697,1263 711,1271 835,1271 853,1266 972,1266 996,1258 1079,1258 1096,1257 1185,1257 1201,1257 1237,1257 1251,1255 1322,1255 1337,1254 1384,1254 1400,1254 1476,1254 1492,1262 1542,1262"/>
<TextEquiv><Unicode>ist, hat man lange nicht glauben wollen; allem reden ist aber ein ende ge-</Unicode></TextEquiv>
</TextLine>

<TextLine id="line_20">
<Coords points="307,1288 414,1288 431,1287 485,1287 498,1286 549,1286 561,1285 607,1285 620,1283 703,1283 716,1283 796,1283 808,1281 926,1281 940,1279 1050,1279 1062,1278 1200,1278 1212,1277 1267,1277 1282,1275 1541,1275 1541,1313 1282,1313 1267,1306 1212,1306 1200,1312 1062,1312 1050,1309 940,1309 926,1311 808,1311 796,1312 716,1312 703,1313 620,1313 607,1314 561,1314 549,1314 498,1314 485,1316 431,1316 414,1323 307,1323 307,1288"/>
<Baseline points="307,1323 414,1323 431,1316 485,1316 498,1314 549,1314 561,1314 607,1314 620,1313 703,1313 716,1312 796,1312 808,1311 926,1311 940,1309 1050,1309 1062,1312 1200,1312 1212,1306 1267,1306 1282,1313 1541,1313"/>
<TextEquiv><Unicode>macht, seit wir ein stück eines solchen buches besitzen, den Alkmanpapyrus,</Unicode></TextEquiv>
</TextLine>

<TextLine id="line_21">
<Coords points="308,1339 365,1339 381,1338 427,1338 443,1335 672,1335 690,1332 842,1332 855,1331 930,1331 947,1328 1171,1328 1198,1327 1232,1327 1249,1335 1281,1335 1296,1326 1325,1326 1342,1325 1442,1325 1456,1323 1541,1323 1541,1353 1456,1353 1442,1355 1342,1355 1325,1355 1296,1355 1281,1355 1249,1355 1232,1356 1198,1356 1171,1359 947,1359 930,1360 855,1360 842,1372 690,1372 672,1375 443,1375 427,1367 381,1367 365,1368 308,1368 308,1339"/>
<Baseline points="308,1368 365,1368 381,1367 427,1367 443,1375 672,1375 690,1372 842,1372 855,1360 930,1360 947,1359 1171,1359 1198,1356 1232,1356 1249,1355 1281,1355 1296,1355 1325,1355 1342,1355 1442,1355 1456,1353 1541,1353"/>
<TextEquiv><Unicode>den die palaeographen möglichst hoch hinaufrücken. da er in seinen scho-</Unicode></TextEquiv>
</TextLine>

<TextLine id="line_22">
<Coords points="307,1389 366,1389 383,1388 438,1388 456,1385 658,1385 674,1383 838,1383 855,1382 940,1382 963,1390 995,1390 1013,1380 1091,1380 1113,1387 1153,1387 1179,1386 1262,1386 1287,1385 1351,1385 1376,1375 1437,1375 1462,1374 1542,1374 1542,1403 1462,1403 1437,1404 1376,1404 1351,1405 1287,1405 1262,1406 1179,1406 1153,1413 1113,1413 1091,1409 1013,1409 995,1410 963,1410 940,1417 855,1417 838,1422 674,1422 658,1426 456,1426 438,1417 383,1417 366,1419 307,1419 307,1389"/>
<Baseline points="307,1419 366,1419 383,1417 438,1417 456,1426 658,1426 674,1422 838,1422 855,1417 940,1417 963,1410 995,1410 1013,1409 1091,1409 1113,1413 1153,1413 1179,1406 1262,1406 1287,1405 1351,1405 1376,1404 1437,1404 1462,1403 1542,1403"/>
<TextEquiv><Unicode>lien den grammatiker Pamphilos citirt, so kann er, wenn man sich nicht</Unicode></TextEquiv>
</TextLine>

<TextLine id="line_23">
<Coords points="307,1439 399,1439 423,1438 468,1438 484,1436 626,1436 649,1435 729,1435 746,1431 930,1431 954,1435 1048,1435 1073,1428 1140,1428 1164,1427 1244,1427 1266,1427 1338,1427 1360,1426 1402,1426 1423,1434 1475,1434 1490,1425 1543,1425 1543,1454 1490,1454 1475,1454 1423,1454 1402,1455 1360,1455 1338,1455 1266,1455 1244,1456 1164,1456 1140,1463 1073,1463 1048,1460 954,1460 930,1470 746,1470 729,1464 649,1464 626,1466 484,1466 468,1466 423,1466 399,1468 307,1468 307,1439"/>
<Baseline points="307,1468 399,1468 423,1466 468,1466 484,1466 626,1466 649,1464 729,1464 746,1470 930,1470 954,1460 1048,1460 1073,1463 1140,1463 1164,1456 1244,1456 1266,1455 1338,1455 1360,1455 1402,1455 1423,1454 1475,1454 1490,1454 1543,1454"/>
<TextEquiv><Unicode>durch die annahme einer homonymie retten will, nicht älter als aus der</Unicode></TextEquiv>
</TextLine>

<TextLine id="line_24">
<Coords points="306,1490 364,1490 385,1489 437,1489 451,1487 603,1487 623,1485 716,1485 739,1483 811,1483 849,1482 919,1482 941,1481 991,1481 1012,1479 1133,1479 1154,1478 1227,1478 1249,1486 1355,1486 1394,1475 1454,1475 1476,1474 1541,1474 1541,1504 1476,1504 1454,1505 1394,1505 1355,1515 1249,1515 1227,1507 1154,1507 1133,1509 1012,1509 991,1510 941,1510 919,1511 849,1511 811,1513 739,1513 716,1514 623,1514 603,1517 451,1517 437,1518 385,1518 364,1519 306,1519 306,1490"/>
<Baseline points="306,1519 364,1519 385,1518 437,1518 451,1517 603,1517 623,1514 716,1514 739,1513 811,1513 849,1511 919,1511 941,1510 991,1510 1012,1509 1133,1509 1154,1507 1227,1507 1249,1515 1355,1515 1394,1505 1454,1505 1476,1504 1541,1504"/>
<TextEquiv><Unicode>zeit der flavischen kaiser sein. aber das beweist auch genug. und eine</Unicode></TextEquiv>
</TextLine>

<TextLine id="line_25">
<Coords points="307,1540 387,1540 417,1538 539,1538 566,1540 760,1540 791,1533 854,1533 884,1532 980,1532 1025,1531 1076,1531 1099,1533 1168,1533 1190,1526 1318,1526 1341,1526 1460,1526 1482,1525 1540,1525 1540,1559 1482,1559 1460,1556 1341,1556 1318,1556 1190,1556 1168,1568 1099,1568 1076,1560 1025,1560 980,1561 884,1561 854,1561 791,1561 760,1574 566,1574 539,1568 417,1568 387,1569 307,1569 307,1540"/>
<Baseline points="307,1569 387,1569 417,1568 539,1568 566,1574 760,1574 791,1561 854,1561 884,1561 980,1561 1025,1560 1076,1560 1099,1568 1168,1568 1190,1556 1318,1556 1341,1556 1460,1556 1482,1559 1540,1559"/>
<TextEquiv><Unicode>reihe anderer erwägungen tritt hinzu. der poet Valerius Flaccus hat,</Unicode></TextEquiv>
</TextLine>

<TextLine id="line_26">
<Coords points="307,1590 349,1590 371,1598 403,1598 426,1589 470,1589 493,1585 685,1585 708,1584 758,1584 781,1582 951,1582 979,1579 1171,1579 1200,1577 1246,1577 1268,1575 1541,1575 1541,1615 1268,1615 1246,1607 1200,1607 1171,1612 979,1612 951,1621 781,1621 758,1613 708,1613 685,1625 493,1625 470,1618 426,1618 403,1619 371,1619 349,1620 307,1620 307,1590"/>
<Baseline points="307,1620 349,1620 371,1619 403,1619 426,1618 470,1618 493,1625 685,1625 708,1613 758,1613 781,1621 951,1621 979,1612 1171,1612 1200,1607 1246,1607 1268,1615 1541,1615"/>
<TextEquiv><Unicode>als er die Argonautica des Apollonios bearbeitete, die mythographische</Unicode></TextEquiv>
</TextLine>

<TextLine id="line_27">
<Coords points="306,1637 530,1637 551,1637 680,1637 702,1634 748,1634 772,1633 847,1633 871,1632 957,1632 975,1630 1005,1630 1026,1637 1150,1637 1165,1626 1345,1626 1366,1626 1451,1626 1475,1625 1540,1625 1540,1656 1475,1656 1451,1661 1366,1661 1345,1657 1165,1657 1150,1659 1026,1659 1005,1660 975,1660 957,1661 871,1661 847,1662 772,1662 748,1663 702,1663 680,1670 551,1670 530,1678 306,1678 306,1637"/>
<Baseline points="306,1678 530,1678 551,1670 680,1670 702,1663 748,1663 772,1662 847,1662 871,1661 957,1661 975,1660 1005,1660 1026,1659 1150,1659 1165,1657 1345,1657 1366,1661 1451,1661 1475,1656 1540,1656"/>
<TextEquiv><Unicode>gelehrsamkeit benutzt, die noch heute in unserer handschrift steht, der-</Unicode></TextEquiv>
</TextLine>

<TextLine id="line_28">
<Coords points="307,1690 418,1690 442,1687 549,1687 569,1685 716,1685 742,1683 799,1683 816,1681 979,1681 1004,1680 1055,1680 1078,1679 1161,1679 1184,1677 1312,1677 1337,1676 1454,1676 1499,1675 1540,1675 1540,1705 1499,1705 1454,1706 1337,1706 1312,1708 1184,1708 1161,1708 1078,1708 1055,1709 1004,1709 979,1721 816,1721 799,1712 742,1712 716,1724 569,1724 549,1716 442,1716 418,1724 307,1724 307,1690"/>
<Baseline points="307,1724 418,1724 442,1716 549,1716 569,1724 716,1724 742,1712 799,1712 816,1721 979,1721 1004,1709 1055,1709 1078,1708 1161,1708 1184,1708 1312,1708 1337,1706 1454,1706 1499,1705 1540,1705"/>
<TextEquiv><Unicode>selben, welche Aischylos und Sophokles mit ihren scholien enthält. sie</Unicode></TextEquiv>
</TextLine>

<TextLine id="line_29">
<Coords points="307,1748 387,1748 391,1738 457,1738 473,1737 566,1737 583,1739 669,1739 687,1734 797,1734 814,1731 905,1731 919,1731 975,1731 993,1730 1105,1730 1136,1728 1195,1728 1211,1736 1262,1736 1277,1726 1405,1726 1421,1725 1541,1725 1541,1754 1421,1754 1405,1755 1277,1755 1262,1756 1211,1756 1195,1757 1136,1757 1105,1759 993,1759 975,1760 919,1760 905,1762 814,1762 797,1763 687,1763 669,1764 583,1764 566,1775 473,1775 457,1768 391,1768 387,1768 307,1768 307,1748"/>
<Baseline points="307,1768 387,1768 391,1768 457,1768 473,1775 566,1775 583,1764 669,1764 687,1763 797,1763 814,1762 905,1762 919,1760 975,1760 993,1759 1105,1759 1136,1757 1195,1757 1211,1756 1262,1756 1277,1755 1405,1755 1421,1754 1541,1754"/>
<TextEquiv><Unicode>nennt als quelle unter andern selbst den Theon. also vor Valerius Flaccus</Unicode></TextEquiv>
</TextLine>

<TextLine id="line_30">
<Coords points="306,1798 368,1798 385,1789 456,1789 477,1786 607,1786 629,1782 852,1782 877,1782 924,1782 947,1781 1002,1781 1027,1778 1196,1778 1218,1780 1501,1780 1501,1814 1218,1814 1196,1817 1027,1817 1002,1809 947,1809 924,1811 877,1811 852,1823 629,1823 607,1816 477,1816 456,1826 385,1826 368,1818 306,1818 306,1798"/>
<Baseline points="306,1818 368,1818 385,1826 456,1826 477,1816 607,1816 629,1823 852,1823 877,1811 924,1811 947,1809 1002,1809 1027,1817 1196,1817 1218,1814 1501,1814"/>
<TextEquiv><Unicode>war jene erlesene gelehrsamkeit für den Apollonios zusammengetragen:</Unicode></TextEquiv>
</TextLine>

<TextLine id="line_31">
<Coords points="307,1839 337,1839 362,1839 413,1839 435,1842 483,1842 506,1845 570,1845 596,1835 672,1835 696,1834 752,1834 776,1832 885,1832 908,1831 990,1831 1011,1828 1167,1828 1191,1827 1252,1827 1270,1826 1387,1826 1408,1824 1537,1824 1537,1854 1408,1854 1387,1856 1270,1856 1252,1856 1191,1856 1167,1863 1011,1863 990,1860 908,1860 885,1862 776,1862 752,1862 696,1862 672,1864 596,1864 570,1865 506,1865 483,1872 435,1872 413,1869 362,1869 337,1868 307,1868 307,1839"/>
<Baseline points="307,1868 337,1868 362,1869 413,1869 435,1872 483,1872 506,1865 570,1865 596,1864 672,1864 696,1862 752,1862 776,1862 885,1862 908,1860 990,1860 1011,1863 1167,1863 1191,1856 1252,1856 1270,1856 1387,1856 1408,1854 1537,1854"/>
<TextEquiv><Unicode>in der tat, man kann den schluſs nicht abweisen, daſs Theons scholien</Unicode></TextEquiv>
</TextLine>

<TextLine id="line_32">
<Coords points="306,1898 343,1898 374,1889 439,1889 461,1886 549,1886 577,1885 629,1885 651,1880 1043,1880 1074,1878 1165,1878 1194,1886 1246,1886 1273,1876 1329,1876 1356,1875 1408,1875 1429,1874 1541,1874 1541,1904 1429,1904 1408,1905 1356,1905 1329,1905 1273,1905 1246,1906 1194,1906 1165,1908 1074,1908 1043,1923 651,1923 629,1914 577,1914 549,1916 461,1916 439,1918 374,1918 343,1918 306,1918 306,1898"/>
<Baseline points="306,1918 343,1918 374,1918 439,1918 461,1916 549,1916 577,1914 629,1914 651,1923 1043,1923 1074,1908 1165,1908 1194,1906 1246,1906 1273,1905 1329,1905 1356,1905 1408,1905 1429,1904 1541,1904"/>
<TextEquiv><Unicode>an dem rande der Apollonioshandschriften schon zur zeit der Flavier</Unicode></TextEquiv>
</TextLine>

<TextLine id="line_33">
<Coords points="306,1939 429,1939 438,1938 481,1938 526,1935 727,1935 751,1930 991,1930 1013,1929 1087,1929 1111,1927 1199,1927 1225,1926 1318,1926 1342,1926 1387,1926 1408,1924 1538,1924 1538,1955 1408,1955 1387,1955 1342,1955 1318,1956 1225,1956 1199,1963 1111,1963 1087,1959 1013,1959 991,1962 751,1962 727,1968 526,1968 481,1975 438,1975 429,1969 306,1969 306,1939"/>
<Baseline points="306,1969 429,1969 438,1975 481,1975 526,1968 727,1968 751,1962 991,1962 1013,1959 1087,1959 1111,1963 1199,1963 1225,1956 1318,1956 1342,1955 1387,1955 1408,1955 1538,1955"/>
<TextEquiv><Unicode>standen . Germanicus, wahrscheinlich auch Ovid, haben die scholien</Unicode></TextEquiv>
</TextLine>

<TextLine id="line_34">
<Coords points="306,1989 357,1989 379,1990 457,1990 479,1987 524,1987 547,1986 598,1986 619,1984 764,1984 793,1983 867,1983 894,1981 985,1981 1010,1979 1106,1979 1130,1978 1193,1978 1216,1976 1348,1976 1371,1975 1539,1975 1539,2013 1371,2013 1348,2015 1216,2015 1193,2007 1130,2007 1106,2009 1010,2009 985,2011 894,2011 867,2012 793,2012 764,2019 619,2019 598,2015 547,2015 524,2016 479,2016 457,2024 379,2024 357,2019 306,2019 306,1989"/>
<Baseline points="306,2019 357,2019 379,2024 457,2024 479,2016 524,2016 547,2015 598,2015 619,2019 764,2019 793,2012 867,2012 894,2011 985,2011 1010,2009 1106,2009 1130,2007 1193,2007 1216,2015 1348,2015 1371,2013 1539,2013"/>
<TextEquiv><Unicode>des Arat, die wir besitzen, auch schon neben dem gedichte benutzt .</Unicode></TextEquiv>
</TextLine>

</TextRegion>
<TextRegion id="block_1" custom="structure {type:pageNum;}">
<Coords points="311,196 311,225 370,225 370,196 311,196"/>
<TextLine id="line_35">
<Coords points="311,196 370,196 370,225 311,225 311,196"/>
<Baseline points="311,225 370,225"/>
<TextEquiv><Unicode>166</Unicode></TextEquiv>
</TextLine>

</TextRegion>
<TextRegion id="block_2" custom="structure {type:header;}">
<Coords points="714,189 714,222 1145,222 1145,189 714,189"/>
<TextLine id="line_36">
<Coords points="714,192 862,192 881,191 924,191 944,189 1145,189 1145,222 944,222 924,216 881,216 862,218 714,218 714,192"/>
<Baseline points="714,218 862,218 881,216 924,216 944,222 1145,222"/>
<TextEquiv><Unicode>Geschichte des tragikertextes.</Unicode></TextEquiv>
</TextLine>

</TextRegion>
<TextRegion id="block_3" custom="structure {type:note;}">
<Coords points="448,2061 448,2096 448,2103 448,2140 448,2140 448,2179 448,2183 301,2183 301,2228 1539,2228 1539,2183 1538,2179 1538,2140 1128,2140 1128,2140 1128,2103 1201,2103 1201,2096 1201,2061 448,2061"/>
<TextLine id="line_37">
<Coords points="448,2069 476,2069 490,2069 518,2069 533,2069 579,2069 598,2068 656,2068 670,2068 701,2068 720,2066 758,2066 775,2066 838,2066 858,2063 920,2063 937,2064 966,2064 986,2061 1052,2061 1066,2062 1124,2062 1143,2069 1165,2069 1179,2067 1201,2067 1201,2085 1179,2085 1165,2086 1143,2086 1124,2092 1066,2092 1052,2087 986,2087 966,2088 937,2088 920,2089 858,2089 838,2091 775,2091 758,2091 720,2091 701,2092 670,2092 656,2093 598,2093 579,2093 533,2093 518,2094 490,2094 476,2096 448,2096 448,2069"/>
<Baseline points="448,2096 476,2096 490,2094 518,2094 533,2093 579,2093 598,2093 656,2093 670,2092 701,2092 720,2091 758,2091 775,2091 838,2091 858,2089 920,2089 937,2088 966,2088 986,2087 1052,2087 1066,2092 1124,2092 1143,2086 1165,2086 1179,2085 1201,2085"/>
<TextEquiv><Unicode>O. K. 237 Ant. 45 Ai. 1225 Hek. 13 Med. 379, u. a.</Unicode></TextEquiv>
</TextLine>

<TextLine id="line_38">
<Coords points="448,2111 474,2111 494,2110 621,2110 641,2109 672,2109 691,2108 820,2108 840,2105 1069,2105 1088,2103 1128,2103 1128,2128 1088,2128 1069,2138 840,2138 820,2140 691,2140 672,2133 641,2133 621,2135 494,2135 474,2136 448,2136 448,2111"/>
<Baseline points="448,2136 474,2136 494,2135 621,2135 641,2133 672,2133 691,2140 820,2140 840,2138 1069,2138 1088,2128 1128,2128"/>
<TextEquiv><Unicode>E. Schwartz de Dionysio Scytobrachione 34.</Unicode></TextEquiv>
</TextLine>

<TextLine id="line_39">
<Coords points="448,2152 540,2152 553,2150 676,2150 690,2153 778,2153 794,2150 833,2150 869,2156 897,2156 916,2146 1054,2146 1071,2145 1119,2145 1136,2143 1176,2143 1189,2143 1244,2143 1257,2150 1304,2150 1319,2142 1364,2142 1377,2140 1538,2140 1538,2173 1377,2173 1364,2167 1319,2167 1304,2167 1257,2167 1244,2168 1189,2168 1176,2169 1136,2169 1119,2170 1071,2170 1054,2179 916,2179 897,2173 869,2173 833,2174 794,2174 778,2174 690,2174 676,2176 553,2176 540,2178 448,2178 448,2152"/>
<Baseline points="448,2178 540,2178 553,2176 676,2176 690,2174 778,2174 794,2174 833,2174 869,2173 897,2173 916,2179 1054,2179 1071,2170 1119,2170 1136,2169 1176,2169 1189,2168 1244,2168 1257,2167 1304,2167 1319,2167 1364,2167 1377,2173 1538,2173"/>
<TextEquiv><Unicode>Robert Eratosth. catast. 29. so schlagend wie die dort von mir angegebene</Unicode></TextEquiv>
</TextLine>

<TextLine id="line_40">
<Coords points="301,2196 448,2196 466,2193 595,2193 609,2192 721,2192 735,2190 813,2190 826,2190 907,2190 927,2189 960,2189 979,2195 1005,2195 1024,2187 1102,2187 1139,2185 1213,2185 1232,2184 1272,2184 1292,2191 1370,2191 1389,2183 1539,2183 1539,2215 1389,2215 1370,2216 1292,2216 1272,2210 1232,2210 1213,2211 1139,2211 1102,2212 1024,2212 1005,2213 979,2213 960,2214 927,2214 907,2215 826,2215 813,2216 735,2216 721,2218 609,2218 595,2220 466,2220 448,2228 301,2228 301,2196"/>
<Baseline points="301,2228 448,2228 466,2220 595,2220 609,2218 721,2218 735,2216 813,2216 826,2215 907,2215 927,2214 960,2214 979,2213 1005,2213 1024,2212 1102,2212 1139,2211 1213,2211 1232,2210 1272,2210 1292,2216 1370,2216 1389,2215 1539,2215"/>
<TextEquiv><Unicode>benutzung derselben scholien durch Avien ist es nicht. allein die ganze benennung</Unicode></TextEquiv>
</TextLine>

</TextRegion>
</Page>
</PcGts>