1600 2320
728 162 981 198 I. 5. Thukydides.
255 238 1459 297 tyrannenfamilie für vogelfrei erklärt ward. so lange die partei der ty-
252 288 1459 335 rannen nicht nur ruhig in Athen bleiben durfte, sondern ihre führer
250 334 1458 384 es bis zum archon bringen konnten (Hipparchos der sohn des Charmos
249 382 1455 441 495/4), war ein solcher beschluſs nicht möglich. wenn 507 diejenigen
247 431 1455 486 als hochverräter geächtet wurden, die im gefolge des Kleomenes gekommen
247 480 1454 537 waren und sich in Eleusis auch nach dem falle der burg gehalten hatten,
246 528 1452 583 so waren darunter nicht die tyrannen gewesen, denen mit dem oligarchen-
245 574 1452 625 regimente des Isagoras wenig gedient war. gerade diese drohende fremd-
244 622 1452 681 herrschaft zugleich und adelsherrschaft lieſs die bequeme tyrannenzeit
243 671 1451 729 wieder im gedächtnis aufleben und den groll über die letzten jahre des
243 719 1449 773 Hippias vergessen. erst die steigende demokratische richtung, nicht durch
243 768 1450 819 einen seesieg, aber durch den sieg von Marathon entfesselt, führte zur
240 816 1448 868 beseitigung der dynastengeschlechter, erst der Philaiden, dann der Pei-
241 865 1474 917 sistratiden, dann der Alkmeoniden. 487 verfiel Hipparchos dem scherben-
240 911 1445 968 gerichte. im frühjahr 480 ward gleichzeitig mit der aufhebung dieser ur-
238 958 1443 1019 teile den vom ostrakismos betroffenen bei strafe völliger atimie geboten
237 1006 1445 1069 westlich von dem äuſsersten westcap von Euboia und dem der Argolis
236 1054 1442 1113 zu bleiben. man fürchtete also ihren anschluſs an Persien. und 480
236 1104 1440 1161 erschienen Peisistratiden im gefolge des Xerxes und nahmen von den
233 1158 1439 1210 trümmern der burg besitz (Her. VIII 52. 54). jetzt hatten sie wirklich
232 1204 1439 1265 die acht verdient, jetzt erst hat sie sie getroffen. als das volk heimkehrte,
230 1253 1439 1314 hat es notorisch die statuen der tyrannenmörder sofort erneuern lassen.
231 1300 1437 1363 eben damals wird auch die erztafel aufgestellt sein, die das ganze ge-
229 1351 1436 1409 schlecht des Peisistratos ächtete. sollte es eine ältere gegeben haben,
228 1400 1435 1453 so war sie sicherlich zerstört, und wenn sie erneuert ward, so traten
225 1448 1435 1506 mehr personen jetzt in den bann. das läſst sich auch aus Lykurgos
225 1495 1432 1556 rede wider Leokrates 117 zeigen. er läſst den volksbeschluſs verlesen,
226 1543 1383 1596 in dem bestimmt war, daſs die statue des Hipparchos Charmos’ sohn,
255 152 316 179 114
364 1672 1150 1711 Krateros im schol. Ar. Lysistr. 273, vgl. Kydathen 71.
364 1712 1428 1766 Ar. 22, 8. wir finden das gesetz befolgt von Themistokles, der in Argos,
222 1743 1428 1806 und Thukydides des Melesias sohn, der auf Aigina lebte, aber nicht von Hyperbolos,
222 1782 1427 1839 der nach Samos gieng. indessen kann das unter den damaligen verhältnissen nicht
222 1821 1425 1882 befremden. seltsamer ist, daſs nach Andokides 3, 3 Kimon in der Chersones lebte.
220 1862 1424 1920 immerhin lag auch damals kein anlaſs vor, das veraltete gesetz wider den sohn
220 1901 1424 1963 des tyrannen der Chersones anzuwenden, zumal der krieg ihm den Peloponnes
216 1942 361 1967 verschloſs.
359 1984 1371 2045 Dies bezeugt die parische chronik für das jahr des Adeimantos 477/6.
360 2024 1419 2084 Es ist mir unverständlich, wie man bei Lykurg Ἵππαϱχος Τιμάϱχου dulden
214 2066 1421 2126 kann. der redner konnte natürlich irren, aber ihm lag doch hier das psephisma vor,
