<?xml version="1.0" encoding="UTF-8"?>
<PcGts xmlns="http://schema.primaresearch.org/PAGE/gts/pagecontent/2019-07-15" xmlns:xsi="http://www.w3.org/2001/XMLSchema-instance" xsi:schemaLocation="http://schema.primaresearch.org/PAGE/gts/pagecontent/2019-07-15 http://schema.primaresearch.org/PAGE/gts/pagecontent/2019-07-15/pagecontent.xsd">
<Metadata>
<Creator>regJS2PAGE.py</Creator>
<Created>2021-02-16T10:57:04.022082</Created>
<LastChange>2021-02-16T10:57:04.022082</LastChange>
</Metadata>
<Page imageFilename="tmp/wilamowitz_tragoedie_1889_0070.png" imageWidth="1600" imageHeight="2468">
<TextRegion id="block_0" custom="structure {type:header;}">
<Coords points="630,166 630,200 1083,200 1083,166 630,166"/>
<TextLine id="line_0">
<Coords points="630,168 676,168 679,168 741,168 758,168 814,168 831,167 936,167 954,166 1083,166 1083,200 954,200 936,193 831,193 814,193 758,193 741,193 679,193 676,193 630,193 630,168"/>
<Baseline points="630,193 676,193 679,193 741,193 758,193 814,193 831,193 936,193 954,200 1083,200"/>
<TextEquiv><Unicode>Was ist eine attische tragödie?</Unicode></TextEquiv>
</TextLine>

</TextRegion>
<TextRegion id="block_1" custom="structure {type:body;}">
<Coords points="228,251 228,302 227,302 227,343 227,344 271,344 271,394 271,402 249,402 249,444 248,452 248,495 248,503 248,542 247,553 247,595 246,598 246,642 246,653 246,693 247,704 247,745 245,754 245,793 246,803 246,843 245,854 245,893 243,905 243,943 242,955 242,993 241,1005 241,1047 245,1056 245,1095 242,1106 242,1147 242,1156 242,1195 241,1206 241,1245 1468,1245 1468,1206 1451,1195 1451,1156 1468,1147 1468,1106 1468,1095 1468,1056 1471,1047 1471,1005 1472,993 1472,955 1470,943 1470,905 1471,893 1471,854 1471,843 1471,803 1472,793 1472,754 1473,745 1473,704 1473,693 1473,653 1473,642 1473,598 1472,595 1472,553 1475,542 1475,503 1473,495 1473,452 1474,444 1474,402 1476,394 1476,344 1476,343 1476,302 1476,302 1476,251 228,251"/>
<TextLine id="line_1">
<Coords points="228,257 288,257 316,255 375,255 404,254 493,254 520,263 578,263 606,254 634,254 665,253 715,253 743,253 841,253 863,252 947,252 990,251 1047,251 1048,251 1194,251 1220,256 1338,256 1365,251 1399,251 1422,262 1476,262 1476,282 1422,282 1399,281 1365,281 1338,281 1220,281 1194,290 1048,290 1047,286 990,286 947,282 863,282 841,291 743,291 715,282 665,282 634,282 606,282 578,283 520,283 493,283 404,283 375,285 316,285 288,302 228,302 228,257"/>
<Baseline points="228,302 288,302 316,285 375,285 404,283 493,283 520,283 578,283 606,282 634,282 665,282 715,282 743,291 841,291 863,282 947,282 990,286 1047,286 1048,290 1194,290 1220,281 1338,281 1365,281 1399,281 1422,282 1476,282"/>
<TextEquiv><Unicode>ist und bleibt was in der poetik steht. die tragödie stammt ab von</Unicode></TextEquiv>
</TextLine>

<TextLine id="line_2">
<Coords points="227,303 308,303 335,310 459,310 483,304 533,304 555,303 766,303 795,303 836,303 859,303 895,303 917,307 1013,307 1034,302 1184,302 1207,311 1339,311 1364,303 1392,303 1416,303 1476,303 1476,332 1416,332 1392,331 1364,331 1339,340 1207,340 1184,341 1034,341 1013,332 917,332 895,332 859,332 836,332 795,332 766,342 555,342 533,333 483,333 459,343 335,343 308,336 227,336 227,303"/>
<Baseline points="227,336 308,336 335,343 459,343 483,333 533,333 555,342 766,342 795,332 836,332 859,332 895,332 917,332 1013,332 1034,341 1184,341 1207,340 1339,340 1364,331 1392,331 1416,332 1476,332"/>
<TextEquiv><Unicode>den sängern des dithyrambos; sie ist zuerst satyrspiel gewesen in leb-</Unicode></TextEquiv>
</TextLine>

<TextLine id="line_3">
<Coords points="271,357 348,357 364,354 582,354 603,349 667,349 685,344 804,344 826,352 961,352 985,352 1040,352 1064,352 1183,352 1208,352 1406,352 1427,353 1476,353 1476,382 1427,382 1406,394 1208,394 1183,381 1064,381 1040,381 985,381 961,390 826,390 804,391 685,391 667,382 603,382 582,393 364,393 348,386 271,386 271,357"/>
<Baseline points="271,386 348,386 364,393 582,393 603,382 667,382 685,391 804,391 826,390 961,390 985,381 1040,381 1064,381 1183,381 1208,394 1406,394 1427,382 1476,382"/>
<TextEquiv><Unicode>haften tanzrhythmen und lustiger sprache; den zweiten schauspieler hat</Unicode></TextEquiv>
</TextLine>

<TextLine id="line_4">
<Coords points="249,411 309,411 323,405 470,405 486,405 651,405 665,404 725,404 742,404 796,404 814,403 886,403 900,412 954,412 971,403 1022,403 1033,402 1336,402 1352,403 1474,403 1474,433 1352,433 1336,440 1033,440 1022,431 971,431 954,431 900,431 886,432 814,432 796,432 742,432 725,433 665,433 651,442 486,442 470,444 323,444 309,436 249,436 249,411"/>
<Baseline points="249,436 309,436 323,444 470,444 486,442 651,442 665,433 725,433 742,432 796,432 814,432 886,432 900,431 954,431 971,431 1022,431 1033,440 1336,440 1352,433 1474,433"/>
<TextEquiv><Unicode>erst Aischylos eingeführt und den chor von der protagonistenstelle zurück-</Unicode></TextEquiv>
</TextLine>

<TextLine id="line_5">
<Coords points="248,458 402,458 425,456 477,456 499,455 584,455 600,454 794,454 809,457 925,457 948,458 1005,458 1026,462 1082,462 1099,452 1272,452 1310,453 1362,453 1377,453 1473,453 1473,482 1377,482 1362,481 1310,481 1272,491 1099,491 1082,482 1026,482 1005,482 948,482 925,482 809,482 794,492 600,492 584,483 499,483 477,484 425,484 402,495 248,495 248,458"/>
<Baseline points="248,495 402,495 425,484 477,484 499,483 584,483 600,492 794,492 809,482 925,482 948,482 1005,482 1026,482 1082,482 1099,491 1272,491 1310,481 1362,481 1377,482 1473,482"/>
<TextEquiv><Unicode>gedrängt; der dritte schauspieler stammt erst von Sophokles. mit diesen</Unicode></TextEquiv>
</TextLine>

<TextLine id="line_6">
<Coords points="248,507 452,507 477,505 591,505 616,505 665,505 686,513 720,513 743,504 816,504 841,504 933,504 948,503 1030,503 1045,503 1219,503 1242,503 1294,503 1316,503 1475,503 1475,532 1316,532 1294,531 1242,531 1219,541 1045,541 1030,542 948,542 933,532 841,532 816,533 743,533 720,533 686,533 665,533 616,533 591,534 477,534 452,536 248,536 248,507"/>
<Baseline points="248,536 452,536 477,534 591,534 616,533 665,533 686,533 720,533 743,533 816,533 841,532 933,532 948,542 1030,542 1045,541 1219,541 1242,531 1294,531 1316,532 1475,532"/>
<TextEquiv><Unicode>allbekannten notizen hat zu allen zeiten jeder gerechnet; der fortschritt</Unicode></TextEquiv>
</TextLine>

<TextLine id="line_7">
<Coords points="247,557 318,557 340,556 408,556 425,556 517,556 541,555 601,555 619,555 672,555 687,559 799,559 811,553 877,553 893,558 1005,558 1022,553 1240,553 1255,553 1395,553 1411,555 1472,555 1472,583 1411,583 1395,583 1255,583 1240,590 1022,590 1005,591 893,591 877,592 811,592 799,583 687,583 672,583 619,583 601,585 541,585 517,591 425,591 408,595 340,595 318,586 247,586 247,557"/>
<Baseline points="247,586 318,586 340,595 408,595 425,591 517,591 541,585 601,585 619,583 672,583 687,583 799,583 811,592 877,592 893,591 1005,591 1022,590 1240,590 1255,583 1395,583 1411,583 1472,583"/>
<TextEquiv><Unicode>aber liegt darin, daſs wir erstens jede spätere überlieferung zunächst fern</Unicode></TextEquiv>
</TextLine>

<TextLine id="line_8">
<Coords points="246,598 353,598 381,607 516,607 539,606 604,606 626,605 803,605 827,604 917,604 942,603 1052,603 1083,604 1182,604 1204,603 1373,603 1395,605 1473,605 1473,633 1395,633 1373,633 1204,633 1182,632 1083,632 1052,639 942,639 917,633 827,633 803,642 626,642 604,635 539,635 516,636 381,636 353,642 246,642 246,598"/>
<Baseline points="246,642 353,642 381,636 516,636 539,635 604,635 626,642 803,642 827,633 917,633 942,639 1052,639 1083,632 1182,632 1204,633 1373,633 1395,633 1473,633"/>
<TextEquiv><Unicode>halten, zweitens eine vorstellung davon haben, woher Aristoteles seine</Unicode></TextEquiv>
</TextLine>

<TextLine id="line_9">
<Coords points="246,657 386,657 407,657 469,657 498,665 555,665 582,665 612,665 636,655 799,655 821,654 923,654 948,654 1065,654 1111,654 1148,654 1176,662 1208,662 1234,653 1281,653 1305,653 1400,653 1423,664 1473,664 1473,683 1423,683 1400,683 1305,683 1281,682 1234,682 1208,682 1176,682 1148,682 1111,682 1065,683 948,683 923,683 821,683 799,693 636,693 612,685 582,685 555,686 498,686 469,691 407,691 386,687 246,687 246,657"/>
<Baseline points="246,687 386,687 407,691 469,691 498,686 555,686 582,685 612,685 636,693 799,693 821,683 923,683 948,683 1065,683 1111,682 1148,682 1176,682 1208,682 1234,682 1281,682 1305,683 1400,683 1423,683 1473,683"/>
<TextEquiv><Unicode>kenntnis hat, was er überhaupt wissen konnte. ob er ein drama aus</Unicode></TextEquiv>
</TextLine>

<TextLine id="line_10">
<Coords points="247,709 312,709 336,707 467,707 489,706 680,706 695,705 810,705 828,705 886,705 910,704 945,704 960,704 1094,704 1119,704 1164,704 1180,709 1295,709 1311,704 1367,704 1382,704 1473,704 1473,734 1382,734 1367,733 1311,733 1295,743 1180,743 1164,733 1119,733 1094,741 960,741 945,733 910,733 886,738 828,738 810,744 695,744 680,745 489,745 467,736 336,736 312,737 247,737 247,709"/>
<Baseline points="247,737 312,737 336,736 467,736 489,745 680,745 695,744 810,744 828,738 886,738 910,733 945,733 960,741 1094,741 1119,733 1164,733 1180,743 1295,743 1311,733 1367,733 1382,734 1473,734"/>
<TextEquiv><Unicode>dem sechsten jahrhundert gelesen hat, ist fraglich; die spätere zeit besaſs</Unicode></TextEquiv>
</TextLine>

<TextLine id="line_11">
<Coords points="245,758 329,758 357,756 483,756 515,756 573,756 604,755 725,755 753,765 776,765 800,755 827,755 858,763 917,763 945,755 1035,755 1066,755 1113,755 1142,754 1312,754 1341,764 1398,764 1425,755 1472,755 1472,784 1425,784 1398,783 1341,783 1312,784 1142,784 1113,783 1066,783 1035,784 945,784 917,783 858,783 827,783 800,783 776,783 753,783 725,793 604,793 573,784 515,784 483,793 357,793 329,787 245,787 245,758"/>
<Baseline points="245,787 329,787 357,793 483,793 515,784 573,784 604,793 725,793 753,783 776,783 800,783 827,783 858,783 917,783 945,784 1035,784 1066,783 1113,783 1142,784 1312,784 1341,783 1398,783 1425,784 1472,784"/>
<TextEquiv><Unicode>keins mehr , und Thespis z. b. war schon für Aristoteles nur ein</Unicode></TextEquiv>
</TextLine>

<TextLine id="line_12">
<Coords points="246,817 339,817 378,806 530,806 549,806 660,806 679,814 711,814 733,803 909,803 933,814 1029,814 1051,805 1141,805 1165,813 1214,813 1236,804 1298,804 1323,804 1395,804 1416,805 1471,805 1471,834 1416,834 1395,833 1323,833 1298,833 1236,833 1214,833 1165,833 1141,839 1051,839 1029,843 933,843 909,834 733,834 711,834 679,834 660,834 549,834 530,837 378,837 339,837 246,837 246,817"/>
<Baseline points="246,837 339,837 378,837 530,837 549,834 660,834 679,834 711,834 733,834 909,834 933,843 1029,843 1051,839 1141,839 1165,833 1214,833 1236,833 1298,833 1323,833 1395,833 1416,834 1471,834"/>
<TextEquiv><Unicode>name. immerhin konnte er incunabeln genug lesen, um sich über den</Unicode></TextEquiv>
</TextLine>

<TextLine id="line_13">
<Coords points="245,857 396,857 418,857 468,857 490,857 610,857 635,855 739,855 761,864 795,864 819,855 1030,855 1067,855 1117,855 1137,854 1298,854 1322,854 1390,854 1405,864 1471,864 1471,890 1405,890 1390,883 1322,883 1298,892 1137,892 1117,884 1067,884 1030,884 819,884 795,884 761,884 739,893 635,893 610,886 490,886 468,886 418,886 396,887 245,887 245,857"/>
<Baseline points="245,887 396,887 418,886 468,886 490,886 610,886 635,893 739,893 761,884 795,884 819,884 1030,884 1067,884 1117,884 1137,892 1298,892 1322,883 1390,883 1405,890 1471,890"/>
<TextEquiv><Unicode>charakter des ältesten spieles zu unterrichten. das wichtigste aber war,</Unicode></TextEquiv>
</TextLine>

<TextLine id="line_14">
<Coords points="243,908 307,908 328,908 356,908 378,909 431,909 449,907 581,907 599,906 649,906 664,905 715,905 730,905 781,905 796,905 983,905 998,906 1049,906 1064,906 1153,906 1169,905 1321,905 1339,905 1470,905 1470,934 1339,934 1321,934 1169,934 1153,943 1064,943 1049,934 998,934 983,943 796,943 781,934 730,934 715,934 664,934 649,935 599,935 581,936 449,936 431,937 378,937 356,937 328,937 307,938 243,938 243,908"/>
<Baseline points="243,938 307,938 328,937 356,937 378,937 431,937 449,936 581,936 599,935 649,935 664,934 715,934 730,934 781,934 796,943 983,943 998,934 1049,934 1064,943 1153,943 1169,934 1321,934 1339,934 1470,934"/>
<TextEquiv><Unicode>daſs in den archiven des mit der ausrichtung der spiele betrauten beamten</Unicode></TextEquiv>
</TextLine>

<TextLine id="line_15">
<Coords points="242,959 305,959 329,958 377,958 399,958 498,958 520,957 578,957 601,955 790,955 805,955 934,955 956,955 1070,955 1095,965 1141,965 1162,956 1206,956 1223,955 1472,955 1472,992 1223,992 1206,985 1162,985 1141,985 1095,985 1070,990 956,990 934,984 805,984 790,993 601,993 578,986 520,986 498,986 399,986 377,987 329,987 305,989 242,989 242,959"/>
<Baseline points="242,989 305,989 329,987 377,987 399,986 498,986 520,986 578,986 601,993 790,993 805,984 934,984 956,990 1070,990 1095,985 1141,985 1162,985 1206,985 1223,992 1472,992"/>
<TextEquiv><Unicode>sich das reiche und zuverlässige material befand, um die aufführungszeit</Unicode></TextEquiv>
</TextLine>

<TextLine id="line_16">
<Coords points="241,1008 326,1008 351,1008 501,1008 531,1006 660,1006 690,1006 750,1006 779,1006 824,1006 855,1007 967,1007 997,1006 1184,1006 1213,1007 1264,1007 1293,1005 1471,1005 1471,1044 1293,1044 1264,1035 1213,1035 1184,1044 997,1044 967,1036 855,1036 824,1035 779,1035 750,1035 690,1035 660,1045 531,1045 501,1037 351,1037 326,1047 241,1047 241,1008"/>
<Baseline points="241,1047 326,1047 351,1037 501,1037 531,1045 660,1045 690,1035 750,1035 779,1035 824,1035 855,1036 967,1036 997,1044 1184,1044 1213,1035 1264,1035 1293,1044 1471,1044"/>
<TextEquiv><Unicode>jeder einzelnen tragödie und die äuſsere einrichtung der schauspiele</Unicode></TextEquiv>
</TextLine>

<TextLine id="line_17">
<Coords points="245,1059 362,1059 385,1068 420,1068 443,1058 561,1058 590,1057 649,1057 680,1056 725,1056 747,1056 820,1056 841,1056 886,1056 913,1057 1096,1057 1118,1057 1170,1057 1193,1056 1268,1056 1289,1061 1468,1061 1468,1086 1289,1086 1268,1086 1193,1086 1170,1085 1118,1085 1096,1095 913,1095 886,1085 841,1085 820,1085 747,1085 725,1085 680,1085 649,1085 590,1085 561,1092 443,1092 420,1088 385,1088 362,1088 245,1088 245,1059"/>
<Baseline points="245,1088 362,1088 385,1088 420,1088 443,1092 561,1092 590,1085 649,1085 680,1085 725,1085 747,1085 820,1085 841,1085 886,1085 913,1095 1096,1095 1118,1085 1170,1085 1193,1086 1268,1086 1289,1086 1468,1086"/>
<TextEquiv><Unicode>kennen zu lernen, und die über die heiligtümer der stadt verstreuten</Unicode></TextEquiv>
</TextLine>

<TextLine id="line_18">
<Coords points="242,1108 489,1108 506,1107 551,1107 572,1106 683,1106 699,1115 755,1115 770,1107 1012,1107 1027,1106 1102,1106 1117,1107 1162,1107 1177,1107 1325,1107 1340,1107 1468,1107 1468,1136 1340,1136 1325,1145 1177,1145 1162,1136 1117,1136 1102,1136 1027,1136 1012,1136 770,1136 755,1135 699,1135 683,1136 572,1136 551,1137 506,1137 489,1147 242,1147 242,1108"/>
<Baseline points="242,1147 489,1147 506,1137 551,1137 572,1136 683,1136 699,1135 755,1135 770,1136 1012,1136 1027,1136 1102,1136 1117,1136 1162,1136 1177,1145 1325,1145 1340,1136 1468,1136"/>
<TextEquiv><Unicode>weihgeschenke, die freilich nur ausnahmsweise über die persische invasion</Unicode></TextEquiv>
</TextLine>

<TextLine id="line_19">
<Coords points="242,1159 461,1159 485,1158 626,1158 649,1156 788,1156 812,1157 994,1157 1011,1157 1153,1157 1177,1157 1236,1157 1259,1158 1451,1158 1451,1195 1259,1195 1236,1186 1177,1186 1153,1186 1011,1186 994,1186 812,1186 788,1186 649,1186 626,1193 485,1193 461,1188 242,1188 242,1159"/>
<Baseline points="242,1188 461,1188 485,1193 626,1193 649,1186 788,1186 812,1186 994,1186 1011,1186 1153,1186 1177,1186 1236,1186 1259,1195 1451,1195"/>
<TextEquiv><Unicode>hinaufreichen konnten, brachten erwünschte controlle und erweiterung;</Unicode></TextEquiv>
</TextLine>

<TextLine id="line_20">
<Coords points="241,1210 283,1210 305,1210 366,1210 391,1207 593,1207 614,1216 670,1216 687,1207 855,1207 871,1207 1027,1207 1064,1207 1114,1207 1132,1216 1163,1216 1179,1206 1365,1206 1380,1212 1468,1212 1468,1236 1380,1236 1365,1243 1179,1243 1163,1236 1132,1236 1114,1236 1064,1236 1027,1245 871,1245 855,1236 687,1236 670,1236 614,1236 593,1238 391,1238 366,1239 305,1239 283,1239 241,1239 241,1210"/>
<Baseline points="241,1239 283,1239 305,1239 366,1239 391,1238 593,1238 614,1236 670,1236 687,1236 855,1236 871,1245 1027,1245 1064,1236 1114,1236 1132,1236 1163,1236 1179,1243 1365,1243 1380,1236 1468,1236"/>
<TextEquiv><Unicode>sie sind nachweislich von Aristoteles benutzt . das so gesammelte mate-</Unicode></TextEquiv>
</TextLine>

</TextRegion>
<TextRegion id="block_2" custom="structure {type:pageNum;}">
<Coords points="251,169 251,197 291,197 291,169 251,169"/>
<TextLine id="line_21">
<Coords points="251,169 291,169 291,197 251,197 251,169"/>
<Baseline points="251,197 291,197"/>
<TextEquiv><Unicode>50</Unicode></TextEquiv>
</TextLine>

</TextRegion>
<TextRegion id="block_3" custom="structure {type:note;}">
<Coords points="368,1288 368,1322 368,1330 240,1330 240,1363 241,1372 241,1406 240,1414 240,1451 239,1455 239,1488 239,1496 239,1532 238,1539 238,1576 239,1580 239,1613 238,1621 238,1659 236,1664 236,1696 236,1705 236,1739 235,1747 235,1779 235,1789 235,1825 224,1826 224,1864 234,1876 234,1902 234,1913 360,1913 360,1947 360,1955 235,1955 235,1989 234,1997 234,2032 233,2038 233,2073 233,2080 233,2111 232,2121 232,2154 231,2164 231,2199 1455,2199 1455,2164 1456,2154 1456,2121 1456,2111 1456,2080 1459,2073 1459,2038 1468,2032 1468,1997 1457,1989 1457,1955 1457,1947 1457,1913 365,1913 365,1902 365,1876 1459,1876 1459,1864 1459,1826 1459,1825 1459,1789 1460,1779 1460,1747 1460,1739 1460,1705 1461,1696 1461,1664 1462,1659 1462,1621 1463,1613 1463,1580 1464,1576 1464,1539 1465,1532 1465,1496 1465,1488 1465,1455 1465,1451 1465,1414 1466,1406 1466,1372 1467,1363 1467,1330 1468,1322 1468,1288 368,1288"/>
<TextLine id="line_22">
<Coords points="368,1291 422,1291 442,1291 564,1291 589,1290 622,1290 640,1290 696,1290 719,1289 957,1289 975,1289 1072,1289 1091,1288 1142,1288 1161,1289 1201,1289 1224,1289 1261,1289 1286,1292 1372,1292 1394,1296 1468,1296 1468,1320 1394,1320 1372,1320 1286,1320 1261,1314 1224,1314 1201,1313 1161,1313 1142,1314 1091,1314 1072,1321 975,1321 957,1322 719,1322 696,1314 640,1314 622,1314 589,1314 564,1315 442,1315 422,1316 368,1316 368,1291"/>
<Baseline points="368,1316 422,1316 442,1315 564,1315 589,1314 622,1314 640,1314 696,1314 719,1322 957,1322 975,1321 1072,1321 1091,1314 1142,1314 1161,1313 1201,1313 1224,1314 1261,1314 1286,1320 1372,1320 1394,1320 1468,1320"/>
<TextEquiv><Unicode>Von Choirilos ist eine mythographische angabe und ein als tropus ange-</Unicode></TextEquiv>
</TextLine>

<TextLine id="line_23">
<Coords points="240,1333 336,1333 348,1340 405,1340 422,1333 466,1333 482,1340 528,1340 546,1331 703,1331 734,1331 773,1331 792,1331 968,1331 984,1331 1083,1331 1102,1331 1145,1331 1164,1331 1233,1331 1250,1331 1327,1331 1354,1330 1412,1330 1430,1338 1467,1338 1467,1355 1430,1355 1412,1360 1354,1360 1327,1356 1250,1356 1233,1356 1164,1356 1145,1356 1102,1356 1083,1356 984,1356 968,1363 792,1363 773,1356 734,1356 703,1363 546,1363 528,1357 482,1357 466,1357 422,1357 405,1358 348,1358 336,1359 240,1359 240,1333"/>
<Baseline points="240,1359 336,1359 348,1358 405,1358 422,1357 466,1357 482,1357 528,1357 546,1363 703,1363 734,1356 773,1356 792,1363 968,1363 984,1356 1083,1356 1102,1356 1145,1356 1164,1356 1233,1356 1250,1356 1327,1356 1354,1360 1412,1360 1430,1355 1467,1355"/>
<TextEquiv><Unicode>führter vers auf uns gekommen. die grammatiker kennen ihn nicht mehr. jene er-</Unicode></TextEquiv>
</TextLine>

<TextLine id="line_24">
<Coords points="241,1376 400,1376 417,1374 518,1374 537,1374 594,1374 613,1373 663,1373 682,1373 726,1373 743,1373 915,1373 933,1373 1128,1373 1141,1374 1190,1374 1208,1372 1392,1372 1426,1372 1466,1372 1466,1397 1426,1397 1392,1405 1208,1405 1190,1398 1141,1398 1128,1398 933,1398 915,1398 743,1398 726,1397 682,1397 663,1398 613,1398 594,1398 537,1398 518,1399 417,1399 400,1406 241,1406 241,1376"/>
<Baseline points="241,1406 400,1406 417,1399 518,1399 537,1398 594,1398 613,1398 663,1398 682,1397 726,1397 743,1398 915,1398 933,1398 1128,1398 1141,1398 1190,1398 1208,1405 1392,1405 1426,1397 1466,1397"/>
<TextEquiv><Unicode>wähnungen können sehr wol auf schriftsteller aristotelischer zeit zurückgehen. die</Unicode></TextEquiv>
</TextLine>

<TextLine id="line_25">
<Coords points="240,1417 366,1417 379,1416 517,1416 532,1415 576,1415 589,1414 702,1414 716,1417 837,1417 851,1415 899,1415 912,1422 956,1422 969,1415 1049,1415 1063,1415 1361,1415 1375,1414 1465,1414 1465,1445 1375,1445 1361,1447 1063,1447 1049,1440 969,1440 956,1440 912,1440 899,1439 851,1439 837,1439 716,1439 702,1440 589,1440 576,1440 532,1440 517,1448 379,1448 366,1451 240,1451 240,1417"/>
<Baseline points="240,1451 366,1451 379,1448 517,1448 532,1440 576,1440 589,1440 702,1440 716,1439 837,1439 851,1439 899,1439 912,1440 956,1440 969,1440 1049,1440 1063,1447 1361,1447 1375,1445 1465,1445"/>
<TextEquiv><Unicode>lyrischen fragmente des Pratinas stammen alle aus einem musikgeschichtlichen werke,</Unicode></TextEquiv>
</TextLine>

<TextLine id="line_26">
<Coords points="239,1460 270,1460 290,1459 326,1459 343,1458 395,1458 415,1458 459,1458 474,1457 556,1457 578,1457 711,1457 735,1464 785,1464 808,1456 876,1456 894,1455 1005,1455 1024,1456 1057,1456 1075,1456 1115,1456 1135,1459 1199,1459 1217,1464 1261,1464 1280,1455 1465,1455 1465,1486 1280,1486 1261,1481 1217,1481 1199,1481 1135,1481 1115,1481 1075,1481 1057,1480 1024,1480 1005,1488 894,1488 876,1481 808,1481 785,1481 735,1481 711,1486 578,1486 556,1482 474,1482 459,1483 415,1483 395,1483 343,1483 326,1484 290,1484 270,1485 239,1485 239,1460"/>
<Baseline points="239,1485 270,1485 290,1484 326,1484 343,1483 395,1483 415,1483 459,1483 474,1482 556,1482 578,1486 711,1486 735,1481 785,1481 808,1481 876,1481 894,1488 1005,1488 1024,1480 1057,1480 1075,1481 1115,1481 1135,1481 1199,1481 1217,1481 1261,1481 1280,1486 1465,1486"/>
<TextEquiv><Unicode>da sie sich auf musik beziehen; von einer tragödie ist ein wort aus zoologischem</Unicode></TextEquiv>
</TextLine>

<TextLine id="line_27">
<Coords points="239,1502 360,1502 379,1501 494,1501 513,1499 562,1499 581,1507 626,1507 644,1499 725,1499 744,1498 919,1498 939,1498 985,1498 998,1496 1157,1496 1168,1498 1228,1498 1241,1497 1365,1497 1395,1497 1465,1497 1465,1522 1395,1522 1365,1523 1241,1523 1228,1523 1168,1523 1157,1530 998,1530 985,1522 939,1522 919,1523 744,1523 725,1524 644,1524 626,1524 581,1524 562,1524 513,1524 494,1532 379,1532 360,1527 239,1527 239,1502"/>
<Baseline points="239,1527 360,1527 379,1532 494,1532 513,1524 562,1524 581,1524 626,1524 644,1524 725,1524 744,1523 919,1523 939,1522 985,1522 998,1530 1157,1530 1168,1523 1228,1523 1241,1523 1365,1523 1395,1522 1465,1522"/>
<TextEquiv><Unicode>interesse gerettet, wol aus einem schriftsteller wie Speusippos oder Phainias. mehr</Unicode></TextEquiv>
</TextLine>

<TextLine id="line_28">
<Coords points="238,1544 294,1544 312,1550 338,1550 355,1550 404,1550 424,1539 588,1539 607,1539 676,1539 694,1540 761,1540 780,1540 819,1540 838,1539 1052,1539 1076,1539 1184,1539 1203,1540 1267,1540 1285,1539 1325,1539 1344,1546 1464,1546 1464,1570 1344,1570 1325,1565 1285,1565 1267,1565 1203,1565 1184,1565 1076,1565 1052,1573 838,1573 819,1565 780,1565 761,1565 694,1565 676,1565 607,1565 588,1572 424,1572 404,1567 355,1567 338,1568 312,1568 294,1576 238,1576 238,1544"/>
<Baseline points="238,1576 294,1576 312,1568 338,1568 355,1567 404,1567 424,1572 588,1572 607,1565 676,1565 694,1565 761,1565 780,1565 819,1565 838,1573 1052,1573 1076,1565 1184,1565 1203,1565 1267,1565 1285,1565 1325,1565 1344,1570 1464,1570"/>
<TextEquiv><Unicode>gibt es von Phrynichos, nicht bloſs bei mythographen, sondern auch bei gramma-</Unicode></TextEquiv>
</TextLine>

<TextLine id="line_29">
<Coords points="239,1585 329,1585 356,1583 429,1583 449,1582 502,1582 521,1582 560,1582 578,1589 627,1589 647,1582 696,1582 711,1582 854,1582 870,1581 995,1581 1011,1581 1079,1581 1092,1589 1137,1589 1150,1581 1193,1581 1205,1582 1255,1582 1273,1581 1317,1581 1330,1580 1463,1580 1463,1613 1330,1613 1317,1607 1273,1607 1255,1606 1205,1606 1193,1606 1150,1606 1137,1606 1092,1606 1079,1606 1011,1606 995,1613 870,1613 854,1607 711,1607 696,1606 647,1606 627,1607 578,1607 560,1606 521,1606 502,1608 449,1608 429,1608 356,1608 329,1610 239,1610 239,1585"/>
<Baseline points="239,1610 329,1610 356,1608 429,1608 449,1608 502,1608 521,1606 560,1606 578,1607 627,1607 647,1606 696,1606 711,1607 854,1607 870,1613 995,1613 1011,1606 1079,1606 1092,1606 1137,1606 1150,1606 1193,1606 1205,1606 1255,1606 1273,1607 1317,1607 1330,1613 1463,1613"/>
<TextEquiv><Unicode>tikern. allein daſs die von ihm erhaltenen tragödien nicht aus der zeit des Aischylos</Unicode></TextEquiv>
</TextLine>

<TextLine id="line_30">
<Coords points="238,1633 355,1633 374,1626 466,1626 488,1625 521,1625 539,1624 624,1624 642,1624 783,1624 801,1624 865,1624 885,1623 1100,1623 1137,1624 1169,1624 1189,1625 1318,1625 1336,1621 1462,1621 1462,1655 1336,1655 1318,1656 1189,1656 1169,1648 1137,1648 1100,1649 885,1649 865,1649 801,1649 783,1649 642,1649 624,1649 539,1649 521,1649 488,1649 466,1655 374,1655 355,1659 238,1659 238,1633"/>
<Baseline points="238,1659 355,1659 374,1655 466,1655 488,1649 521,1649 539,1649 624,1649 642,1649 783,1649 801,1649 865,1649 885,1649 1100,1649 1137,1648 1169,1648 1189,1656 1318,1656 1336,1655 1462,1655"/>
<TextEquiv><Unicode>gewesen wären, ist weder erweislich noch wahrscheinlich. im gröſseren publicum</Unicode></TextEquiv>
</TextLine>

<TextLine id="line_31">
<Coords points="236,1669 270,1669 288,1668 312,1668 331,1667 377,1667 396,1665 601,1665 615,1665 812,1665 832,1664 895,1664 914,1664 967,1664 985,1664 1035,1664 1054,1664 1084,1664 1104,1667 1184,1667 1202,1672 1251,1672 1271,1665 1350,1665 1370,1665 1461,1665 1461,1691 1370,1691 1350,1690 1271,1690 1251,1689 1202,1689 1184,1689 1104,1689 1084,1688 1054,1688 1035,1688 985,1688 967,1689 914,1689 895,1690 832,1690 812,1696 615,1696 601,1690 396,1690 377,1692 331,1692 312,1692 288,1692 270,1693 236,1693 236,1669"/>
<Baseline points="236,1693 270,1693 288,1692 312,1692 331,1692 377,1692 396,1690 601,1690 615,1696 812,1696 832,1690 895,1690 914,1689 967,1689 985,1688 1035,1688 1054,1688 1084,1688 1104,1689 1184,1689 1202,1689 1251,1689 1271,1690 1350,1690 1370,1691 1461,1691"/>
<TextEquiv><Unicode>ist in den vorchristlichen jahrhunderten noch hier und da etwas von einem andern</Unicode></TextEquiv>
</TextLine>

<TextLine id="line_32">
<Coords points="236,1710 332,1710 344,1709 381,1709 396,1708 443,1708 457,1707 539,1707 553,1707 654,1707 668,1707 717,1707 731,1706 838,1706 851,1705 966,1705 985,1705 1049,1705 1062,1706 1175,1706 1188,1706 1221,1706 1234,1714 1280,1714 1292,1706 1331,1706 1345,1707 1460,1707 1460,1732 1345,1732 1331,1732 1292,1732 1280,1731 1234,1731 1221,1731 1188,1731 1175,1731 1062,1731 1049,1730 985,1730 966,1731 851,1731 838,1739 731,1739 717,1731 668,1731 654,1739 553,1739 539,1732 457,1732 443,1732 396,1732 381,1734 344,1734 332,1735 236,1735 236,1710"/>
<Baseline points="236,1735 332,1735 344,1734 381,1734 396,1732 443,1732 457,1732 539,1732 553,1739 654,1739 668,1731 717,1731 731,1739 838,1739 851,1731 966,1731 985,1730 1049,1730 1062,1731 1175,1731 1188,1731 1221,1731 1234,1731 1280,1731 1292,1732 1331,1732 1345,1732 1460,1732"/>
<TextEquiv><Unicode>dichter als den dreien gelesen und gespielt worden: nach Christus ist nur die kenntnis</Unicode></TextEquiv>
</TextLine>

<TextLine id="line_33">
<Coords points="235,1752 281,1752 299,1751 340,1751 360,1750 399,1750 416,1748 533,1748 553,1748 731,1748 749,1748 799,1748 821,1748 884,1748 904,1750 974,1750 996,1747 1136,1747 1162,1747 1192,1747 1212,1748 1275,1748 1295,1753 1460,1753 1460,1774 1295,1774 1275,1773 1212,1773 1192,1772 1162,1772 1136,1779 996,1779 974,1772 904,1772 884,1773 821,1773 799,1773 749,1773 731,1773 553,1773 533,1773 416,1773 399,1774 360,1774 340,1776 299,1776 281,1777 235,1777 235,1752"/>
<Baseline points="235,1777 281,1777 299,1776 340,1776 360,1774 399,1774 416,1773 533,1773 553,1773 731,1773 749,1773 799,1773 821,1773 884,1773 904,1772 974,1772 996,1779 1136,1779 1162,1772 1192,1772 1212,1773 1275,1773 1295,1774 1460,1774"/>
<TextEquiv><Unicode>des Ion bei Plutarch nachweislich und auch sonst glaublich, da noch commentare</Unicode></TextEquiv>
</TextLine>

<TextLine id="line_34">
<Coords points="235,1792 398,1792 412,1791 520,1791 547,1790 586,1790 594,1791 717,1791 732,1790 842,1790 855,1790 891,1790 904,1797 960,1797 974,1789 1057,1789 1076,1789 1144,1789 1162,1789 1245,1789 1264,1789 1319,1789 1338,1791 1388,1791 1407,1791 1459,1791 1459,1816 1407,1816 1388,1815 1338,1815 1319,1815 1264,1815 1245,1819 1162,1819 1144,1814 1076,1814 1057,1821 974,1821 960,1814 904,1814 891,1814 855,1814 842,1822 732,1822 717,1822 594,1822 586,1815 547,1815 520,1816 412,1816 398,1825 235,1825 235,1792"/>
<Baseline points="235,1825 398,1825 412,1816 520,1816 547,1815 586,1815 594,1822 717,1822 732,1822 842,1822 855,1814 891,1814 904,1814 960,1814 974,1821 1057,1821 1076,1814 1144,1814 1162,1819 1245,1819 1264,1815 1319,1815 1338,1815 1388,1815 1407,1816 1459,1816"/>
<TextEquiv><Unicode>geschrieben werden. die jüngeren tragiker las man längst nicht mehr; daſs sich ein-</Unicode></TextEquiv>
</TextLine>

<TextLine id="line_35">
<Coords points="224,1826 307,1826 324,1841 395,1841 417,1833 442,1833 461,1832 501,1832 520,1832 657,1832 680,1834 788,1834 812,1832 907,1832 932,1831 1038,1831 1061,1838 1120,1838 1146,1832 1193,1832 1216,1831 1252,1831 1276,1831 1351,1831 1369,1831 1459,1831 1459,1864 1369,1864 1351,1856 1276,1856 1252,1856 1216,1856 1193,1856 1146,1856 1120,1861 1061,1861 1038,1856 932,1856 907,1862 812,1862 788,1863 680,1863 657,1864 520,1864 501,1858 461,1858 442,1857 417,1857 395,1859 324,1859 307,1860 224,1860 224,1826"/>
<Baseline points="224,1860 307,1860 324,1859 395,1859 417,1857 442,1857 461,1858 501,1858 520,1864 657,1864 680,1863 788,1863 812,1862 907,1862 932,1856 1038,1856 1061,1861 1120,1861 1146,1856 1193,1856 1216,1856 1252,1856 1276,1856 1351,1856 1369,1864 1459,1864"/>
<TextEquiv><Unicode>zelne verse in die florilegien gerettet haben, beweist nur, wie alt deren grund-</Unicode></TextEquiv>
</TextLine>

<TextLine id="line_36">
<Coords points="234,1876 308,1876 324,1876 365,1876 365,1901 324,1901 308,1902 234,1902 234,1876"/>
<Baseline points="234,1902 308,1902 324,1901 365,1901"/>
<TextEquiv><Unicode>stock ist.</Unicode></TextEquiv>
</TextLine>

<TextLine id="line_37">
<Coords points="360,1917 391,1917 404,1916 470,1916 482,1916 521,1916 534,1914 655,1914 669,1914 864,1914 878,1922 966,1922 983,1913 1130,1913 1144,1914 1235,1914 1254,1921 1293,1921 1312,1913 1383,1913 1398,1916 1420,1916 1433,1915 1457,1915 1457,1939 1433,1939 1420,1939 1398,1939 1383,1939 1312,1939 1293,1945 1254,1945 1235,1946 1144,1946 1130,1939 983,1939 966,1946 878,1946 864,1947 669,1947 655,1947 534,1947 521,1940 482,1940 470,1941 404,1941 391,1941 360,1941 360,1917"/>
<Baseline points="360,1941 391,1941 404,1941 470,1941 482,1940 521,1940 534,1947 655,1947 669,1947 864,1947 878,1946 966,1946 983,1939 1130,1939 1144,1946 1235,1946 1254,1945 1293,1945 1312,1939 1383,1939 1398,1939 1420,1939 1433,1939 1457,1939"/>
<TextEquiv><Unicode>Er führt ein gemälde, weihgeschenk wegen komischen sieges, an, Polit. Θ 6.</Unicode></TextEquiv>
</TextLine>

<TextLine id="line_38">
<Coords points="235,1960 276,1960 293,1960 376,1960 393,1958 467,1958 485,1959 664,1959 683,1957 787,1957 806,1956 861,1956 874,1956 913,1956 926,1955 1082,1955 1101,1955 1146,1955 1162,1955 1231,1955 1249,1955 1457,1955 1457,1987 1249,1987 1231,1981 1162,1981 1146,1981 1101,1981 1082,1981 926,1981 913,1981 874,1981 861,1981 806,1981 787,1987 683,1987 664,1989 485,1989 467,1983 393,1983 376,1984 293,1984 276,1986 235,1986 235,1960"/>
<Baseline points="235,1986 276,1986 293,1984 376,1984 393,1983 467,1983 485,1989 664,1989 683,1987 787,1987 806,1981 861,1981 874,1981 913,1981 926,1981 1082,1981 1101,1981 1146,1981 1162,1981 1231,1981 1249,1987 1457,1987"/>
<TextEquiv><Unicode>die früher meist vorgetragene ansicht, daſs die didaskalien auf diese weihgeschenke</Unicode></TextEquiv>
</TextLine>

<TextLine id="line_39">
<Coords points="234,2002 310,2002 327,2000 541,2000 565,1999 598,1999 616,2006 678,2006 697,1998 823,1998 858,1999 893,1999 912,1998 1039,1998 1058,1997 1109,1997 1127,1997 1208,1997 1227,1997 1293,1997 1310,1997 1348,1997 1367,2005 1468,2005 1468,2022 1367,2022 1348,2022 1310,2022 1293,2022 1227,2022 1208,2027 1127,2027 1109,2022 1058,2022 1039,2022 912,2022 893,2023 858,2023 823,2023 697,2023 678,2030 616,2030 598,2023 565,2023 541,2032 327,2032 310,2027 234,2027 234,2002"/>
<Baseline points="234,2027 310,2027 327,2032 541,2032 565,2023 598,2023 616,2030 678,2030 697,2023 823,2023 858,2023 893,2023 912,2022 1039,2022 1058,2022 1109,2022 1127,2027 1208,2027 1227,2022 1293,2022 1310,2022 1348,2022 1367,2022 1468,2022"/>
<TextEquiv><Unicode>allein zurückgiengen, ist ganz verkehrt. sie enthalten viel mehr; denn die namen</Unicode></TextEquiv>
</TextLine>

<TextLine id="line_40">
<Coords points="233,2043 277,2043 289,2042 386,2042 404,2041 447,2041 461,2040 639,2040 652,2042 833,2042 851,2040 901,2040 920,2039 994,2039 1012,2038 1101,2038 1120,2046 1205,2046 1223,2039 1394,2039 1413,2039 1459,2039 1459,2064 1413,2064 1394,2064 1223,2064 1205,2064 1120,2064 1101,2064 1012,2064 994,2064 920,2064 901,2065 851,2065 833,2065 652,2065 639,2072 461,2072 447,2067 404,2067 386,2073 289,2073 277,2069 233,2069 233,2043"/>
<Baseline points="233,2069 277,2069 289,2073 386,2073 404,2067 447,2067 461,2072 639,2072 652,2065 833,2065 851,2065 901,2065 920,2064 994,2064 1012,2064 1101,2064 1120,2064 1205,2064 1223,2064 1394,2064 1413,2064 1459,2064"/>
<TextEquiv><Unicode>der stücke, der unterlegenen concurrenten und deren stücke waren nimmermehr auf</Unicode></TextEquiv>
</TextLine>

<TextLine id="line_41">
<Coords points="233,2085 330,2085 348,2092 379,2092 398,2084 474,2084 502,2082 555,2082 573,2081 628,2081 641,2082 820,2082 833,2081 931,2081 945,2080 1144,2080 1171,2080 1227,2080 1239,2080 1312,2080 1326,2081 1382,2081 1399,2088 1456,2088 1456,2106 1399,2106 1382,2106 1326,2106 1312,2105 1239,2105 1227,2105 1171,2105 1144,2106 945,2106 931,2106 833,2106 820,2107 641,2107 628,2107 573,2107 555,2107 502,2107 474,2108 398,2108 379,2109 348,2109 330,2111 233,2111 233,2085"/>
<Baseline points="233,2111 330,2111 348,2109 379,2109 398,2108 474,2108 502,2107 555,2107 573,2107 628,2107 641,2107 820,2107 833,2106 931,2106 945,2106 1144,2106 1171,2105 1227,2105 1239,2105 1312,2105 1326,2106 1382,2106 1399,2106 1456,2106"/>
<TextEquiv><Unicode>steinen zu lesen. also sind archivalische studien unzweifelhaft. dort stand aber ver-</Unicode></TextEquiv>
</TextLine>

<TextLine id="line_42">
<Coords points="232,2126 337,2126 359,2125 423,2125 446,2124 503,2124 526,2124 576,2124 599,2124 683,2124 704,2123 754,2123 772,2131 793,2131 812,2123 836,2123 859,2131 913,2131 937,2123 983,2123 1007,2123 1069,2123 1092,2121 1391,2121 1416,2130 1456,2130 1456,2148 1416,2148 1391,2154 1092,2154 1069,2147 1007,2147 983,2147 937,2147 913,2148 859,2148 836,2148 812,2148 793,2149 772,2149 754,2148 704,2148 683,2154 599,2154 576,2149 526,2149 503,2149 446,2149 423,2150 359,2150 337,2152 232,2152 232,2126"/>
<Baseline points="232,2152 337,2152 359,2150 423,2150 446,2149 503,2149 526,2149 576,2149 599,2154 683,2154 704,2148 754,2148 772,2149 793,2149 812,2148 836,2148 859,2148 913,2148 937,2147 983,2147 1007,2147 1069,2147 1092,2154 1391,2154 1416,2148 1456,2148"/>
<TextEquiv><Unicode>mutlich noch sehr viel mehr, und z. b. was wir über costumveränderungen er-</Unicode></TextEquiv>
</TextLine>

<TextLine id="line_43">
<Coords points="231,2168 330,2168 349,2167 410,2167 429,2167 505,2167 523,2169 652,2169 688,2173 744,2173 763,2165 857,2165 875,2165 939,2165 958,2164 1028,2164 1046,2166 1190,2166 1214,2171 1288,2171 1307,2164 1372,2164 1390,2171 1455,2171 1455,2196 1390,2196 1372,2189 1307,2189 1288,2189 1214,2189 1190,2196 1046,2196 1028,2189 958,2189 939,2190 875,2190 857,2190 763,2190 744,2191 688,2191 652,2191 523,2191 505,2192 429,2192 410,2192 349,2192 330,2199 231,2199 231,2168"/>
<Baseline points="231,2199 330,2199 349,2192 410,2192 429,2192 505,2192 523,2191 652,2191 688,2191 744,2191 763,2190 857,2190 875,2190 939,2190 958,2189 1028,2189 1046,2196 1190,2196 1214,2189 1288,2189 1307,2189 1372,2189 1390,2196 1455,2196"/>
<TextEquiv><Unicode>fahren, wird daher stammen. man könnte noch mehr vermuten, wenn nicht ganz</Unicode></TextEquiv>
</TextLine>

</TextRegion>
</Page>
</PcGts>