1600 2316
205 205 1408 251 für die gebilde der speculation wurden überhaupt mode. gar nicht
206 253 1408 297 unwitzig zeichnete Isokrates einen solchen utopischen könig in dem stil-
207 301 1408 346 gemäſs umgebildeten Buseiris, der immer ein mehr scurriler als schreck-
206 349 1407 396 licher Oger gewesen war. aber derselbe Isokrates hatte noch mehr er-
205 397 1408 446 folg, als er mit patriotisch ernster miene ein bild des demokraten-
206 446 1409 494 königs Theseus entwarf. das complement der sehnsucht nach einem
205 495 1410 541 weltenherrscher ist die verleugnung von staat und gesellschaft, die beide
206 545 1410 586 dem Hellenen auf die würde des freien zum gehorchen und gebieten gleich
206 594 1411 639 geschickten mannes gegründet schienen. das neue evangelium, daſs der
206 643 1410 687 mensch erst frei und glücklich würde, wenn er wie der hund lebte,
205 692 1410 734 ward mit litterarisch nicht geringem erfolge verkündet; wenn die menge
205 737 1410 778 von den extremsten ausschreitungen am meisten gepackt ward, so ge-
205 783 1409 830 wann der egoistische oder auch der philanthropische individualismus bei
207 832 1409 875 den gebildeten sehr viel terrain. aber diese negation des staates kann
209 880 1424 922 sich der einzelne in wahrheit nur erlauben, so lange trotz ihm die ge-
209 929 1412 969 sellschaft und der staat weiter existiren und ihm die ruhige existenz
210 977 1412 1015 sichern, auf daſs er sie negiere. Platon, gleich erhaben über die kümmer-
210 1025 1411 1064 lichen staatswesen der gegenwart wie über den schweine- und den
209 1075 1412 1112 hundestaat, auch den herden- oder militärstaat der speculation, scheute
210 1124 1413 1162 sich doch nicht vor den äuſsersten consequenzen, als er von einem be-
209 1174 1412 1216 griffe aus, dem der gerechtigkeit, den menschen als politisches wesen
208 1225 1414 1263 und den staat construirte. er scheute auch vor dem gedanken nicht
209 1274 1415 1316 zurück, selbst mit dem gewaltmittel der tyrannis die welt zu der besten oder
211 1322 1415 1365 bestmöglichen gesellschaftsordnung, zu tugend und glück zu zwingen. er
211 1368 1415 1412 wagte sich auch an den litterarischen versuch, die summe der weltgeschichte
474 124 1142 163 II. 1. Die quellen der griechischen geschichte.
207 134 245 160 14
342 1447 1415 1483 Bisher sehr wenig erforscht sind die umarbeitungen der alten heroensage,
212 1487 1415 1525 und die novellen dieser zeit, werke wie das des Herodoros über Herakles, der
212 1529 1416 1567 Dreifuſs des Andron, die Nosten des Antikleides, der Abaris des Herakleides. es ist
212 1571 1416 1605 sehr wenig damit erzielt, wenn man das eine zu der historie, das andere zur phi-
212 1611 1416 1648 losophie wirft. die pragmatisirung der Heraklessage kann sehr gut eine politische
213 1650 1418 1689 tendenz wie die Kyropaedie oder eine philosophische wie der Herakles des Anti-
213 1689 1417 1725 sthenes gehabt haben. die absicht zu unterhalten braucht den philosophen auch nicht
214 1728 1415 1768 fern gelegen zu haben. der sokratische dialog und die isokrateische rede sind nicht
194 1768 1416 1809 genieſsbar ohne eine stärkere vorbildung: was hat damals das breite publicum an
214 1809 1052 1848 lesestoff erhalten? diese frage fordert auch eine antwort.
339 1846 1418 1888 Der schweinestaat, den er Pol. 2, 372d construirt, ist mit nichten der hunde-
215 1887 1417 1922 staat des Antisthenes: sonst würde er so heiſsen. es ist ein staat auf der grundlage
216 1926 1418 1963 des gemeinen materiellen bedürfnisses errichtet; was Platon beweist, ist daſs selbst
216 1967 1418 2008 ein solcher die herrschenden bilden muſs, und wenn sie bildung besitzen, verschiebt
215 2007 1417 2049 sich von selbst die grundlage des staates. der schweinestaat ist der staat des
214 2050 550 2078 Manchester-liberalismus.
