1600 2316
625 64 1046 96 II. 5. Die könige von Athen.
106 299 202 328 Ion und
80 326 226 347 seine söhne.
236 146 1442 185 rechnung verschiebt. ich fürchte nur, daſs dialektik hier nicht weiter
237 194 1441 234 hilft: aber die fixirung irgend einer person der reihe kann das ganze
236 244 992 281 feststellen; das ist mir leider nicht gelungen.
319 291 1441 331 Einen ganz anderen charakter als die einzelfiguren der alten my-
237 340 1442 380 thischen könige und die königsliste der chronik hat die genealogie
236 388 1443 430 Apollon-Ion-Geleon  Hoples  Argadeus Aigikores, die ersten vier
236 438 1441 478 phylenkönige.  die vier namen sind als singulare und personen so
235 485 1439 528 erbärmlich erfunden wie etwa aus den Εἰκαδῆς, die an der εἰκάς ein
234 535 1442 575 festmal halten, der heros Εἰκαδεύς. und wenn einmal Aigeus sohn des
233 585 1443 623 Aigikores heiſst, um des anklanges der namen willen, und eine tochter
238 64 296 91 136
374 664 1441 698 Euripides (Ion 1579) und Apollonios der Rhodier (1, 95) schreiben Τελέων,
235 706 1441 738 und wenigstens bei diesem kann es kaum ein schreibfehler sein. auch bei Pollux
235 744 1442 778 8, 109 steht es. so ist es wol eine bereits absichtlich τοὺς ἐν τέλει hineintragende
233 784 1440 819 änderung. aber dann muſsten die Geleonten schon recht obscur geworden sein.
234 823 1442 853 sonst ist Geleon als vater des Butes, zumal seine gattin tochter des Eridanos ist
235 862 1440 895 (Comment. grammat. II 12), immer noch die beste dieser figuren. die Butaden sind
236 902 1269 934 Geleonten gewesen und sind städtischer adel; weiter liegt nichts darin.
377 940 1439 976 ὁπλῆτες ὡς γυμνῆτες. es ist das gegenteil aller methode, von dem namen
234 981 1440 1016 des herrn Ὅπλης auszugehn, dies angebliche hypokoristikon zu einem vollnamen nach
234 1025 1230 1053 belieben zu machen und dann aus diesem weitere schlüsse zu ziehn.
374 1063 1439 1104 Herodot setzt die genetive Ἀϱγαδέος und Αἰγικόϱεω neben einander und
232 1109 1442 1146 diese form gibt auch das Demosthenesscholion 24, 18. die bildung auf -ευς greift
232 1152 1442 1187 in der alten zeit sehr weit; nur damals ist sie auch hypokoristisch. Τετϱαπολῆς
236 1192 1441 1229 Τϱιτοπατϱῆς Εἰκαδῆς, die phratrien Δυαλῆς Φιλιῆς, die ephesischen phylen Βωϱεῖς,
230 1233 1441 1268 Ἐφεσεῖς sind am ehesten vergleichbar. die weiterbildung von gentilicia, ἀηδονιδεύς,
233 1274 1441 1309 λυκιδεύς u. s. w. (Aristoph. Byz. 114 N.), und spielend danach gebildete Μαιαδεύς,
232 1315 1441 1350 (der kleine Hermes), Χαιϱιδῆς βομβαύλιοι bei Aristophanes, Αἰακιδεύς (gewiſs auch
231 1353 1441 1389 singulär, Philoxenos im EM. s. v.), können hier nichts helfen. Ἀϱγαδεύς mit Argos zu
232 1395 1441 1429 verbinden verwehrt die grammatik: wo käme denn das a her? ich könnte mehr geben,
233 1435 1440 1469 aber dies dürfte genügen, um die versuche, aus diesen namen capital zu schlagen, so
231 1474 1442 1513 lange auf sich beruhen zu lassen, wie sie mit nichts weiterem als den namen ope-
230 1515 1439 1552 riren. dafür will ich das so viel besprochene βασιλεύς in diese reihe stellen. in ihm
230 1555 1443 1596 ist der singular offenbar abusiv, die βασιλῆες sind so gut wie die Φιλιῆς und Ἰκαϱιῆς
235 1595 1441 1633 das ursprüngliche. angestammte könige, wie die der Spartiaten, sind keine βασιλεῖς
232 1636 1439 1674 sondern ἀϱχαγέται, erst aus der ionischen panhellenischen sprache nehmen sie den
232 1675 1440 1713 fremden titel an. abgeleitet ist das wort von βασίλη, und βασιλίδαι steht daneben
231 1717 1441 1752 (so auch wider den Regius A bei Platon Kritias 116c zu schreiben); dieses wort
232 1755 1441 1791 steht vereinzelt in der griechischen sprache, genauer der ionischen, stammend aus
232 1793 1440 1835 einer der mundarten, die in sie aufgegangen sind. es kann also aus dem grie-
235 1833 1439 1871 chischen nicht erklärt werden, und eine gleichsetzung mit irgend einem ganz fremden
232 1874 1440 1918 wird niemals seine wirkliche bedeutung erklären. das dagegen lehrt das griechische,
230 1913 1440 1954 daſs die βασιλῆες keine monarchen mehr waren, und der einzelne βασιλεύς nur
225 1956 1442 1995 primus inter pares, wie Odysseus in Ithaka. es ist sehr bezeichnend, daſs Ζεὺς
232 1997 1102 2034 βασιλεύς sowol als anrufung wie als cultname nicht alt ist.
