1600 2468
641 168 1099 203 Was ist eine attische tragödie?
261 248 1500 302 ganzen definition ist . Aristoteles fährt fort, δρώντων καὶ μὴ δι̕
259 301 1503 352 ἀπαγγελίας. insofern hierdurch nur der unterschied vom epos bezeichnet
259 352 1502 397 werden soll, ist es ohne weiteres zutreffend; ich habe dem durch das
257 402 1503 449 wort ‘darstellung’ genüge zu leisten gesucht. aber Aristoteles selbst hat
260 453 1502 498 ohne zweifel mehr darin gesucht und von der tragödie gefordert, daſs sie
259 503 1504 550 ihre handlung im wesentlichen vor augen führen, darstellen und nicht
260 553 1502 597 erzählen soll. eben so wenig werden wir zögern, die forderung als be-
259 604 1502 653 rechtigt anzuerkennen; unser gefühl werden auch die attischen dramen
260 653 1504 703 besonders ansprechen, welche ihr genügen, also z. b. Philoktet und Oedi-
261 704 1502 756 pus, Medeia und Ion. aber für die attische tragödie ist, wie wir gesehen
260 753 1504 802 haben, das dramatische accessorisch, und vollends die μίμησις πράξεως
261 804 1503 856 — δρώντων καὶ μὴ δι̕ ἀπαγγελίας sehen wir zwar von Richard III
262 855 1504 898 Othello Götz erfüllt: allein, wer auf das dramatische das höchste gewicht
261 905 1501 958 legt, dem haben erfahrungsgemäſs die nachahmungen der antike und
261 955 1501 1003 diese selbst nicht genüge geleistet. nicht bloſs die Perser, auch die Sieben
261 1006 1502 1059 geben nicht die handlung, oder doch nur im reflexe, halb episch, halb
259 1057 1502 1110 lyrisch. Aischylos Εὐρώπη ἢ Κᾶρες  können wir uns nach dem pro-
258 1107 1499 1160 loge und der zu grunde liegenden homerischen episode ganz wol vor-
258 1157 1498 1207 stellen, die sorge der mutter um den fernen sohn, den barbarenchor,
259 1208 1500 1256 dem die fremdartige wilde klage geziemt, einen botenbericht, der das Π
259 1258 1495 1306 nacherzählt, Schlaf und Tod mit der leiche Sarpedons, die errichtung des
259 1308 1494 1354 schon von Homer erwähnten grabmals: ein herzzerreiſsendes bild des
258 1359 1493 1404 mutterschmerzes und der früh gebrochenen menschenblüte, versöhnt
259 1409 1493 1459 durch den ewigen ruhm der mannesehre, die im grabe des Aresgefällten
259 1459 1493 1507 das leben hat, ein abbild der empfindungen, welche die Erechtheiden haben
258 1510 1494 1559 mochten, als sie den leichenstein CIA I 433 errichteten: das gibt eine echte
259 1560 1494 1611 attische tragödie, aber ob es ein wirkliches drama gibt, ist mir selbst
259 1611 1493 1656 zweifelhaft. der unterschied zwischen dem abstract von uns geforderten
259 1660 1493 1706 und dem concret in Athen erkannten und erstrebten ist in diesem punkte
259 1711 1493 1760 besonders augenfällig. wir erleben ja aber auch, daſs das dramatische
257 177 316 206 108
404 1793 1493 1831 Wenn man die einheit der handlung so misverstanden hat, daſs nur eine
259 1833 1492 1879 verwickelung erlaubt sein sollte, und demgemäſs die Hekabe und den Herakles des
259 1876 1492 1923 Euripides, Lear und Kaufmann von Venedig getadelt hat, so ist das geschehen, weil
259 1917 1494 1958 man den Aristoteles nicht im urtext zu grunde legte. selbst der Götz genügt der
260 1959 1493 2000 wirklich aristotelischen forderung, mag auch ein gewisses ἐπεισοδιῶδες als vor-
261 2002 1399 2042 wurf mit recht haften bleiben. aber Heinrich IV. oder Faust genügen nicht.
405 2041 1493 2082 Karer bilden den chor, weil sie für die totenklagen geeignet sind. daſs
260 2084 1494 2133 Sarpedon ihr fürst und nur nebenher der der Lykier ist, zeigt, daſs die ausbildung
259 2126 1493 2174 der sage milesisch ist, wohin die verbindung des Sarpedon mit Kreta auch weist:
258 2177 880 2210 denn das hinterland von Milet ist karisch.
