1600 2320
173 209 1383 252 Ἄϱγους Τιμώνασσαν folgt, ist kein widerspruch. denn rechtlich waren
181 259 1385 299 die söhne νόϑοι, wie auch Herodotos einen von ihnen nennt. Peisi-
180 308 1382 351 stratos hat sogar neben der Timonassa die tochter des Megakles ge-
180 357 1382 396 heiratet. es ergibt sich das daraus, daſs in der schlacht bei Pallene (541)
182 407 1380 447 ein sohn der Timonassa ein hilfscorps aus Argos holt. das beweist erstens,
179 456 1380 494 daſs dieser sohn geboren war, ehe der vater zur dritten ehe schritt, wie
179 504 1379 542 ja die gewährsmänner des Aristoteles nur schwanken, ob Timonassa während
180 554 1382 593 der ersten tyrannis oder der ersten verbannung des Peisistratos geheiratet
179 601 1380 638 ward, jedenfalls 560—57. andererseits war es zu keinem bruche mit den ver-
178 650 1379 688 wandten in Argos gekommen, also ist auch keine scheidung von Timo-
177 699 1380 737 nassa erfolgt. im gegenteil. die abneigung des Peisistratos gegen die
175 748 1379 786 aufgenötigte ehe mit einer Athenerin, vollends gegen die erzeugung
175 797 1379 833 weiterer ehelicher söhne, erscheint durch die ehe zur linken hand mit
175 845 1377 878 Timonassa trefflich motivirt. sehr wol verstanden hat das wer auch
173 894 1378 936 immer den Peisistratos seine ehe mit Timonassa gegenüber den bereits
175 942 1378 984 herangewachsenen söhnen Hippias und Hipparchos motiviren läſst “er
173 992 1375 1032 wünsche solche söhne für sich und solche bürger für sein vaterland
173 1034 1372 1075 mehr zu haben” (Plut. Cat. mai. 24), denn er wollte zu der herodoteischen
171 1084 1372 1126 geschichte, der abneigung gegen mehr söhne, ein pendant liefern, da er
173 1131 1375 1173 wuſste, daſs es mehr gegeben hatte, und er kannte genau die zahl und
652 129 905 154 Die Peisistratiden.
1324 138 1382 164 111
311 1210 1374 1247 Mittlerweile hat Kaibel evident ἐπέγημεν verbessert; doch das geht nur
170 1251 331 1278 den stil an.
293 1291 1374 1329 Den namen Koisyra für diese frau hat Töpffer (Att. geneal. 243) mit recht
172 1332 1374 1370 bezweifelt: er hätte ihn beseitigen sollen. κοισυϱεῖσϑαι τὸ μέγα φϱονεῖν Ἐϱετϱιεῖς
170 1373 1372 1409 schol. Ar. Wolk. 46. 48, κεκοισυϱωμένη ἐμπεπλεγμένη Hesych. κοισυϱοῦται κοσμεῖται
169 1412 1372 1449 Theognost bei Cramer An. Ox. II 21, Suid. Κοισύϱα (das andere dort aus dem
169 1453 1373 1490 Aristophanesscholion). weil die vocabel eretrisch ist, heiſst das weib, das Aristo-
170 1494 1372 1533 phanes ἐγκεκοισυϱωμένη, d. h. unanständig geputzt, nennt, eine Eretrierin, und weil
169 1535 1371 1569 der dichter den bauern eine hochadliche dame nehmen läſst, und diese deshalb Με-
167 1575 1371 1614 γακλέους τοῦ Μεγακλέους nennt, kommt sie in das Alkmeonidengeschlecht, als frau
169 1616 1372 1653 oder mutter eines Megakles; ist sie die mutter des ersten, so ist ihr mann dessen vater
166 1656 1371 1693 Alkmeon. das ist alles nichtig. wenn Aristoteles in den Acharnern (614) einen lüderlichen
167 1697 1370 1733 Athener ὁ Κοισύϱας nennt, so ist die deutung desselben auf Megakles, den man nach
167 1739 1370 1773 Wolk. 46 allenfalls als sohn der Koisyra sich erträumen kann, für den scholiasten
167 1779 1369 1818 gegeben, der vorher die Wolken erklärt hat, aber wahrhaftig nicht für Aristophanes,
167 1820 1369 1855 der an die Wolken noch gar nicht denkt. allerdings scheint er in den Acharnern einen
166 1862 1369 1894 bestimmten menschen mit dem ‘sohne der Aufgedonnerten’ zu meinen: den kennen
165 1902 1367 1941 wir nicht. als er die Wolken schrieb, lebte wirklich ein Μεγακλῆς Μεγακλέους τοῦ
163 1941 1370 1979 Ἱπποκϱάτους τοῦ Μεγακλέους Ἀλωπεκῆϑεν, er war auch ein reicher mann (schreiber
165 1984 1368 2021 der schatzmeister Athenas ClA I 122 u. ö.), aber daſs Aristophanes auch nur mit
165 2021 1366 2060 dem ‘onkel Megakles’ (Wolk. 124. 814) ihn gemeint hätte, ist nicht im mindesten
163 2063 374 2088 wahrscheinlich.
