1600 2320
214 222 1424 267 “an dem steine”, der hier gar nicht näher bezeichnet wird. ein ὅϑεν
227 267 1423 315 ἔτι καὶ νῦν οὕτως ὀμνύουσι gesteht in wahrheit zu, daſs der noch
226 322 1422 362 gegenwärtig geltende gebrauch den solonischen erst hat erschlieſsen
227 369 1424 408 lassen. aber den schluſs hat nicht erst der hier so kurz redende schrift-
224 420 1423 459 steller gezogen. und es wird deutlich, daſs er wirklich eine ausführ-
224 468 1425 508 lichere vorlage kürzt, wenn man sieht, daſs in dem darstellenden teile
221 514 1423 560 die ceremonien und locale viel genauer geschildert werden. finden
227 139 265 165 46
741 148 909 173 I. 3. Solon.
224 623 1426 657 so genannt, sondern es ist schlieſslich gleich στήλη, im verhältnisse zu dem fels-
226 660 1425 697 boden, über den sich ein hoher beschriebener stein erhebt. man nennt ja auch eine
224 700 1425 738 einzelne felskuppe ἀκϱωτήϱιον, und manche trägt eine archaische inschrift. Apol-
224 742 1424 776 lodoros hat schon ganz richtig etymologisirt und erklärt. die Korybanten tragen den
223 783 1422 820 namen, wie ihre vettern die Kureten, von der hartracht; sind diese die geschornen,
222 823 1423 859 so tragen jene den hohen wulst, eine κύϱβις κυϱβασία, den man auch κέϱας nannte;
221 860 1038 894 Aristoteles selbst hat κέϱᾳ ἀγλαός Λ 385 so verstanden.
350 901 1424 939 Also sind wir nicht verbunden die feierliche vereidigung der archonten und
224 940 1423 980 die formel ihres eides für solonisch zu halten. sie galt nur noch, war also von Solon
225 980 1423 1018 auch vorgeschrieben, stand sogar vielleicht in seinen gesetzen. aber hier war einmal
224 1021 1424 1060 ein fall, wo der stifter der attischen demokratie für etwas verantwortlich gemacht
224 1062 1422 1099 war, was nicht jünger sondern älter war. denn der schwur, des amtes so zu walten
223 1103 1423 1136 wie unter Akastos, ist vorgeschrieben, als man von Akastos noch etwas wuſste. die
223 1145 1422 1184 buſse besteht nicht in geld, sondern in der weihung einer ‘männerstatue’ (ἀνδϱιάς:
223 1184 1420 1224 das femininum dazu ist κόϱη CIA IV p. 179. so müssen wir die ‘Apollonstatuen’
222 1225 1422 1265 und die ‘tanten’ von der burg nennen: das bedeuten sie, nichts anderes) an den
224 1268 1422 1306 delphischen gott. auch das ist deutlich vorsolonisch. er würde gesagt haben, εὐϑυ-
223 1308 1422 1347 νέσϑω μυϱίασι δϱαχμῇσι. aber es gab noch kein geld, als dieser schwur eingeführt
223 1350 1422 1382 ward, mit dem der adel seine executivbeamten band, die unumschränkt wie die
221 1391 1422 1424 magistrate Roms neben dem rate des Areshügels standen. Solon stellte neben sie
220 1431 1422 1464 die gerichte, über sie εὔϑυνα in verschiedner weise, vor allem durch den rat: er
219 1472 1422 1504 hatte keine veranlassung sie durch bloſs moralische mittel zu bändigen, vielmehr
218 1512 1422 1548 schuf er materielle bande für ihre begehrlichkeit, weil die moralischen nicht genügt
218 1552 309 1577 hatten.
345 1592 1421 1626 55, 5. erst hier erfahren wir die doppelte vereidigung, auf dem markt und
220 1631 1421 1666 auf der burg (hier haben auch die strategen geschworen, Deinarch. 3, 2, vielleicht
219 1668 1421 1702 auch andere). dann wird der stein beschrieben als der “unter dem sich die schwur-
218 1708 1420 1742 opfer befinden.” damit ist ein bestimmter ort bezeichnet; Aristoteles hat die bei
218 1746 1420 1784 Pollux erhaltene genauere angabe “neben der königshalle” fortgelassen. dann sind
218 1786 1420 1824 das also nicht die schwuropfer für den jedesmal zu leistenden eid, sonst könnte
218 1826 1420 1867 man sie ja unter jeden stein legen. auch könnte das nicht τὰ τόμι̕ ἐστίν heiſsen,
219 1866 1420 1901 was vielmehr ihre dauernde anwesenheit fordert. dauernd können keine fleischstücke
218 1901 1419 1944 auf einem stein liegen, folglich ist die lesart ὑφ̕ ᾧ die richtige (Aristoteles würde
218 1939 1419 1989 auch nimmermehr ἐφ̕ ᾧ τὰ τόμι̕ ἐστὶν ἐφ̕ οὗ καί neben einander gestellt haben).
218 1986 1418 2025 die τόμια sind also ganz bestimmte, die einmal zur ewigen bekräftigung auf dem
219 2027 1419 2066 markte unter einem steine vergraben sind, der ihr mal ist. das ist geschehen, als der
219 2068 1420 2109 eid zum ersten male geschworen ward, als die beamten sich der gemeinde gegenüber
