1600 2320
295 228 1493 269 seinen beiden verbannungen heimkehrt, in der Politik der herrschaft
295 276 1492 318 zurechnete, in der genauern erzählung der Politie den verbannungen.
296 323 1492 367 an den zu grunde liegenden attischen archontenjahren ändert das nichts.
295 372 1494 416 die neuen zeugnisse bestätigen also nur, was wir schon wuſsten, erstens, tod
294 421 1494 464 des Peisistratos 528/7 unter dem archon, der erst jetzt namhaft gemacht
294 469 1495 511 wird, Philoneos, zweitens, beginn seiner herrschaft unter archon Komeas, der
294 517 1496 560 mit der belanglosen orthographischen variante als Komias auch gut bekannt
294 567 1496 608 war, 561/60 (nicht 560/59). und auf den ersten blick muſs jeder
295 615 1496 656 leser der Politie, der die jahreszahlen Solon 594 Peisistratos 561 im
294 664 1496 707 kopfe hatte, den schreibfehler 14, 1 berichtigt haben, wo das jahr des
295 711 1495 750 Komeas das zweiunddreiſsigste nach Solon statt des vierunddreiſsigsten heiſst.
377 758 1495 796 So weit ist alles einfach, aber es lehrt wenig neues. die einzel-
293 804 1495 854 posten, die neues versprechen, sind durch böse verderbnisse entstellt.
296 854 1496 891 denn während die summe 33 für die herrschaft des Peisistratos fest-
296 902 1497 944 steht, lesen wir jetzt als einzelposten: erste herrschaft 5 jahre (ἔτει
298 951 1496 994 ἕκτῳ nach Komeas, unter Hegesias), erste verbannung 11 jahre (ἔτει
299 999 1497 1041 δωδεκάτῳ heimkehr), zweite ganz kurze herrschaft 6 (ἔτει μάλιστα
298 1046 1497 1091 ἑβδόμῳ οὐ γὰϱ πολὺν χϱόνον κατέσχεν), zweite verbannung 10 (ἔτει
298 1097 1498 1140 ἑνδεκάτῳ schlacht bei Pallene), worauf die ruhige letzte herrschaft bis
296 1146 1495 1187 Philoneos 528/7 folgt, die jeder leser für die längste unbedingt halten
296 1194 1497 1231 muſs. das ist also vollkommener unsinn, wolbemerkt, in sich ist es wider-
297 1242 1497 1285 spruchsvoll, und ich werde mich auf keinen disput mit einer kritik ein-
296 1291 1498 1331 lassen, die dem Aristoteles zutraut, eine sechsjährige herrschaft ausdrück-
297 1340 1498 1380 lich als kurz zu bezeichnen, nachdem er eben eine fünfjährige ohne
297 1389 1498 1431 bemerkung hat passiren lassen. und wenn jemand sagt, Aristoteles hätte
297 1437 1498 1480 gedankenlos die zahlen aus verschiedenen rechnungen vermischt, wobei
297 1483 1498 1525 ihm selbst nicht wol gewesen wäre, so daſs er die summe der jahre für
298 1532 1498 1575 die verbannungen nicht summirt hätte, so mag der kritiker sich bei seiner
296 1579 1496 1624 kritik ja wol befinden, aber die gedankenlosigkeit ist nicht bei Aristoteles.
295 1627 1497 1669 jeder der sich ein bischen überlegt, was er liest, muſs zwei fehler be-
298 1675 1497 1717 merken, den einen schon gerügten, in der zahl für die zweite herrschaft,
299 1722 1498 1765 den andern in den elf jahren der ersten verbannung, sintemal die summe
296 148 333 175 22
788 150 997 181 1. Chronologie.
440 1823 1498 1858 Diese hauptdaten gut festgestellt von Töpffer quaest. Pisist. 139. die
300 1864 1497 1899 sache ist freilich jetzt viel einfacher geworden, weil schol. Wesp. 502 erledigt ist.
442 1902 1499 1935 Köhler (Sitzber. Berl. 92, 340) hat durch ein mir rätselhaftes versehn be-
300 1942 1028 1978 hauptet, Aristoteles rechne für dieses exil 6 jahre.
441 1982 1498 2017 Mögen sich die kritiker doch einmal überlegen, was γάϱ bedeutet: ἔτει
300 2020 1498 2061 ἑβδόμῳ· οὐ γὰϱ πολὺν χϱόνον κατέσχεν. es bedeutet “wirklich so kurze zeit nur,
301 2063 1378 2097 wie meine zahl angibt, über die sich jeder leser wundern muſs, denn …
