1600 2320
640 120 1001 154 I. 4. Drakons verfassung.
223 195 1421 248 haushaltes notwendig ist. und es ist eine einfache und verständige
222 243 1420 288 gliederung dieser stände, daſs der bauer, der sein land mit der hilfe
221 292 1421 337 seiner frau und des joches ochsen bestellt, wehrhaft ist, weil er seine
220 342 1421 387 volle rüstung neben seinem herde hängen hat, daſs sich über dieser
222 391 1419 435 breiten schicht der hopliten der berittene adel erhebt, dem seine mittel
219 440 1420 487 und neigungen ein pferd zu halten verstatten, und hervorragend aus
220 487 1419 533 diesem adel eine kleinere schar von groſsgrundbesitzern, die sehr äuſser-
219 535 1420 584 lich, aber für die alten verhältnisse zureichend ein ziemlich tief gegriffener
218 583 1419 632 bruttoertrag ihres ackerlandes heraushebt. diese ordnung setzt eine
218 632 1416 675 starke bäuerliche bevölkerung voraus, einen von den bauern nicht eben
219 681 1418 730 stark unterschiedenen ländlichen adel, wirklich groſse güter überhaupt
217 732 1416 770 noch nicht. sie setzt ferner eine landwirtschaft voraus, die wesentlich
216 780 1417 821 auf den körnerbau gerichtet ist; wein mag daneben stehn, aber die
216 827 1416 867 ölproduction und die gartenwirtschaft, die schon um 600 in Athen vor-
216 875 1416 916 waltet, paſst für diese classen so wenig wie die industrie der Peisistra-
216 921 1416 971 tidenzeit. der adel, d. h. die reiterei, ist gegenüber der späteren zeit,
215 969 1414 1018 so sportlustig diese war, unverhältnismäſsig stark: nur vorübergehend
215 1019 1363 1067 in der reichsten periode, um 445, hat Athen drei hipparchen gehabt;
215 1068 1415 1119 411 nahm man die zweizahl zwar für die zukunft in aussicht, begnügte
213 1119 1415 1164 sich aber für die gegenwart mit einem (30, 2. 31, 2). hier steht der
211 1169 1414 1213 plural: das gehört sich für die ritterzeit. die reiterei ist ja nicht überall
210 1217 1414 1265 so heruntergekommen wie in Sparta, wo die ἱππεῖς gar keine pferde
209 1265 1414 1311 haben, aber seit statt der einfachen verpflichtung, daſs der be-
208 1312 1414 1358 sitzer eines ‘rittergutes’ auf eigenem pferde dienen müſste, der staat
207 1363 1420 1407 die equi publici ständig unterhielt, d. h. einer bestimmten zahl pferde-
207 1412 1412 1451 besitzern die unterhaltungskosten zahlte, ist die cavallerie überall an zahl
206 1460 1411 1500 und güte gesunken; auch darin trifft die römische analogie zu. es
207 1510 1410 1550 wundere sich also niemand über die hipparchen Drakons. der fand
207 1557 1408 1594 freilich nicht mehr die einfachen verhältnisse vor, die allein zu den
207 1605 1408 1645 classen paſsten. die meisten bauern waren von ihren gütern vertrieben
207 1651 1409 1698 oder durch ihre verschuldung den gröſseren besitzern frohnpflichtig ge-
206 1698 1407 1741 worden; die herrschenden kreise aber hatten einen besitz, der mit dem
207 1746 1407 1788 ertrage der 500 scheffel zum teil gar nicht getroffen ward, weil er in
206 1791 1406 1839 hypothekenzinsen bestand, zum teil in folge ihrer gröſseren güter und
206 1839 1406 1887 intensiveren landwirtschaft eine viel höhere steuerstufe verlangte, um
206 1886 1405 1932 die wirklich ständisch abgesonderte obere schicht zu fassen. was konnten
224 114 263 141 84
289 1958 1405 2004 οἶκον μὲν πϱώτιστα γυναῖκά τε βοῦν τ̕ ἀϱοτῆϱα Hesiod Erg. 403.
206 1997 1405 2046 Aristoteles Pol. A 1252. — ἡ δ̕ ἀσπὶς ἐν τῷ φεψάλῳ κϱεμίσεται sagt Dikaiopolis.
345 2040 1244 2080 Das hat die inschrift von Nikepyrgos ergeben, CIA IV p. 184.
