1600 2468
216 258 1451 300 der dichter, welchem die tragiker die Atreidengreuel, Euripides eine so
216 307 1453 354 gewalttätig neuernde sagenform wie die seiner Helene verdankt, hat
215 358 1453 401 ohne zweifel noch viel häufiger bestimmend eingewirkt. aber die ver-
213 408 1452 454 suche genauerer nachweisungen sind nicht nur bisher wenig glücklich
215 458 1451 505 gewesen, sondern auch kaum von der zukunft zu erwarten, da keine
214 512 984 553 vermehrung des materiales in aussicht steht.
297 557 1453 604 Elegie und iambos wurden in den schulen gelesen, waren äuſserst
215 609 1452 656 populär, es finden sich auch einzelne bezüge auf sie bei den tragikern ,
214 659 1455 703 aber eine tiefere anregung war hier nicht möglich. die lieder der Lesbier
214 710 1451 751 und Anakreons standen ähnlich, wenn auch von jenen wie von Alkman
216 760 1453 804 wol nur einzelne lieder populär waren . mythisches konnten sie wenig
213 810 1451 855 geben, und die künstliche metrik wird nur noch hie und da eine an-
215 861 1451 906 regung aus ihren einfachen weisen geschöpft haben, während allerdings
213 912 1451 956 Aischylos bei Anakreon nachweislich gelernt hat. vielleicht wird sich aus
213 962 1238 1007 geschichtlicher betrachtung der metrik noch mehr ergeben.
296 1012 1454 1053 Stoffliche ausbeute würde den tragikern die mythographische litte-
214 1063 1450 1105 ratur in reicher fülle geboten haben. denn ohne zweifel hat es davon
212 1112 1452 1157 viel mehr gegeben, als auf die nachwelt kam. ist doch die schriftstellerei
212 1163 1450 1202 des Akusilaos und des in Athen lebenden Leriers Pherekydes , von
211 1213 1451 1258 geringern wie Anaximandros abgesehen, nur so verständlich wie die der
213 1263 1449 1307 nordischen prosaischen sagenbücher, als auflösung des epos. deshalb
217 179 256 208 36
658 175 1025 209 Das leben des Euripides.
211 1378 1448 1416 entführt, und nun ist doch die liebe der götter zu Troia verflogen. da sind die beiden
211 1420 1450 1460 mythen auch in erotischer wendung vereinigt: das mag man zufall nennen, mag auch
210 1459 1451 1500 dem Euripides die hübschen züge selbst zuschreiben, des Ganymedes γυμνάσια καὶ
211 1504 1449 1544 λουτρά (Phoen. 371, Phaeth. 782), und den sternenwagen, obwol letzterer sehr von
211 1544 1450 1582 der attischen weise abweicht, die wir von den vasenbildern her kennen, und ersteres
211 1587 1452 1620 dem dichter der knabenliebe wol ansteht. entscheidend ist die figur der praeteritio,
212 1629 1450 1666 die auf die vorige strophe nicht gehen kann, in der der raub nicht erzählt und Zeus
211 1670 1366 1708 nicht gescholten ist. ein quaerere distuli weist immer auf eine art polemik.
352 1711 1452 1748 Mimnermos vgl. zu v. 637. bemerkenswert ist, daſs Or. 1546 ein spruch
209 1757 909 1790 des Semonides wiedergegeben wird (fgm. 1, 1).
350 1795 1451 1831 Auf Alkaios nimmt Aischylos Sieb. 387 nach den scholien bezug. er war
210 1836 1450 1874 sonst nicht populär in Athen. das einzige von einem Attiker berücksichtigte alk-
209 1879 1450 1916 manische lied (Ar. Vög. 250) ist in der form nicht lakonisch. als Aristophanes aber
209 1920 1445 1958 Lakoner einführte, im schlusse der Lysistrate, griff er nach dem lakonischen poeten.
209 1962 1333 1999 an seine rhythmen gemahnt nur Sophokles öfter, und das wird zufall sein.
351 2004 1448 2037 Die lebenszeit des mannes und alles was seine person angeht ist freilich
209 2045 1449 2079 nur aus dem urteil über sein werk abzuleiten, da jede verläſsliche angabe fehlt.
208 2087 1449 2120 der versuch ihn zu einem Athener zu machen wird hoffentlich keine verwirrung an-
208 2129 1449 2164 richten. wenn die grammatiker einzeln die benutzung der mythographen durch Euri-
208 2171 1321 2210 pides annehmen (schol. Or. 1654 Phoen. 71), so hat das keine beweiskraft.
