1600 2468
26 262 1261 303 den Troerinnen  erkennen, und obwol die anhaltspunkte schwach sind,
26 314 1262 354 darf man wol dem allgemeinen eindruck folgen und den grundstock der
26 364 1262 403 scholien zu diesem drama, wie auch den der noch dürftigeren zur Hekabe
26 415 1263 455 für Didymos in anspruch nehmen . daran ist bei der Medeia nicht zu
1201 180 1259 208 159
582 179 713 213 Didymos.
28 503 1263 540 dabei steht Δίδυμος μέμφεται τούτοις. 362 ebenso und wieder wird Didymos ge-
29 547 1263 581 nannt. 885 führt sich Orestes mit motiven ein, die Euripides allerdings erfunden
30 587 1264 624 hat: Δίδυμος δέ φησι ψευδῆ ταῦτα εἶναι καὶ ἄπιστα. 1077 tadelt Didymos, recht
29 629 1263 664 kleinlich, einen ausdruck, den er für eine schlechte nachahmung Homers hält. danach
29 670 1265 708 wird man ihm auch 616 den tadel zutrauen, wo in dem vorwurf οὐδὲ τρωϑεὶς ἦλϑες
31 712 1265 749 ἐκ Τροίας ein παρὰ τὴν ἱστορίαν gefunden wird, weil Menelaos von Pandaros ge-
31 755 1264 787 schossen ist; es folgen zwei λύσεις, die eine auf dem misverstandenen aristarcheischen
31 796 1264 833 unterschiede von τιτρώσκειν (οὐτάζειν) und βάλλειν beruhend. 1241 wird genau notirt,
31 840 1266 875 in wie weit die von Euripides gegebene sagenform bei Pherekydes bestätigung findet,
32 880 1265 916 der rest wird gescholten διέψευσται. man wird soweit mit sicherheit gehen dürfen,
32 924 1265 959 den tadler überall in Didymos zu finden, den also sein gegner φαύλως ὑπομνη-
31 965 1265 1000 ματισάμενος nennt, zumal der tadel mit der hypothesis in harmonie ist. aber man
32 1007 1265 1043 möchte weiter gehen. 733 wird als κατασυκοφαντεῖν τὸν Εὐριπίδην abgewiesen,
32 1050 1266 1083 daſs einige hier (wie auch 445, wo wieder die hypothesis in ihren verlornen didas-
33 1092 1266 1125 kalischen teilen benutzt ist) an tendenziöse beziehungen auf die zeitgeschichte dachten.
34 1133 1266 1169 die ἔνιαι scheinen doch dieselben mit den φαύλως ὑπομνηματισάμενοι, d. h. Didymos.
34 1166 1266 1210 und ferner wird das παρὰ τὴν ἱστορίαν, wie 885 und 1077 von Didymos, auch 24,
35 1217 1267 1250 224 aufgeworfen, und die befolgte sagenform öfter belegt, darunter 18 mit tadel der
35 1259 1267 1292 νεώτεροι, und die verwandtschaft mit schol. Pind. Nem. 3, 81 ist hier deutlich, und
36 1302 1267 1335 796 wird andererseits benutzung des Pindar angenommen (vgl. oben s. 25). das
35 1344 1268 1377 alles möchte man einem zuschreiben, und das wäre dann Didymos: aber die conse-
36 1386 1268 1418 quenzen dieses schlusses scheinen zur zeit noch zu groſs, als daſs das fundament
35 1427 1267 1461 sie trüge: denn dann würde er der sein, welcher das mythographische in diese
36 1469 1268 1503 scholien gebracht hat. obwol ich das glaube, habe ich im text die frage ganz offen
34 1510 158 1542 gelassen.
180 1552 1269 1586 Genannt ist Didymos nur für die richtige erklärung eines katachrestisch
36 1595 1268 1628 gebrauchten wortes (1079, auch bei Hesych erhalten). man ist gewöhnt auch noch
36 1637 1269 1670 eine zweite (1175) auf ihn zurückzuführen, weil viele lexikographen sich mit ihr
36 1678 1268 1712 berühren (Ael. Dionys bei Eust. 907, 40 Phot. Hes. κῆπος, schol. Thuk. II 62 u. a. m.):
33 1720 1269 1754 jedenfalls spricht die alte gelehrsamkeit dafür, da selbst Eratosthenes citirt wird, der
37 1762 1270 1795 den Euripidesvers in seinem buche über die komödie besprochen hatte. auch 1176 ist
36 1804 1269 1837 in wahrheit sehr gelehrt und geht auf Apollodor zurück (Athen. II 66). die tadelnde
36 1845 1269 1878 kritik ist aber genau dieselbe wie in der Andromache, und es sind noch viel mehr
38 1887 1270 1922 bemerkungen erhalten, 1, 14, 31, 36, 209, 448, 630, 906, 943, 975, 1010, 1049, 1057, 1129,
37 1929 1269 1962 und da hierin die sitte des Euripides öfter notirt wird, so darf man auch stellen
38 1971 1271 2005 wie 628, 989 dahin ziehen, wo sprachliche lieblingswendungen von ihm angemerkt
38 2013 1271 2048 werden. überhaupt sind diese scholien besonders einheitlich: was nicht paraphrase
37 2052 1272 2089 ist, scheint einem zu gehören. auch die mythographischen dinge, so weit sie nicht
37 2096 1269 2129 in den schon berührten scholien stehen, berühren sich mit Andromache und Hekabe;
37 2137 688 2171 doch das liegt vielleicht lediglich am stoffe.
182 2179 1271 2215 Genannt wird Didymos viermal für kritisch exegetisches 13, 736, 847, wo
