1600 2316
225 202 1429 247 ohne grund; war doch eben Eretria durch verrat gefallen. da der
224 249 1429 296 kampf mit Marathon unmöglich zu ende sein konnte, war allerdings eine
224 303 1429 343 consequentere politik notwendig, als man sie 499—94 getrieben hatte.
224 342 1429 389 in der ersten freude war Miltiades herr der lage und er nutzte sie
223 397 1429 440 in tyrannenart aus. sich selbst lieſs er eine flotte mitgeben; was er
222 447 1427 488 mit ihr machte, war seine sache. das ist der weg zur tyrannis, man
222 494 1429 534 kann’s nicht anders nennen. sein zug gegen Paros, an sich wider das
221 542 1429 583 interesse Athens, scheiterte; geschlagen und schwer verwundet kehrte er
221 590 1428 632 heim. aber die Athener waren keine thrakischen Dolonker, die ihren
222 638 1428 680 herrn freudig wieder aufgenommen hatten, als er von der flucht zurück-
221 687 1426 732 kehrte. Xanthippos, Ariphrons sohn, aus einem vornehmen paralischen
219 737 1427 778 geschlechte, der schwager des Megakles, belangte ihn vor dem volke
219 784 1428 827 als ἐξαπατήσας τὸν δῆμον in der nächsten regelmäſsigen versamm-
219 834 1426 871 lung. das volk war so erbittert, daſs es wie später an den feldherren
219 880 1427 922 im Arginusenprocesse selbst richter spielte, und nur das eingreifen des
220 926 1424 967 vorsitzenden bewahrte ihn vor der hinrichtung. die buſse von 50 ta-
220 973 1423 1014 lenten konnte das vermögen des tyrannen tragen; sein sohn ist ein
221 1021 1426 1067 reicher mann geblieben. Miltiades selbst starb an der wunde. zum
564 122 1084 160 II. 3. Von Peisistratos bis Ephialtes.
78 350 203 370 Die besei-
78 375 207 400 tigung der
97 401 185 424 groſsen
106 424 178 445 adels-
97 448 183 471 häuser.
226 121 264 148 86
221 1086 1427 1123 der hätte da oder da einen erhobnen schild gesehn, gewiſs hätte das was zu be-
222 1128 1425 1165 deuten, u. s. w., so ist das ganz der situation gemäſs. natürlich haben sie auch
220 1170 1425 1206 gleich bestimmte personen bezichtigt, lediglich weil sie auf diese verdacht hatten.
219 1212 1426 1250 aber damit ist die geschichte zu ende. eine sehr verkehrte kritik, aber ganz in
218 1253 1425 1290 seinem sinne, ist die des Herodotos, der das factum zugibt und die Alkmeoniden
217 1293 1424 1331 von der schande reinwäscht, lediglich auf die probabilität hin, daſs die befreier un-
218 1332 1425 1371 möglich mit den tyrannen conspiriren konnten. jetzt werden wir wol erleben, daſs
218 1371 1425 1413 die Alkmeoniden bezichtigt werden, aber der schild preisgegeben wird: denn wer
218 1411 1424 1449 selbst von Sunion heraufgefahren ist, selbst auf Brilettos und Lykabettos gestanden
217 1450 1120 1486 und die augen aufgemacht hat, muſs diese fabel durchschauen.
356 1491 1422 1526 Der name Ἀϱίφϱων war den Athenern unverständlich; die ostraka haben
212 1529 1422 1574 Ἀϱϱίφϱων (wie der Athener für Ἀϱσίφϱων ὡς Ἀϱσίνοος Ἀϱσίππη gesprochen hat).
215 1572 1422 1607 in der tat ist diese vorsylbe nicht mehr attisch. es ist also einer der altererbten
216 1614 1423 1647 namen. er steht auch unter den ältesten archonten oder königen. Perikles nannte seinen
214 1654 1422 1691 zweiten sohn Paralos, daher habe ich seine heimat immer in der Paralia gesucht;
215 1694 1423 1730 Παϱάλιος erscheint wirklich als name eines Anagyrasiers CIA II 660. sicherlich mit
216 1734 1421 1770 unrecht hat Töpffer das geschlecht in den Buzygen gesucht, was städtischen adel
216 1771 1421 1809 ergeben würde. sein einziger beweis ist schol. Aristid. pro IV viris 472, 73 Ddf.
216 1809 1422 1853 der scholiast aber hat einen offenbaren irrtum begangen, da er den vers des Eupolis
214 1847 1421 1891 ὁ Βουζύγης ἄϱιστος ἁλιτήϱιος auf Perikles deutet, während er den Buzygen Demo-
214 1890 1421 1935 stratos angeht. der vers ist zudem eine antwort auf eine frage des Perikles, für
213 1929 1419 1969 die eine bezeichnung herzlich schlecht passen würde, die auf Perikles selbst zuträfe.
354 1969 1421 2010 Wir sind gehalten, nur auf Herodot und Platon zu hören. datirt wird der
212 2011 1420 2053 tod des Miltiades auf zwei jahre nach der schlacht in der einleitung der rede des
212 2051 1304 2089 Aristides auf ihn. das ist trug, gemacht um des schuldgefängnisses willen.
