1600 2316
161 220 1373 265 lonios von Acharnai geführt, obwol doch der demos eigentlich allein für
163 278 517 315 das innerattische gilt.
248 317 1375 358 Man wird von den inschriften unter diesen umständen nicht viel
163 365 1374 413 erwarten, und doch liefern sie zu der aristotelischen nachricht im ganzen
163 413 1375 458 die erwünschte illustration. es ist zwar für mich nicht möglich, die der
163 462 1374 506 Peisistratidenzeit von denen der jahre 507—480 zu scheiden, die als
164 511 1375 563 übergangszeit besonders interessant sein müſsten, allein es bleibt die
164 561 1377 611 hauptsache, daſs so ziemlich die ersten drei menschenalter nach einfüh-
166 610 1376 661 rung des demotikons seine vereinigung mit dem vatersnamen der termi-
166 659 1376 708 nologie fremd ist. die menschen nennen sich vielmehr ganz überwiegend,
166 706 1376 753 wie sie es früher getan haben, nach dem vater. ich finde auf privaten
167 753 1378 801 monumenten nur CIA IV p. 205 Φαῖδϱος Πϱοϑυ-Κεφαλῆϑεν und Διο-
1296 754 1378 831 γένης ἀνέϑηκεν Αἰσχύλο hυῦς Κεφαλεός , und dieser mann ionisirt be-
169 851 1377 897 denklich in seiner schrift, macht zudem einen vers. den grabschriften
168 901 1380 951 insbesondere fehlt die später normale form πατϱόϑεν καὶ τοῦ δήμον gänz-
169 952 1381 994 lich. den frauen wird der demos ihres vaters oder gatten ganz selten bei-
170 1000 1382 1053 gefügt (— Εὐμηλίδου γυνὴ Σφηττόϑεν IV p. 99, — Ἀχαϱνέως ϑυγάτηϱ
171 1052 1382 1097 p. 205). auch bei männern ist er ungleich seltener, ich schätze, im ver-
171 1099 1382 1142 hältnis 1 : 4, als der vatersname, und ein Μυϱτίλος Πϱασιεύς IV p. 190
172 1147 1385 1192 oder gar ein Χναιάδης Παλληνεύς IV p. 102 werden wol neubürger
173 1193 1384 1235 sein. vornehme leute verhalten sich gegen den demos fast ganz ablehnend,
174 1241 1383 1288 deswegen z. b. ein Aristokrates der sohn des Skellias, der hipparch Pytho-
174 1291 1385 1337 doros des Epizelos sohn , ein mann wie Kallias Hipponikos  sohn haben
174 1337 1388 1385 ihn wirklich nicht nötig. aber auch geringe leute nennen sich Ὀνήσιμος
175 1388 1387 1437 (ein sclavenname) Σμικύϑου, Κϱίτων Σκύϑου, Φίλων Ἀϱεσίου. wenn
175 1443 1387 1488 ein polemarch in einem gedichte sich Aphidnaeer nennt (IV p. 153), so
1313 138 1372 166 173
586 142 947 173 Der gebrauch des lebens.
259 1514 1388 1554 I 398. es ist kein verfehlter hexameter, sondern es sind zwei regelrechte
176 1552 1388 1596 glieder archilochischer gattung. im IV p. 182 τἀϑηναίαι δεκάτην χοϱίο Ἀϑμονόϑεν.
177 1591 1389 1638 Χαιϱεδέμο, Φιλέα, steht selbstverständlich kein demotikon. die beiden besitzer oder
177 1632 1389 1679 pächter stehn im genetiv unter dem nur von dem schreiber entstellten pentameter.
301 1514 1388 1550 I 398. es ist kein verfehlter hexameter, sondern es sind zwei regelrechte
176 1552 1388 1596 glieder archilochischer gattung. im IV p. 182 τἀϑηναίαι δεκάτην χοϱίο Ἀϑμονόϑεν.
177 1591 1389 1638 Χαιϱεδέμο, Φιλέα, steht selbstverständlich kein demotikon. die beiden besitzer oder
177 1632 1389 1679 pächter stehn im genetiv unter dem nur von dem schreiber entstellten pentameter.
302 1672 1390 1720 IV p. 186. vgl. Ar. 29, 1. mir scheint die lesung des facsimiles immer
179 1712 1390 1759 noch eher auf Ἐπιζήλου zu führen als auf Ἀναφλυστίου, wie Blaſs jetzt will. die
179 1753 1391 1800 urkunde hat, wie jeder wissen soll, weder den vater noch den demos bei dem an-
180 1795 1392 1840 tragsteller angegeben; Aristoteles auch nicht von sich aus, wie sollte er einen Pytho-
180 1836 1393 1875 doros identificiren? also kommt es auf seinen berichterstatter an, und bei dem ist
182 1878 1393 1921 der vatersname ungleich wahrscheinlicher. übrigens war der mann seiner zeit recht
181 1919 1394 1960 bekannt, wenn meine combination über ihn zutrifft. die ist nicht einmal für das
181 1961 1395 2002 reiterdenkmal zwingend, aber doch wol wahrscheinlich: für die Aristotelesstelle hängt
181 2000 1395 2042 alles von der lesung ab. der name Pythodoros ist sehr gewöhnlich. 411/10 fiel
181 2040 1394 2082 ein mann des namens als phylarch der Hippothontis CIA I 448, 3, 59. aus dieser
182 2079 1357 2123 phyle ist Πύϱϱος Πυϑοδώϱου Ἀχεϱδούσιος ende des vierten jahrhunderts II 948.
