1600 2316
251 236 1452 284 oder jener tyrann aufstieg oder fiel. aber das gieng alle an, daſs die
252 285 1454 333 Hellespontische gegend ganz und gar persisch ward, eine insel nach der
250 333 1452 373 anderen unterworfen ward, feste zwingburgen in der satrapie Thrakien
249 381 1455 427 sich erhoben, am Strymon, wo die Hellenen nie vermocht hatten, handels-
249 431 1456 478 städte zu gründen. die erzeugnisse des Pontos erhielt Hellas fortan nur
250 479 1456 526 durch die gnade der Perser: zumal Athen muſste diese veränderte sach-
250 526 1456 577 lage bitter empfinden. der Philaide Miltiades war vasall des groſsherrn so
251 575 1459 627 gut wie Hippias. diese tyrannen empfanden das straffere regiment des
252 625 1459 672 Dareios am peinlichsten, die tributzahlung auf grund einer landvermes-
252 675 1458 722 sung durch königliche beamte, die ständige controlle durch die satrapen,
252 721 1459 768 die nicht selten einzelne personen scharf treffende königliche allgewalt.
252 770 1462 812 so machten sie den versuch, sich des steigenden nationalen bewuſstseins
253 817 1461 862 zu bedienen, das sie selbst nur heuchelten, und Aristagoras von Milet
255 865 1463 909 kam selbst nach Europa um hilfe. Sparta, der vorort des bundes, wies
255 914 1461 952 ihn ab. es verdient weder lob noch tadel, noch soll man nach andern
255 964 1463 1003 motiven suchen: Asien lag ganz auſserhalb seines gesichtskreises: das
256 1013 1462 1047 hat es noch nach Salamis bewiesen. aber die ionischen städte, Athen
257 1060 1463 1103 und Eretria, lieſsen sich verführen, und eine kleine schar ihrer bürger
257 1109 1463 1155 beteiligte sich an der verbrennung von Sardes (wahrscheinlich 499). nach
257 1159 1462 1205 der niederlage bei Ephesos gab Athen die sache Ioniens verloren und
257 1208 1465 1256 glaubte wol, daſs das unüberlegte vorgehen keine folgen haben würde.
258 1258 1466 1305 die einsichtigen aber wuſsten nun, daſs die existenz des staates auf des
258 1316 648 1345 messers schneide stand.
342 1356 1465 1393 Die demokratische zeit leitet sich in der besten und vornehmsten
261 1402 1468 1449 weise damit ein, daſs die personen der führer hinter dem volke ver-
261 1451 1466 1496 schwinden. die ersten glänzenden siege sind an keines feldherrn namen
262 1499 1467 1548 geknüpft; von leitenden staatsmännern hört man nichts. für die ein-
241 1550 1469 1592 sicht in die zeitgeschichte ist das bedauerlich, denn so wenig wie auch
587 157 1105 189 II. 3. Von Peisistratos bis Ephialtes.
250 163 287 190 80
410 1645 1470 1682 Die anekdote (Herod. 7, 147) spricht das gut so aus, daſs sie Xerxes die
264 1683 1470 1724 getreideschiffe den Hellespont passiren läſst, weil sie in ‘seine provinz’ Hellas führen.
407 1723 1472 1764 Vollends eine unmöglichkeit ist, daſs die Skythen sich um seine beihilfe
265 1762 1473 1803 bemüht haben sollen, Herod. 6, 84. die entstehung dieser fabel hat Nöldeke richtig
268 1802 1473 1841 beurteilt (Gesch. Irans 36). sie richtet sich schon dadurch, daſs sie in der erzählung
267 1846 1021 1879 des Skythenkrieges selbst nicht berücksichtigt wird.
416 1882 1474 1913 Eretria hat mindestens einen teil von Euboia beherrscht. die Perser
268 1921 1474 1958 nehmen ja auch 490 zunächst Karystos, das durch den fall Eretrias frei wird und
268 1962 1473 2000 sich gegen das attische Reich sträubt. aber auch die nächstliegenden Kykladen
267 2002 1475 2036 werden unter Eretrias hoheit gestanden haben; Simonides hat zuerst für Eretrier
268 2043 1476 2086 gedichtet. daſs es mit Athen gegen Chalkis gestanden hat und einen teil von der
268 2085 950 2122 beute erhalten, ist eine ganz sichere folgerung.
