1600 2316
642 139 1030 172 II. 6. Trittyen und demen.
235 221 1440 261 stoteles so wenig wie die Atthis sich den geschlechterstaat wirklich klar
234 272 440 307 gemacht hat.
316 318 1440 358 Kleisthenes machte also zehn phylen und benannte sie nach den
233 366 1441 407 zehn eponymen, die die Pythia aus der liste von hundert alten fürsten
233 415 1440 458 (ἀϱχηγέται) auswählte. unter sie verteilte er das land so, daſs jede von
233 464 1443 501 ihnen einen strich landes in der nähe der stadt, einen im binnenlande,
234 512 684 543 einen an der küste erhielt.
316 561 1441 601 Das ist das neue. Attika zerfiel fortan in drei geschlossene massen,
234 609 1442 650 stadt-, land-, küstenprovinz, um bequeme namen zu stiften; jede pro-
234 659 1444 699 vinz zerfiel in zehn kreise; für die verwaltung gehört aber nicht die
234 708 1444 747 provinz zusammen, sondern je ein kreis jeder provinz. diese einheit
234 758 1442 797 führt den dem geschlechterstaat entlehnten namen phyle, stamm; und
235 805 1444 842 die kreise heiſsen von ihrem verhältnisse zu dem stamme drittel, trittyen.
235 852 1445 890 die absicht des gesetzgebers muſste sein, für die phylen eine möglichst
237 898 1424 937 gleiche leistungsfähigkeit, sowol militärisch wie finanziell, zu erzielen;
237 947 1445 984 minder nötig war das schon für die kreise. auf die räumliche aus-
238 995 1446 1034 gleichung kam nichts an, und in Attikas bergen und ödländereien war
237 1043 1444 1084 sie gar nicht einmal anzustreben. wie viele gemeinden endlich in einem
238 1093 1445 1138 kreise oder einer phyle waren, machte für die organisation sehr wenig
237 1144 1445 1188 aus. es konnten dafür die praktischen rücksichten auf die ansiedelung
236 1195 1444 1236 und bevölkerungsdichtigkeit innerhalb des kreises ganz ausschlieſslich
234 1245 1443 1286 maſsgebend sein; darum sind auch auf diesem gebiete veränderungen
235 1294 1446 1333 vorgekommen, ohne daſs sie die verfassung berührten, so daſs wir über
236 1344 1445 1383 so etwas wie die teilung einer gemeinde oder auch die verleihung des
237 1390 1443 1430 gemeinderechtes an eine neue siedelung niemals etwas hören, es sei denn
236 1437 1446 1480 in verbindung mit der phylenverfassung. wichtig ist nach dieser seite
237 1486 1445 1529 nur die rechtliche zerstörung der hauptstadt, an deren stelle eine pro-
235 1536 1444 1577 vinz tritt. darüber brauche ich meine früheren ausführungen weder zu
235 1585 723 1616 ändern noch zu wiederholen.
317 1634 1446 1674 Aber sonst ist es gut zunächst irrtümer einzugestehn und zu be-
237 1683 1446 1723 richtigen. es hat also niemals hundert demen gegeben, überhaupt keine
80 325 217 351 Die teilung
81 350 215 371 des landes.
235 138 294 166 148
83 1642 227 1665 Die zahl der
113 1666 197 1689 demen.
240 1792 1444 1824 ausgeglichen wären, was dann freilich tiefeinschneidende umgestaltungen des reinen
242 1828 1445 1871 geschlechterstaates voraussetzen würde. dann wären bereits in jeder adelsphyle
240 1866 1448 1904 die drei landesteile, stadt, binnenland und küste, vertreten gewesen, also zwölf
240 1909 1446 1947 compacte massen als grundlage für die dreiſsig trittyen der neuen ordnung. und
240 1947 1448 1985 mit den drei landesteilen könnte man die drei parteien, von denen die küstenbevöl-
241 1987 1444 2026 kerung wirklich eine ist, oder die drei stände, von denen die eupatriden städtisch
240 2029 1446 2072 sein könnten, auszugleichen versuchen. allein ich scheue mich vor solchen ledig-
238 2069 840 2102 lich auf die zahl gebauten combinationen.
