1600 2468
564 192 964 237 Reste der gesammtausgabe.
127 270 1378 334 maſslos verwüstet ist, unterscheiden  und das ursprüngliche erkennen
125 319 1379 388 lehren. die andern stücke hat P nicht aus der gemeinsamen vorlage ab-
124 371 1378 431 geschrieben, sondern sich einen text zurecht gemacht, teils aus dieser vor-
124 418 1376 486 lage, teils aus einer nicht bedeutenden handschrift von der sippe VB etwa.
123 469 1374 532 das mischungsverhältnis ist verschieden; in den drei ersten stücken und
122 519 1375 582 Andromache folgt er mehr dem vulgären, in Rhesos und Alkestis stimmt er
122 570 1372 636 mehr zu C: es leuchtet ein, daſs P für diese dramen ganz wertlos ist; es sei
120 619 1369 685 denn, er hilft einmal eine überschmierte lesart von C erkennen . nun
119 669 1371 732 hat er aber auch Troerinnen, die in C fehlen, und zwar stark abweichend
119 722 1369 791 von V., also nicht aus jener überlieferung, und die Bakchen vollständig,
1321 214 1380 244 209
129 2223 1127 2264 v. Wilamowitz I. 14
277 839 1367 894 Der corrector war kein gescheidter mann, und metrisch namentlich hat
116 882 1364 936 er nur gesündigt. dennoch hat er im Herakles an 8 stellen kleinigkeiten wirklich
116 919 258 954 berichtigt.
270 964 1364 1023 E. Bruhn (lucubr. Eurip. 255) hat versucht die contamination von P, nach-
113 1002 1362 1061 dem Prinz sie für die drei ersten stücke schon zugegeben hatte, auf die Andromache
112 1046 1360 1107 zu beschränken, weil er eimen jungen Turiner codex aufgefunden hat, der ganz zu P
111 1087 1360 1144 stimmt: aber der codex ist zu jung, als daſs P aus ihm geschöpft haben könnte und in
110 1128 1358 1187 seiner vorlage können gern mehr stücke gestanden haben. ganz übrigens kann Bruhn
109 1169 1359 1229 das eindringen von fremden Ilesarten auch sonst nicht leugnen, meint aber C starker inter-
108 1212 1358 1270 polation überführen zu können. indessen spricht da die reihe der neun stücke zu ver-
109 1254 1356 1312 nehmlich, die wirklich C und P aus derselben vorlage haben. auſserdem kann ein über-
106 1295 1355 1359 einstimmen mit Par. B in der Alkestis wahrlich nichts für interpolation beweisen, wie
105 1335 1354 1403 die obige übersicht der überlieferung lehrt. das sind fälle wie sie z. b. im Hippolytos
105 1377 1353 1437 häufig sind, wo C zu M stehen würde. minutien wie accente und dgl. kommen über-
103 1418 1353 1479 haupt nicht in betracht, und correcturen in C für den schreiber auch nicht. somit
103 1461 1350 1521 fällt die zudem äuſserst verwickelte verhältnisse für P voraussetzende ansicht. den
100 1502 1349 1567 berühmten vers der Medeia 1078 ϰαὶ μανϑάνω μὲν οἷα δρᾶν μέλλω ϰαϰά acceptire ich
99 1544 1348 1604 als schiboleth. hie C und alle zeugnisse seit Chrysippos zeit, da P und alle anderen
99 1586 1349 1651 handschriften. da meint Bruhn lieber, C habe aus dem gedächtnis geändert (war
98 1628 1346 1687 im 13. jahrhundert der vers noch fliegendes wort?), nicht P, wie doch sonst auch
97 1671 1345 1735 nach seinem urteil, aus der vulgärüberlieferung. schlimmer ist freilich, daſs Euripides
93 1710 1344 1776 τολμήσω für δρᾶν μέλλω zugetraut wird. “ich erkenne wol die verbrechen, zu
93 1753 1344 1812 denen ich mich entschlieſsen werde”, statt “die ich begehen werde, aber die leiden-
92 1797 1342 1854 schaft ist stärker als meine überlegung”. die leidenschaft ist etwas, das sie als
91 1837 1341 1898 eine andere person empfindet, deren werkzeug sie nur ist. daher sagt sie nicht
91 1876 1340 1945 δράσω, was an sich gienge, sondern setzt die periphrase, die uns so recht zeigt,
88 1919 1339 1983 daſs sie über kurz oder lang beim δρᾶν ankommen wird (man muſs doch μέλλω in
87 1964 1338 2027 seiner ganzen bedeutungsfülle wie ein Grieche empfinden): τολμήσω, was den eignen
86 2007 1337 2068 entschluſs einschlieſst, kann sie nicht sagen, ohne die selbstverteidigung aufzugeben.
84 2045 1337 2104 ἐτόλμησα φονεῦσαι sagt der ἑϰὼν φονεύς, έμέλλησα φονεῦσαι der ἄϰων. daſs der
83 2088 1337 2145 Χριστὸς πάσχων die lesarten von CP rein wiedergäbe, hätte Bruhn nicht auf Kirch-
83 2128 1336 2194 hoffs autorität weiter sagen sollen: das war durch die arbeiten von A. Doering
80 2170 224 2206 berichtigt.
