1600 2660
657 209 1354 280 Cap. X. Von denen Dingen,
505 307 1477 380 Materie, daraus die Edelgeſteine entſtehen,
507 367 1475 434 nicht eigenthuͤmlich iſt, kan man daraus er-
507 427 1473 501 ſehen, weil ſie im Feuer dieſelbe verlieren.
509 487 1474 563 Daher kommet es, daß die gebrandte Sa-
508 548 1472 631 phire wie Diamanten ſehen, unerachtet ſie
509 610 1315 685 ihnen an Haͤrte nicht gleich kommen. Es
507 672 1472 750 bringet auch Boyle  Erempel von Edel-
506 738 1470 818 geſteinen bey, die zum Theil ungefaͤrbet ge-
505 804 1468 880 weſen. Dem Glaſe giebt man dergleichen
504 863 1468 943 Farben, wie die Edelgeſteine haben, durch
503 928 1466 1003 Mineralien, wovon Antonius Neri  und
501 989 1466 1068 Chriſtophorus Merettus  die beſte Nach-
502 1053 1465 1122 richt ertheilen. Man findet darunter eine
504 1111 1464 1185 Materie , da Nerus dem Chryſtalle die
501 1170 1462 1246 ſchoͤnſte Farben durch bloſſen mineraliſchen
503 1233 1462 1304 Dampff gegeben dergleichen Rubine, To-
498 1296 1461 1371 paſe, Opale und andere Edelgeſteine ha-
497 1356 1463 1427 ben. Da nun in der Gegend, wo man Edel-
497 1419 1461 1493 geſteine findet auch mineraliſche Adern vor-
495 1479 1457 1561 handen, uͤber dieſes Bergwerckskundigen
496 1548 1458 1622 unterirrdiſche mineraliſche Daͤmpffe nicht
494 1605 1459 1685 unbekandt ſind; ſo hat man wohl keine Urſa-
490 1666 1458 1745 che daran zuzweiffeln, daß nicht auch die
493 1723 1456 1807 aͤchten Edelgeſteine durch einen bloſſen mi-
493 1794 1452 1924 neraliſchen Dampff ihre Farbe erhalten.
510 218 593 265 584
1399 1878 1454 1926 Und
622 1990 1450 2056 in ſpecimine de gemmarum origine &
594 2044 1139 2102 virtutibus ſect. 1. p. m. 13.
619 2096 1450 2163 de Arte vitraria c. 32. & ſeqq. 60. & ſeqq
609 2148 1102 2202 in Notis ad Neri libros.
619 2205 883 2254 c. 74. p. 136.
