1600 2762
449 103 1157 146 VIII. Die Langlebigkeit der Patriarchen.
112 209 1496 263 riſchen Ausleger im 16. und 17. Jahrhundert ſchloſſen ſich dem
114 281 1497 338 Reformator hierin an (Brenz, Chriſtian Chemnitz, Gerhard, Seba-
112 357 1496 410 ſtian Schmid, Calov). Und entgegen dem die Erlaubtheit des
112 429 1497 483 Fleiſcheſſens auch ſchon für die vorfluthliche Menſchheit beſtimmt
111 504 1497 556 behauptenden Calvin — welchem hauptſächlich nur Andreas Rivet
112 577 1496 629 in Leiden und I. H. Heidegger in Zürich ſich anſchloſſen — hielt
114 650 1496 703 auch die Mehrheit der Reformirten bis ins 18. Jahrhundert hinein
112 726 1496 777 an der Annahme ſtreng vegetarianiſcher Sitte der Frommen in vor-
112 797 1493 850 noachiſcher Zeit feſt (Zwingli, Musculus, Petr. Martyr, Junius,
113 871 1496 923 Piscator, Lightfoot). Beſonders angelegentlich vertheidigten die armi-
112 945 1494 997 nianiſchen Exegeten (Grotius, Clericus ꝛc.) dieſe Auffaſſung; einer
112 1020 1494 1071 derſelben führte ſowohl Ovids poëtiſche Schilderung der unſchul-
112 1094 1494 1144 digen Menſchheit des goldnen Zeitalters, als die Vorliebe kleiner
110 1167 1494 1218 Kinder für den Genuß von Obſt und Früchten als Beſtätigungs-
111 1243 1491 1293 gründe dafür an, daß die Erzväter Fruchteſſer geweſen ſein müßten,
112 1313 1493 1365 dehnte dabei auch das Blutverbot 1 Moſ. 9, 4 rückwärts auf die
110 1388 1489 1440 vornoachiſche Zeit aus und behauptete obendrein die Giltigkeit dieſes
108 1460 1493 1513 Verbots auch noch für die Chriſtenheit. Dieſen ascetiſirenden
109 1535 1492 1587 Anwandlungen begann man erſt gegen das 18. Jahrhundert ſich
109 1607 1492 1660 allgemeiner zu entwinden. Nachdem Einzelne in Vertheidigung der-
109 1681 1492 1732 artiger mittlerer Anſichten wie: bloß unreine Thiere ſeien den vor-
108 1754 1470 1807 fluthlichen Menſchen von Gott verboten geweſen (Hoſemann), oder:
109 1827 1490 1881 bei der „in Wolluſt erſoffenen‟ kainitiſchen Race habe allerdings
108 1901 1489 1956 ſchon reichlicher Fleiſchgenuß ſtattgehabt (Gerh. I. Voſſius; Delany
114 109 190 147 276
241 2005 1490 2048 Calvin, Comm. in Genes., Genev. 1563; A. Rivet, Exercitatt.
104 2067 1483 2114 theoll. et scholastt. in l. 1 Mos., qui Genesis inscribitur, Roterod. 1651;
104 2130 1487 2175 I. H. Heidegger, De libertate christianorum a re cibaria, Amstelod.
108 2194 1361 2239 1662, ſowie: Exercitatt. selectae de hist. patriarcharum, ib. 1667.
245 2257 1490 2301 So Stephan Curcelläus: Diatribe de esu sanguinis inter
107 2320 1488 2365 Christianos, Amstelod. 1659 — gegen welche Schrift dann Heidegger in der
104 2384 1487 2430 angeführten Abth. De libertate ꝛc. auftrat. — Claſſikerparallelen und ſonſtige
104 2447 1487 2489 außerbibliſche Zeugniſſe für eine abstinentia ab esu animalium bei den älteſten
104 2510 1486 2555 Menſchen führte auch Gerh. Joh. Voſſius De relig. gentilium ſehr angelegent-
103 2573 229 2615 lich an.
