1600 2748
107 220 1477 277 jüngſten Ultramontanismus, wie Kleutgen, Scheeben ꝛc.  Auch
110 294 1479 347 außerhalb dieſer römiſch-kirchlichen Kreiſe erhielt die Entartungs-
109 367 1479 420 theorie theils in ſtrengerer theils in irgendwie gemilderter Faſſung
110 439 1479 490 eine Reihe namhafter Vertreter. Kein Geringerer als der große
110 513 1479 564 Geograph C. Ritter huldigte mit Begeiſterung der Annahme eines
110 585 1482 636 einſtigen Ur-Monotheismus als gemeinſamen Ausgangspunkts für
111 657 1481 708 die Entwicklung aller heidniſchen Culte und Mythen, wie er dieß
111 730 1482 781 ſchon in ſeiner etwas phantaſtiſch angelegten „Vorhalle europäiſcher
110 802 1481 854 Völkergeſchichte vor Herodot‟ (1818) darzulegen verſuchte, aber auch
111 875 1483 926 ſpäter noch mit Entſchiedenheit vertrat. Ein nicht minder energiſcher
111 948 1485 998 Vertheidiger der Degradationslehre war bis zu ſeinem Tode der
113 1019 1485 1071 berühmte Braſilienforſcher und Botaniker Martius († 1868), der
115 1091 1485 1145 „König im Reiche der Palmen‟.  Bei G. H. v. Schubert wirkte
115 1165 1485 1217 Beides, der nachwirkende Einfluß Schellingſcher Naturphiloſophie
112 1239 1486 1291 und eine ſtreng bibelgläubige Haltung, dahin zuſammen, ihn zu
114 1310 1485 1363 einem eifrigen Vertreter der Annahme eines ſündloſen Urſtands und
115 1384 1485 1437 Gegner der Naturmenſchen-Hypotheſe Rouſſeau’s und ſeiner Schule
115 1457 1487 1510 zu machen.  Aber auch manche nicht-orthodoxe Schellingianer hielten,
116 1531 1487 1582 — gleich ihrem Meiſter ſelbſt, der trotz ſeiner Bevorzugung poly-
116 1604 1487 1655 geniſtiſcher Vorſtellungen doch ſtets einen Urmonotheismus lehrte
115 1677 1487 1728 und den Satz vertheidigte: es gebe keinen Zuſtand der Barbarei,
118 1750 1487 1801 der nicht aus einer untergegangenen Cultur hervorgegangen wäre —
117 1822 1489 1874 am Grundgedanken einer reineren Urbeſchaffenheit und monotheiſtiſchen
118 1896 1487 1947 Religioſität der erſten Menſchen feſt. So der „Panentheiſt‟ Krauſe,
1400 117 1472 155 127
360 116 1220 158 IV. Die Oppoſition des modernen Naturalismus.
118 1998 1489 2041 Baaders, ſowie derjenigen Laſaulx’s ſ. Rocholl, S. 158—163. Ueber Leop.
120 2061 1489 2104 Schmid als anfänglichen Jünger des Molitorſchen Kabbalismus in ſeinem
118 2124 1492 2168 myſtiſchen Geneſis-Commentar (1834) ſ. m. Geſchichte der Beziehungen ꝛc.
120 2186 256 2225 II, 527.
253 2249 1490 2291 Kleutgen, Die Theologie der Vorzeit, II, 595. — Scheeben, Die
121 2314 821 2355 Myſterien des Chriſtenthums, S. 204 ff.
252 2376 1488 2419 Wegen Ritters vgl. G. Kramer, Carl Ritter; ein Lebensbild ꝛc.
121 2433 1491 2480 Halle 1864, I, 290. 415 ff. 443 ff.; wegen Martius’ ſ. Biographie von
122 2499 1116 2543 Hugo Schramm 1869, ſowie „Ausland‟ 1869, Nr. 38.
258 2563 1492 2605 Siehe beſ. die Ausführungen in ſeiner Selbſtbiographie, I, S. 178 ff.
