1600 2748
108 204 1474 255 Flexion einſtmalige Agglutination als rohere Urform vorangegangen
107 276 1474 327 ſei, der Arier alſo früher ſeine ſprachlichen Bildungen in der einver-
109 349 1474 399 leibenden Manier der Turanier vollzogen hätte, dieſe ſ. Z. von
108 420 1475 472 Bunſen, Max Müller ꝛc. angelegentlich vertretene Meinung iſt längſt
110 492 1474 544 als unhaltbar dargethan. Der Arier iſt „kein Tatar mit ſchlechtem
110 565 1474 616 Gedächtniß;‟ die Sprachen der höchſtcultivirten und auch am mäch-
110 638 1475 690 tigſten ausgebreiteten Stämme — 5—600 Millionen Menſchen
109 711 1473 765 umfaſſend und ſowohl Jndo-Europäer als Semiten und Hamiten
112 784 1474 836 oder Nord-Afrikaner in ſich ſchließend — reichen bis ins graueſte
110 856 1475 909 Dunkel der geſchichtlichen Vergangenheit zurück, ohne eine ſichre Spur
112 930 1474 980 des Vorhergegangenſeins niedrigerer Formen erkennen zu geben.
110 1003 1475 1053 Jhr großentheils ſo reichgegliederter Bau mit ſeiner üppigen Form-
110 1075 1475 1127 fülle und ſeinen ausgebildeten Flexionsgeſetzen nimmt ſich ganz wie
112 1149 1476 1200 eine originale Schöpfung aus. Es könnte vielleicht eher ein Hervor-
112 1222 1476 1273 gegangenſein derartiger einſilbiger Jdiome wie das Chineſiſche oder
114 1295 1476 1346 wie die Sprachen Hinterindiens aus ſolchen vollkommnen Bildungen
114 1365 1478 1418 wie Sanscrit, Zend, Altgriechiſch, Gothiſch, behauptet und mit ein-
113 1441 1478 1490 leuchtenden Beiſpielen belegt werden, als der umgekehrte Vorgang
115 1511 1479 1564 einer Entwicklung jener zu dieſen. Uebrigens iſt ſpeciell das Chineſiſche,
115 1584 1480 1637 wenn auch eine einſilbige, doch keineswegs eine beſonders primitive,
115 1658 1481 1710 aus rohen Naturlauten gebildete Sprache, ſteht vielmehr, entſprechend
118 1733 1483 1783 dem uralten hohen Culturgrad des chineſiſchen Volks, ſeinem ganzen
117 1805 1482 1857 Charakter nach höher, als die meiſten der ſ. g. agglutinirenden
117 1879 1483 1931 Sprachen. Gerade dieſe letzteren repräſentiren in vieler Hinſicht
118 1952 1487 2004 die geiſtig am tiefſten ſtehende Stufe und gemahnen beſonders ſtark
117 2026 1017 2076 an Verwitterungs- oder Verweſungsproducte.
296 97 1279 139 VI. Sprach-, religions- und culturgeſchichtliche Jnſtanzen.
1396 101 1474 140 185
251 2106 1483 2159 So früher ſchon durch Pott, die Ungleichheit der menſchlichen Racen,
118 2169 1485 2211 S. 202. 242 ff.; weiterhin durch Fick, de Sauſſure, Brugman, Sayce ꝛc.
116 2232 1206 2275 Vgl. den Letzteren in der „Academy‟, 21. June 1879, p. 545.
249 2294 1487 2337 Vgl. die neueren Verſuche zur Erweiſung einer Ureinheit des Chineſiſchen
117 2355 1474 2398 mit den ariſchen Sprachen; ſo von Joſ. Edkins (China’s place in philology
115 2401 1491 2462 Lond. 1872), von Guſtav Schlegel (Sinico-Aryaca, Batavie 1872), von
115 2480 1489 2523 Waſſiliew u. AA. (Ausland 1873, Nr. 32; Gött. Gel.-Anz. 1877, St. 11’
116 2545 322 2585 S. 321 ff.).
